3114 5356
134 291 197 355 284
591 310 594 315 ·
702 284 865 349 CHAlllSll

187 405 522 555 ¹l·ll‘llrllnycterismon·‚
546 473 574 532 iil
595 480 642 533 est
661 472 791 535 derisam
810 471 973 551 quendam,
996 478 1057 531 tam
1076 487 1165 549 qoam
1267 410 1282 453 l
1307 399 1345 443 m
1357 396 1380 442 k

302 575 377 637 ridi
398 584 449 649 te,
468 573 607 647 Vlixes,
630 593 718 636 saxo
741 581 974 636 sternentem
997 572 1182 646 llectora,
1231 633 1233 637 .

301 678 377 740 virli
398 684 589 755 tegentem
616 675 741 755 clipeo
763 677 926 738 classem
947 675 1132 736 Doricam:

302 798 369 858 ego
397 787 484 841 tnnc
510 776 719 859 pudendam
745 778 917 859 trepidus
944 771 1139 862 [pedihus]
1170 777 1349 838 hortabar
1375 778 1425 838 111-

1012 896 1098 957 gam.
1434 894 1444 935 1

138 986 326 1048 haecomnia
346 983 444 1045 deriso
467 981 593 1061 quodam
615 961 692 1044 (licta
715 992 784 1044 sant
805 1003 820 1043 a
842 981 955 1043 fortiori
976 979 1012 1041 ad
1032 997 1091 1039 non
1113 979 1228 1041 fortem.

223 1088 279 1147 Per
296 1085 483 1167 piamlipsim‚
507 1085 548 1162 [in
569 1086 638 1162 quo]
662 1104 729 1146 cum
752 1083 886 1146 volumus
907 1088 1048 1162 negantes
1072 1079 1181 1158 aliquid
1203 1079 1349 1154 indicare,
1377 1088 1426 1141 111111

161 1209 227 1251 iiam

122 1209 158 1286 'q
302 1291 373 1333 non
394 1289 640 1332 commemoro
659 1271 758 1348 quob
778 1269 959 1331 draconis
983 1266 1081 1328 saevi
1103 1265 1227 1345 sopiri
1247 1267 1428 1347 impetum,

304 1391 377 1435 oon
408 1372 506 1451 quod
536 1370 657 1433 ‹lomui
687 1370 757 1430 rim
787 1379 982 1432 taurorum
1020 1376 1056 1428 et
1090 1367 1235 1445 segetis
1274 1370 1458 1430 armataeii

1015 1487 1153 1529 manus·

225 1559 281 1620 Per
301 1557 490 1634 ethologian,
513 1565 545 1617 ot

591 1638 1273 1719 111111111111011111,1’11111111111’01,

305 1743 357 1804 ‘ni
380 1743 512 1806 mirum
533 1743 593 1805 nic
616 1750 672 1803 cst
693 1741 760 1803 ille
781 1741 836 1803 vir
857 1741 947 1803 talis
972 1743 1090 1802 tantis
1117 1740 1254 1822 opibus
1277 1758 1430 1819 praepo·

1013 1851 1106 1904 tens.
1442 1870 1459 1911 o

306 1946 368 2007 ubi
389 1965 486 2008 nunc
508 1951 565 2007 eet
586 1946 770 2007 secundis
792 1944 903 2006 rebus
923 1945 1089 2005 adiutrix
1108 1989 1332 2004 ........
1336 1943 1366 2003 ⁹?

227 2049 283 2110 Per
299 2047 561 2130 prosopopoeiam,
585 2066 652 2108 cum
672 2047 826 2126 loquentes
841 2049 992 2124 lirrgnntur
1008 2045 1057 2124 qui
1078 2045 1150 2108 nulli
1173 2053 1257 2121 sunt,
1279 2055 1431 2125 tanlquam

309 2151 339 2213 si
361 2169 459 2210 norrc
477 2148 603 2209 rcrlire
622 2157 753 2228 posset
776 2148 819 2207 ad
841 2167 1001 2228 superos
1026 2155 1147 2226 pater,

308 2251 369 2332 qui
392 2259 428 2312 te
450 2258 615 2313 tutamen
637 2253 719 2313 iore
741 2258 919 2331 sperarat
940 2247 1104 2309 familiae

216 2382 299 2388 -—-.-
332 2382 343 2387 ..
387 2379 479 2386 .-----.

143 2440 169 2490 N

143 2562 191 2611 Per
207 2520 385 2626 mpcgterismon
409 2558 452 2607 ide
475 2556 587 2607 derisum
610 2555 693 2619 adam
717 2562 846 2618 tamquam
869 2556 923 2606 111111
940 2563 966 2605 tc
983 2556 1069 2606 ulixes
1087 2569 1150 2605 sexo
1170 2563 1325 2606 sternentem
1340 2553 1372 2604 he

142 2662 192 2714 pso
211 2647 318 2696 classem
341 2644 454 2693 doricam
476 2656 524 2706 ego
546 2648 606 2688 tunc
628 2639 750 2703 pudendi
770 2642 886 2705 trepidus
910 2641 997 2707 pedib:
1017 2641 1140 2691 hortabar
1169 2642 1258 2708 lugam
1282 2658 1300 2692 :-
1327 2641 1344 2690 ll
1365 2641 1403 2692 om
1456 2639 1468 2688 i

143 2734 196 2781 risu
212 2730 321 2793 quodam
340 2728 409 2778 dicta
426 2730 440 2776 i
458 2742 480 2787 a!
491 2725 590 2775 fortiori
609 2726 641 2774 ad
660 2722 782 2776 irlortom
798 2722 836 2793 ,11
857 2742 928 2778 moro
945 2742 970 2793 ep
987 2728 1077 2779 latroni
1096 2731 1173 2778 stetui
1191 2730 1308 2794 oppressi
1322 2738 1347 2779 11
1359 2729 1413 2778 dom
1446 2727 1469 2778 10

143 2817 190 2866 Per
210 2814 360 2880 paralipsim
385 2814 411 2861 in
438 2829 487 2874 (poc
513 2813 544 2860 cir
571 2810 689 2861 nolumus
719 2820 841 2877 negantes
871 2813 969 2875 aliquid
994 2817 1107 2866 indicare
1133 2823 1261 2879 tamquam
1291 2830 1340 2864 non
1364 2828 1414 2863 com

143 2904 193 2952 ista
215 2898 303 2947 nitori
327 2906 352 2948 et
375 2898 472 2963 segetis
493 2905 591 2947 armata
615 2911 704 2947 manns
726 2932 733 2944 .
759 2894 784 2963 lt
800 2901 909 2964 ppotons
931 2902 975 2950 ubi
999 2917 1065 2951 nunc
1086 2903 1206 2952 secundis
1229 2901 1306 2951 rebus
1329 2901 1362 2950 ad
1448 2898 1470 2952 li

144 2987 191 3036 Per
211 2984 364 3049 ethologiem
392 2992 418 3031 ut
442 2984 465 3033 si
489 2983 547 3046 quis
572 2998 612 3032 me
636 2984 721 3033 uideat
744 2984 811 3033 dicat
834 2987 927 3036 nimirir
954 2987 996 3037 lric
1025 2992 1038 3037 ὂ
1063 2988 1106 3037 ille
1136 2989 1193 3037 telis
1219 2989 1260 3036 uir
1285 2988 1362 3037 tantis

145 3073 192 3121 Per
209 3070 423 3135 prosopopoeiam
445 3071 476 3118 cir
499 3068 630 3130 loquentes
654 3069 782 3135 linguntur
803 3072 846 3135 qui
869 3072 931 3121 nulli
949 3074 964 3124 i
980 3077 1056 3136 tiqui
1075 3076 1097 3125 si
1122 3075 1153 3123 ni
1174 3075 1256 3124 redire
1290 3075 1322 3138 Ιρ

144 3164 232 3223 posset
248 3155 281 3204 ad
300 3169 407 3220 superos
424 3163 497 3219 pater
515 3155 558 3217 qui
577 3164 600 3203 te
624 3163 735 3206 tutamen
762 3157 817 3207 lore
839 3174 943 3225 sperare
963 3161 1062 3226 familie
1080 3161 1193 3223 domuiq,
1213 3141 1380 3210 columen-ia-

231 3292 247 3339 ‘2
267 3290 374 3340 Hectora
387 3287 440 3338 uidi
454 3294 580 3353 tegentem
597 3286 679 3352 clipeo
693 3305 714 3338 ω
802 3291 819 3341 0
831 3289 894 3339 haec
908 3295 993 3343 omnio
1008 3294 1093 3343 derisu
1104 3309 1125 3343 ω
1213 3291 1410 3343 beemmemoro
1419 3307 1439 3339 ω

216 3359 247 3409 10
264 3368 288 3409 et
307 3359 397 3408 domus
413 3358 463 3406 ista
480 3372 502 3405 ω
582 3359 614 3408 lt
631 3359 708 3407 tantis
726 3357 818 3422 opibus
835 3371 987 3425 praepotens
1005 3381 1026 3412 ω
1107 3362 1140 3412 10
1159 3363 1273 3411 adiutrix
1292 3362 1340 3410 Per
1357 3376 1440 3427 proso-

143 3430 280 3494 popoeiam
295 3446 325 3479 ω.
345 3430 371 3477 in
388 3428 473 3477 codice
486 3433 546 3489 post
562 3427 690 3487 adiutrix,
718 3427 785 3491 quod
805 3430 885 3490 ipsura
905 3432 1024 3494 inteprum
1046 3435 1106 3496 lepit
1127 3432 1242 3493 Pierius,
1269 3432 1382 3481 eddium
1396 3432 1442 3494 suit

143 3499 302 3563 vocabulum,
330 3500 399 3548 cuius
420 3499 501 3559 prirna
522 3498 608 3546 littera
627 3512 659 3561 p,
684 3512 733 3559 pro
757 3513 807 3562 qua
832 3497 857 3547 1ο
882 3502 955 3549 etiam
971 3504 1019 3566 topi
1033 3518 1110 3564 posse
1126 3504 1258 3560 adnotavi,
1287 3504 1313 3551 iu
1328 3503 1443 3564 proram

142 3584 216 3620 uersu
232 3577 291 3633 post
307 3586 329 3619 u.
347 3567 428 3617 redire
447 3566 570 3628 adparuit
639 3566 1028 3630 18511(Ιοηιιιῑψιεῐηοοιιιηιριι
1045 3587 1093 3620 non
1108 3587 1139 3620 ne
1156 3579 1229 3636 potes
1247 3571 1286 3621 sic
1305 3571 1443 3630 diceretur,

215 3740 227 3789 1
248 3740 359 3789 derisum
378 3739 504 3802 quendam
523 3753 553 3785 ω.
582 3752 615 3785 aa
633 3737 718 3786 deriso
738 3739 865 3801 quodem?
952 3742 968 3789 2
996 3739 1062 3806 vidi]
1087 3747 1152 3792 iuter
1176 3717 1273 3792 incerta
1294 3745 1446 3808 trapiccrma

141 3810 287 3874 srepraecta
306 3812 401 3871 recepit
421 3805 571 3857 Ribbeckius
590 3813 657 3869 trop.
679 3807 737 3857 Lat.
757 3811 803 3861 rei.
820 3825 847 3871 p.
867 3809 926 3868 101,
954 3811 1131 3860 odoratorum
1150 3813 1264 3861 iudicium
1283 3814 1324 3861 nei
1341 3813 1447 3864 Praeterii

143 3883 182 3930 oei
200 3879 264 3928 Attii
283 3880 381 3929 rettulit
403 3875 553 3927 Welclserue
575 3882 642 3939 trop.
665 3877 754 3926 Graec.
775 3892 803 3940 p.
827 3876 891 3928 1383
912 3878 915 3885 '
979 3881 1120 3944 iperlibus
1140 3883 1230 3931 deleuit
1244 3881 1378 3931 Fabricius

145 3952 160 3998 7
185 3939 255 3996 κατὰ
276 3939 443 4010 παράληψιν
462 3947 488 3994 in
507 3960 557 4007 qun
576 3944 694 3994 volumus
714 3946 853 3997 Fabricius.
879 3947 993 4010 sortasse
1011 3965 1058 4014 pcr
1076 3951 1217 4016 paralipsio
1238 3952 1356 4015 negando
1374 3965 1446 4000 cirin:

143 4018 177 4081 cs.
194 4033 219 4079 p.
240 4016 304 4076 ⁶253,
330 4016 372 4066 ubi
387 4017 418 4064 de
435 4013 557 4064 sebertate
572 4014 682 4079 repandi
699 4016 761 4064 idem
779 4018 917 4078 eaeraplum
934 4021 1066 4079 repetitura
1085 4028 1123 4070 est
1207 4021 1223 4070 0
1242 4017 1305 4084 non]
1327 4021 1394 4069 iuter
1410 4024 1448 4070 ia-

143 4095 215 4137 certa
236 4088 388 4151 tropicarum
407 4084 551 4149 frapmeatc
572 4087 667 4145 recepit
691 4084 840 4136 Ribbeckius
860 4094 926 4150 trop.
949 4087 1008 4136 Lat.
1030 4091 1076 4137 ret.
1099 4104 1126 4151 p.
1145 4089 1211 4151 222,
1241 4089 1277 4137 orb
1294 4089 1373 4138 Fauii
1390 4089 1448 4139 Me-

143 4159 216 4207 deam
239 4158 365 4206 reooccuit
393 4154 532 4204 Vcbtenius
554 4153 621 4202 Ena.
644 4167 716 4214 poes.
742 4157 789 4206 rel.
815 4170 842 4216 p.
866 4155 916 4206 130
936 4165 1075 4217 praeeunte
1098 4158 1234 4208 Wetcleero
1259 4166 1328 4223 trop.
1353 4159 1448 4209 Graec.

139 4241 169 4289 p.
190 4225 257 4276 1318
344 4224 462 4273 draconis
481 4223 551 4272 saevi
569 4223 654 4286 sopiri
673 4223 794 4286 impetum
810 4224 942 4274 Fabricius
959 4240 995 4273 ex
1013 4226 1126 4277 Charisia
1145 4230 1162 4276 l.
1182 4243 1215 4286 1.,
1236 4228 1356 4278 draconis
1374 4229 1450 4278 taetri

144 4295 262 4360 oppressi
282 4295 403 4358 impetum
423 4293 527 4341 coniecit
548 4293 731 4341 rutenenses
814 4292 847 4342 10
863 4308 913 4342 nnn
928 4294 997 4356 quod
1017 4295 1104 4345 domui
1123 4298 1174 4344 vim
1192 4306 1324 4346 taurorum
1342 4299 1451 4347 coniecit

145 4364 345 4423 audemarus,
362 4377 411 4411 non
431 4362 499 4423 quod
518 4363 588 4411 viros
607 4361 708 4410 domari
728 4361 861 4412 Fabricius
947 4371 1060 4414 armatae
1079 4366 1212 4415 Fabricius
1301 4365 1333 4417 13
1352 4365 1448 4433 siquis]

143 4434 209 4483 inter
229 4435 327 4482 incerta
347 4435 499 4496 tragicorum
520 4430 663 4495 frapmeatc
686 4432 781 4492 recepit
797 4431 947 4482 Ribbeekius
966 4439 1033 4497 trop.
1056 4434 1117 4483 Lot.
1139 4436 1186 4487 rel.
1201 4450 1230 4497 p.
1249 4435 1301 4486 210
1328 4436 1452 4486 trimetria

144 4502 253 4552 iauibicic
271 4503 307 4550 ita
326 4502 479 4567 constitutis,
498 4498 525 4547 Si
544 4498 601 4562 quis
619 4515 659 4547 me
679 4499 780 4559 vident,
800 4497 879 4550 dicat:
907 4503 950 4549 ‘ni
968 4503 1059 4552 mirum
1077 4502 1118 4551 hic
1134 4506 1155 4550 is
1175 4513 1226 4563 cst,
1246 4503 1292 4553 lllc
1310 4504 1383 4562 tilis,
1405 4505 1450 4555 ille

145 4572 185 4618 vir
200 4572 276 4619 timis
294 4570 386 4634 opibus
404 4572 573 4634 praepotens?
597 4569 646 4616 Vbi
667 4570 733 4617 niano
749 4571 871 4620 secundis
889 4571 963 4619 ribus
983 4569 1094 4623 adiutrix
1113 4576 1190 4621 1an
1285 4572 1314 4622 10
1333 4573 1449 4623 adiutrix

145 4639 246 4688 1111111111
261 4639 403 4691 Fabricius.
426 4641 532 4688 lacunae
548 4638 634 4699 spatia
653 4639 764 4698 explebit
782 4640 893 4687 ailintrix
912 4642 1024 4702 potentia
1096 4642 1127 4691 18
1145 4640 1179 4705 si]
1198 4643 1265 4690 iuter
1278 4645 1378 4693 incerta
1389 4645 1450 4706 pal·

146 4709 263 4756 tiniarum
278 4709 421 4771 frapnoerrta
436 4709 531 4768 recepit
547 4704 699 4756 Ribbeelu'ns
717 4723 777 4757 eom.
799 4710 861 4757 Lat.
878 4709 925 4756 rel.
945 4723 971 4770 p.
993 4711 1041 4760 105
1124 4710 1155 4759 10
1174 4721 1288 4774 speraret
1305 4719 1356 4761 tara
1373 4728 1451 4777 quare

146 4777 241 4825 codicis
255 4777 404 4846 scriptam
418 4777 487 4825 dedit
505 4775 700 4837 Lindemauuuc,
720 4785 820 4842 putaret
837 4774 971 4828 Fabricius
