3114 5348
192 253 255 314 son
528 256 579 316 ex
609 229 776 335 ’1111111311Ι
793 257 890 319 anre
921 259 1161 320 omnnium

243 385 266 426 ρ.
282 371 379 412 111-11
395 370 422 411 ν.

192 444 327 517 ninntur,
358 442 406 502 odi
426 443 491 502 novi
512 442 650 516 memini,
679 452 708 504 et
729 452 798 504 suut
818 444 975 517 neutralia,
1003 455 1032 506 et
1051 434 1069 506 a
1087 446 1263 524 quibusdam
1286 448 1426 511 defectiva
1445 451 1482 511 di·

190 540 335 628 1111111111Ιὶ
373 563 496 622 quaem
517 544 614 604 littera
637 546 830 605 terminantur
851 553 952 606 neutra
975 556 1058 620 sunt,
1089 556 1121 608 ut
1142 567 1207 609 sum
1228 569 1351 628 prosum
1372 571 1481 630 possum

190 647 302 708 adsum.
347 665 381 707 ea
411 665 529 724 (petoque
557 666 573 707 a
601 645 775 724 quibusdam
804 647 945 708 defectiva
973 647 1118 711 dicuntur.
1164 669 1239 728 quae
1267 670 1336 712 vero
1361 652 1481 713 rlittera

190 747 383 811 terminantur
410 755 460 808 aut
485 748 600 827 passiva
628 756 712 820 seint,
740 755 773 808 ut
800 748 909 808 doceor
936 767 1076 824 moneor,
1098 761 1128 813 et
1146 751 1332 831 deponuntr
1357 752 1479 827 litteram,

190 865 257 911 eum
279 849 404 911 activum
426 848 609 927 significant,
634 857 667 909 ut
687 849 779 910 doceo
801 869 923 923 moneo,
945 858 995 911 aut
1017 851 1203 931 deponentia.
1249 852 1426 933 deponentia
1439 873 1481 915 au·

192 962 249 1013 tem
278 949 421 1031 simplicia
449 949 537 1010 verba
564 959 634 1010 sunt
656 968 732 1028 quae
759 969 775 1010 r
802 950 899 1012 littera
924 952 1118 1015 terminantur
1140 961 1169 1013 et
1188 953 1313 1014 eandem
1335 972 1480 1032 numquam

190 1054 326 1114 amittunt
347 1059 377 1113 et
397 1051 427 1111 in
448 1069 536 1112 unam
554 1051 662 1113 cadunt
680 1058 855 1132 potestatem
873 1052 1004 1130 agentis,
1024 1053 1104 1116 velut
1122 1055 1218 1116 luctor
1241 1055 1355 1117 irascor
1374 1056 1478 1117 morior.

190 1175 256 1215 uon-
278 1154 355 1214 enim
384 1153 454 1214 laoit
480 1151 559 1213 lucto
583 1153 680 1214 irasoo
708 1152 810 1213 morio.
855 1153 925 1214 item
955 1155 1144 1216 econtrario
1170 1157 1247 1234 quod
1275 1156 1368 1217 torma
1389 1155 1479 1235 agendi

191 1256 337 1334 significat
359 1255 546 1334 patientiam,
579 1263 611 1316 ut
633 1273 724 1314 veneo
741 1253 847 1335 vapulo
871 1254 960 1315 ardeo
982 1256 1097 1334 pendeo
1120 1257 1228 1335 tlagro,
1255 1275 1332 1335 quae
1355 1255 1478 1317 verleio

192 1366 362 1419 neutrorum
388 1355 487 1434 specie
509 1354 625 1432 quidam
647 1365 826 1435 posueruut,
848 1353 897 1416 alii
920 1357 1025 1435 supina
1047 1357 1190 1420 dixerunt.
1236 1359 1306 1419 item
1328 1356 1478 1421 eommunia

191 1479 206 1519 r
228 1459 324 1519 littera
347 1456 573 1516 terminantur..
595 1457 761 1517 eommunia
789 1464 886 1518 autem
915 1467 983 1518 sunt
1012 1476 1088 1535 quae
1119 1468 1149 1521 et
1169 1460 1283 1539 agentis
1305 1467 1336 1519 et
1357 1456 1478 1538 patieutis

193 1577 348 1641 personam
368 1555 529 1634 recipiunt,
558 1557 636 1617 velut
657 1557 794 1639 consolor
815 1557 961 1619 criminor.
1007 1559 1132 1622 dicimus
1157 1561 1234 1621 enim
1254 1559 1394 1621 consolor
1413 1567 1439 1620 te
1456 1565 1477 1619 et

192 1659 330 1722 'correolor
351 1677 368 1719 a
391 1665 433 1731 te,
456 1664 485 1716 et
505 1656 610 1717 similia
632 1658 750 1719 osculor
768 1658 903 1720 ludificor
927 1658 1090 1739 depopulor
1111 1662 1214 1722 hortor
1237 1681 1328 1723 venor
1350 1661 1477 1722 blandior.

191 1781 265 1841 qliae
291 1760 321 1821 in
349 1759 504 1820 tlitteram
529 1757 684 1820 indicativo
707 1759 795 1820 modo
819 1761 981 1822 elleruntur
1008 1762 1204 1842 inpersonalia
1230 1769 1316 1836 sunt,
1346 1771 1380 1823 ut
1403 1760 1478 1843 pudet

129 1881 132 1888 ’
192 1864 271 1945 piget
292 1860 420 1942 paenitet
439 1858 524 1919 decet
543 1858 640 1921 taedet
660 1861 782 1922 miseret
802 1871 926 1942 oportet.
939 1864 1030 1924 refert
1052 1863 1182 1924 interest.
1227 1860 1477 1943 haecquoqoeid·

75 1961 87 1980 '
191 1967 269 2026 circo
288 1961 484 2042 inpersonalia
507 1960 660 2035 (licuntur,
688 1961 835 2039 quianon
864 1971 896 2024 ut
919 1971 1016 2025 cetera
1043 1964 1198 2025 verborum
1223 1983 1331 2042 genera
1359 1963 1478 2046 proprias

192 2065 379 2145 figurationes
403 2062 526 2141 singulis
545 2063 681 2142 personis
696 2064 927 2125 accommodant.
966 2065 1154 2143 nequeenim
1170 2065 1255 2126 aliter
1270 2067 1409 2130 declinari
1424 2084 1479 2146 poe

191 2176 260 2229 sunt
282 2185 368 2244 quam
392 2166 476 2226 decet
496 2183 543 2224 me
563 2165 651 2252 ‘decet
671 2171 700 2225 te
727 2165 811 2226 decet
837 2164 918 2227 illum
948 2175 977 2227 et
997 2167 1150 2246 pluraliter
1171 2167 1257 2227 decet
1276 2187 1333 2230 nos
1351 2189 1402 2231 vos
1417 2167 1479 2230 illos

192 2273 284 2347 ligura
301 2267 458 2328 verborum
478 2265 584 2346 duplex
603 2273 657 2326 est
702 2274 753 2326 aut
775 2266 851 2327 enim
875 2266 1017 2346 simplicia
1045 2278 1129 2341 sont,
1155 2278 1189 2329 ut
1208 2268 1323 2341 scribo,
1353 2277 1405 2330 aut
1424 2284 1481 2327 eon·

191 2370 302 2450 proila,
327 2376 358 2428 ut
376 2367 514 2429 inscribo.
558 2365 673 2428 numeri
693 2374 762 2428 sunt
778 2367 846 2441 duo,
870 2368 1026 2447 singularis
1046 2379 1075 2428 et
1093 2369 1224 2448 pluralis,
1248 2378 1280 2430 ut
1302 2369 1400 2430 scribo
1421 2365 1481 2428 scri·

192 2471 297 2531 liirnus.
342 2469 421 2530 modi
444 2467 599 2528 verborum
624 2473 692 2527 sunt
714 2467 779 2541 Vll,
810 2468 997 2543 indicativus,
1026 2476 1058 2530 ut
1078 2488 1144 2530 amo
1166 2470 1251 2530 lacio.
1296 2471 1345 2532 hic
1367 2469 1481 2531 multila

191 2574 264 2634 riam
291 2572 508 2651 iuterpretatur.
559 2587 626 2629 nam
657 2576 686 2629 et
713 2569 821 2630 latendi
851 2590 886 2632 en
914 2572 1007 2651 prima
1034 2590 1160 2650 persona
1185 2571 1326 2645 dicimus,
1361 2579 1394 2632 ut
1416 2587 1480 2635 amo,

193 2675 259 2753 quia
281 2674 318 2734 de
341 2691 374 2732 se
397 2671 523 2748 quisque
540 2670 711 2748 profitetur,
734 2690 793 2731 non
815 2671 852 2732 de
872 2672 981 2733 altero:
1006 2682 1036 2732 et
1057 2671 1197 2749 arguendi
1220 2691 1256 2732 ex
1278 2672 1408 2753 secunda
1426 2689 1481 2751 per·

191 2794 279 2848 sona;
300 2791 387 2833 nemo
411 2771 488 2831 enim
510 2788 569 2830 non
591 2769 715 2831 alterum
734 2772 830 2850 arguit
844 2771 968 2834 dicendo
989 2791 1070 2833 amas
1077 2792 1086 2848 ;
1108 2772 1227 2851 quidam
1245 2774 1324 2836 hanc
1339 2788 1481 2855 personam

192 2878 219 2937 in
242 2876 308 2934 loeo
331 2870 541 2952 percunctandi
563 2879 725 2951 posuerunt
746 2873 858 2933 adiecta
877 2892 914 2933 ne
936 2873 1060 2952 syllaba,
1084 2882 1117 2934 ut
1136 2893 1271 2935 amasne:
1298 2882 1328 2936 et
1344 2869 1480 2935 nuntiandi

192 2997 225 3036 ex
254 2992 379 3055 persona
410 2973 511 3046 tertia;
540 2974 741 3052 unusquisque
770 2975 848 3036 enim
877 2975 906 3036 id
930 2975 1007 3052 quod
1034 2975 1107 3035 alter
1131 2974 1200 3036 lacit
1227 2977 1344 3037 nuntiat
1371 2972 1480 3037 dicendo

192 3085 278 3136 arnat.
325 3074 411 3135 etiam
430 3075 503 3135 lraec
519 3075 633 3154 species
649 3077 742 3155 prima
759 3096 879 3138 sensum
898 3077 986 3138 habet
1002 3077 1210 3154 interrogandi,
1233 3087 1265 3137 ut
1282 3077 1371 3138 aruo?
1393 3071 1481 3139 amasi

192 3175 291 3238 amat?
312 3171 475 3260 quod[que]
501 3185 567 3236 actu
587 3177 727 3237 orationis
749 3178 900 3252 dividitur,
932 3187 1028 3238 (11111111
1051 3178 1291 3257 interrogativum
1314 3180 1351 3242 sit
1370 3199 1406 3240 an
1426 3195 1481 3258 pro

192 3278 393 3340 nuntiativum.
439 3279 586 3340 secundus
612 3279 718 3339 modus
747 3288 793 3340 est
822 3280 871 3358 qui
900 3279 956 3338 viru
987 3278 1075 3340 habet
1103 3281 1266 3360 imperandi
1290 3282 1436 3343 secundae
1460 3285 1481 3336 et

193 3383 295 3443 tertiae
317 3399 477 3459 personae,
503 3387 534 3440 ut
553 3399 616 3440 ama
644 3389 737 3453 amet,
762 3380 876 3441 numeri
901 3381 1086 3459 singularis·
1112 3381 1216 3460 plurali
1236 3392 1334 3443 autem
1355 3382 1482 3463 recipitur

191 3484 277 3544 etiam
297 3482 390 3562 prima
414 3500 556 3560 persona,
581 3490 612 3542 ut
630 3501 762 3543 autemus
784 3481 888 3542 ametis
910 3491 1017 3543 ament.
1034 3479 1047 3566 ΙΙ
1083 3484 1187 3543 tertius
1204 3492 1250 3544 est
1267 3484 1317 3561 qui
1337 3485 1393 3544 viru
1408 3481 1482 3545 lralret

192 3583 393 3664 promittendi,
428 3592 460 3644 ut
482 3581 577 3660 legam
600 3582 735 3643 scribam.
781 3592 902 3660 quartus
925 3592 970 3644 est
999 3585 1048 3662 qui
1076 3585 1131 3645 vim
1160 3585 1249 3647 lrabet
1275 3587 1414 3665 optandi,
1444 3581 1482 3661 qui

192 3685 278 3744 etiam
308 3683 475 3743 adverbium
506 3682 625 3761 recipit,
654 3683 765 3743 cunam
793 3702 920 3744 amarem
950 3704 1064 3746 amares
1086 3695 1204 3747 amaret.
1251 3689 1373 3764 quintus
1393 3687 1482 3748 modo

193 3793 238 3845 est
265 3785 314 3862 qui
342 3784 520 3862 intellegitur
548 3783 723 3859 adiungendi
750 3783 1020 3865 suliiungenvlique,
1052 3787 1101 3864 qui
1122 3788 1208 3849 etiam
1227 3789 1334 3869 recipit
1358 3790 1482 3850 coniunc·

194 3887 318 3958 tionem,
343 3885 419 3946 velut
442 3886 466 3947 si
487 3905 582 3946 amem
601 3903 682 3968 ames
703 3894 789 3946 amet.
835 3894 935 3949 sentus
958 3888 1064 3949 modus
1095 3897 1140 3950 est
1169 3889 1218 3967 qui
1241 3890 1403 3952 infinitivus
1424 3887 1482 3950 dici

194 3996 255 4061 tur,
277 3988 319 4047 vle'
334 4005 392 4064 quo
415 3989 486 4047 satis
509 4005 597 4065 supra
620 3986 687 4047 dixi.
734 3988 876 4066 septimus
902 3989 1007 4050 modus
1031 3999 1075 4050 est
1104 3991 1152 4068 qui
1174 3990 1374 4070 inpersoualis
1396 3987 1482 4070 appel

192 4090 287 4165 latur,
316 4088 392 4149 velut
414 4071 559 4149 scribendi
583 4087 748 4151 scribendo.
793 4099 924 4168 tempora
948 4099 1016 4151 sunt
1039 4093 1108 4165 tria,
1140 4093 1331 4171 praeteritum
1355 4108 1482 4172 praesctu

194 4195 338 4263 loturum,
361 4191 549 4269 praeteritum
573 4198 605 4250 ut
627 4189 698 4267 legi,
728 4210 869 4271 praeseus
894 4199 924 4251 ut
945 4191 1027 4269 lego,
1056 4194 1185 4253 luterum
1210 4200 1242 4252 ut
1260 4191 1368 4272 legam.
1414 4208 1482 4273 pirae

194 4293 268 4354 teriti
290 4292 431 4370 temporis
453 4292 481 4352 in
505 4293 605 4352 activis
625 4290 741 4369 quidem
764 4292 878 4370 species
900 4299 969 4353 sunt
991 4300 1060 4353 tres.
1105 4312 1171 4364 nam
1192 4302 1242 4353 aut
1264 4294 1426 4373 inperfecta
1441 4299 1482 4352 est

191 4403 223 4455 ut
246 4394 395 4471 legebam,
430 4402 480 4454 aut
503 4395 631 4472 perlecta
660 4403 688 4451 et
718 4387 864 4466 absoluta,
900 4400 931 4452 ut
952 4393 1025 4471 legi,
1059 4403 1110 4455 aut
1139 4394 1426 4474 plusqtramperlecta
1450 4392 1482 4450 vc

192 4496 386 4568 recordativa,
411 4502 442 4553 ut
462 4493 598 4572 legeram.
644 4495 672 4554 in
694 4493 818 4573 passivis
841 4502 938 4556 autetn
961 4495 996 4567 V,
1024 4496 1176 4575 inperfecti
1199 4497 1344 4571 lacielrar,
1376 4499 1482 4578 periret

260 4630 276 4678 5
293 4631 446 4696 deponentia
465 4655 497 4664 -
519 4629 550 4680 10
569 4631 689 4679 dixerunt
708 4630 806 4679 Gloria.
825 4647 853 4694 p.
876 4629 939 4680 lau:
959 4631 1113 4696 deponentia
1130 4640 1173 4680 aut
1195 4632 1324 4697 simplicia
1339 4637 1482 4686 contem

191 4699 302 4748 editores
320 4699 531 4814 ¹thdlpdooenaeo
612 4699 646 4750 30
663 4697 739 4761 amet]
756 4708 822 4747 amat
840 4699 865 4748 B
939 4699 973 4750 34
991 4700 1149 4766 adiungendi
1167 4701 1210 4763 qni
1229 4703 1306 4751 etiam
1326 4699 1482 4768 eubiungeod

193 4781 257 4829 «priate
276 4778 365 4832 recipit
