3114 5356
901 42 921 73 9

181 250 243 315 sut
273 256 285 270 '⁸
524 248 688 313 cutmen
709 248 843 311 lusui.
867 248 978 311 GRAN.
1000 247 1073 310 uu.
1098 249 1137 310 lli

232 363 396 424 secuse.
1317 365 1437 421 sessu.
1501 351 1505 359 '

180 439 286 502 terisse
307 435 467 516 siquidem
487 435 518 496 iu
540 453 575 497 ee
595 454 665 498 vem
686 434 765 514 qrred
787 442 834 496 est
853 434 911 496 diri
931 443 965 497 ut
991 433 1081 497 facies
1106 434 1175 497 dicti
1201 444 1320 516 tempus
1346 440 1484 518 praeteri·

181 549 244 603 tum
268 537 428 617 siguificat,
456 538 525 599 tecti
545 538 575 599 iu
598 539 696 601 future
718 536 886 619 suspendit,
916 554 984 598 cum
1006 535 1116 611 adhuc,
1146 537 1285 615 queuiem
1306 539 1371 601 deri
1393 543 1485 622 pessit

183 641 263 723 qued
284 638 385 713 iussit,
406 640 552 703 incertum
580 639 617 702 sit
644 642 695 702 det
720 658 823 702 uscue.
867 640 1032 720 reperimus
1050 639 1128 719 apud
1151 649 1264 702 ueteres
1287 641 1404 704 iusteus
1422 644 1484 704 tini·

184 745 308 806 tivemm
328 742 409 819 iungi
430 742 517 804 etiem
534 742 697 822 inperfecte
718 740 984 815 subiunctimrum‚
1007 741 1084 819 qued
1106 760 1173 804 rare
1190 746 1231 805 fit.
1274 741 1340 803 eius
1361 744 1484 823 exempti

182 844 327 927 prodendi
357 843 449 922 gretie
477 843 523 904 rel
546 843 609 905 sele
637 842 788 905 Ciceronis
818 838 946 903 sufficiet
976 843 1134 904 aucteritas
1165 862 1219 923 pre
1248 845 1338 907 Sexte
1366 846 1506 921 Roscius

183 945 262 1009 velut
286 949 385 1006 ‘cum
406 945 509 1007 nulls
531 946 645 1007 etiam
666 941 971 1027 prescriptionis
993 944 1215 1005 memoratio
1242 945 1375 1021 fieret,
1404 965 1484 1008 eum

184 1046 386 1125 etiamqui
416 1055 527 1109 antee
560 1044 768 1128 proscripti
796 1053 903 1107 eraut
931 1044 1126 1120 sederent,
1154 1064 1287 1109 uemeu
1315 1050 1484 1111 retertur

182 1150 220 1210 in
243 1146 393 1208 tabulas
414 1149 513 1210 Sexti
536 1148 694 1211 Roscii’.
738 1149 808 1209 item
828 1146 1011 1208 subiunctive
1033 1139 1181 1225 vilicissim
1202 1149 1280 1210 iuter
1301 1168 1336 1212 se
1358 1151 1506 1230 iunges-1

182 1259 232 1313 tiu
251 1250 308 1310 hec
332 1257 435 1328 pecte,
464 1251 656 1330 inperfectum
681 1248 843 1328 inperfecte
862 1247 922 1321 sic,
955 1247 1083 1310 dicerem
1105 1250 1130 1311 si
1156 1251 1280 1330 scirem,
1310 1253 1484 1333 plusquam·

182 1353 345 1434 perfectum
373 1349 661 1430 plusquamperfecto
693 1350 751 1426 sic,
786 1349 925 1410 dixissem
949 1349 974 1410 si
1000 1351 1140 1428 scissem;
1178 1352 1250 1413 itere
1278 1353 1484 1434 inperfectum
1497 1383 1517 1424 u

98 1440 101 1445 ’
179 1448 487 1535 pinuqcemperfectc
508 1450 572 1527 cic,
593 1449 761 1513 scriberem
782 1449 839 1511 tibi
856 1450 887 1510 ci
903 1451 1048 1530 sciscere,
1071 1454 1140 1514 item
1162 1455 1483 1534 plusquamperfectum

183 1554 346 1636 inperfecte
376 1550 434 1626 sic,
464 1552 650 1631 scripsissem
677 1552 730 1614 tihi
762 1552 787 1614 si
816 1552 930 1613 scirem.
976 1562 1005 1613 et
1046 1554 1143 1634 priore
1180 1555 1299 1635 quidem
1336 1576 1482 1631 sermone,

184 1656 345 1719 scriberem
367 1653 418 1715 tibi
442 1653 467 1715 si
491 1654 629 1728 scissem,
665 1653 809 1733 significet
830 1672 919 1734 saepe
941 1655 1118 1734 scripturmn
1140 1658 1248 1732 tuisse,
1282 1657 1307 1718 si
1329 1657 1373 1717 vet
1392 1660 1482 1720 semet

184 1759 288 1834 sciret3
311 1756 548 1837 sequentisque,
572 1755 757 1836 scripsissem
773 1756 825 1817 tihi
839 1756 865 1818 si
884 1757 1007 1831 scirem,
1029 1758 1174 1837 significet
1191 1759 1372 1840 scripturum
1393 1761 1482 1823 tuisse

182 1860 227 1922 uel
248 1859 357 1935 semel,
391 1858 416 1920 si
441 1859 559 1939 saepius
581 1859 774 1937 cognovisset
830 1858 927 1937 siquid
953 1859 1132 1922 difficultatis
1159 1862 1258 1924 inesse
1279 1861 1412 1938 videtur,
1439 1863 1479 1924 rei
1493 1885 1513 1926 u

182 1961 329 2036 teneritati,
350 1980 410 2022 uon
432 1961 518 2022 uobis
539 1961 741 2042 imputandum
761 1969 815 2023 est.
832 1957 845 2046 ΙΙ
878 1959 884 2047 Ι

184 2109 371 2117 ——xm
403 2109 420 2113 —
442 2108 520 2115 —-—

253 2185 269 2234 2
292 2182 422 2250 significet
444 2184 528 2235 future
551 2181 691 2249 suspendet
713 2196 769 2231 cum
794 2183 844 2232 ism
867 2182 922 2233 fleri
946 2184 1028 2249 pessit
1050 2184 1118 2247 quod
1141 2185 1215 2234 iussit
1239 2185 1273 2233 sit
1292 2193 1320 2235 ut
1340 2186 1421 2239 faciet
1435 2187 1480 2238 hec

183 2269 216 2305 ne
233 2254 259 2303 P
327 2253 518 2320 erepperimus
538 2253 588 2302 NP
665 2251 822 2317 dpredendi
841 2253 972 2304 Diomedes
984 2268 1012 2315 p.
1030 2255 1081 2306 384
1099 2255 1226 2319 prebuudi
1245 2255 1297 2303 NP
1374 2259 1478 2307 auctori-

182 2333 222 2373 tss
237 2338 284 2390 pre
301 2329 373 2374 sexte
392 2325 467 2374 etism
487 2324 636 2388 scriptique.
655 2322 718 2371 ltem
737 2322 898 2373 subiunctius
915 2323 947 2371 P.
963 2338 1014 2386 pro
1031 2324 1107 2374 Rosc.
1126 2324 1212 2377 Amen
1232 2325 1258 2383 8,
1277 2324 1308 2373 21
1382 2328 1478 2377 tieem·

183 2394 369 2445 memorasse
456 2393 489 2444 10
508 2394 569 2442 item
587 2389 754 2456 inperfectum
772 2418 807 2427 —
825 2391 855 2442 lt
876 2393 898 2442 si
917 2393 1024 2442 scissem
1041 2409 1087 2443 om.
1107 2393 1169 2457 NP,
1188 2394 1251 2443 add.
1269 2393 1421 2447 Fabricius:
1444 2399 1475 2461 rs.

182 2462 263 2513 Diem.
281 2478 307 2525 p.
323 2462 374 2513 385
446 2464 479 2513 14
493 2462 609 2526 sequenti
627 2475 688 2511 uem
706 2461 867 2527 scripsissem
886 2463 1015 2528 siguittcst
1033 2464 1185 2528 scripturum
1199 2463 1280 2513 tuisse
1297 2455 1359 2514 duit'
1377 2465 1477 2530 Siquid

184 2530 342 2582 difficultatis
359 2532 394 2580 rei
414 2532 440 2581 iu
458 2530 507 2581 hoe
524 2531 667 2580 inueniatur
684 2545 735 2580 nou
753 2531 827 2581 uebis
848 2532 1015 2598 inpetendum
1033 2540 1071 2580 est
1086 2533 1112 2580 P
1187 2533 1218 2584 li
1238 2533 1317 2585 semel
1335 2548 1384 2586 em.
1403 2535 1428 2584 N
