<?xml version="1.0" encoding="UTF-8"?>
<!DOCTYPE html PUBLIC "-//W3C//DTD XHTML 1.0 Transitional//EN"
    "http://www.w3.org/TR/xhtml1/DTD/xhtml1-transitional.dtd">
<html xmlns="http://www.w3.org/1999/xhtml" xml:lang="en" lang="en">
 <head>
  <title>
</title>
<meta http-equiv="Content-Type" content="text/html;charset=utf-8" />
  <meta name='ocr-system' content='tesseract 3.04.00' />
  <meta name='ocr-capabilities' content='ocr_page ocr_carea ocr_par ocr_line ocrx_word'/>
</head>
<body>
  <div class='ocr_page' id='page_1' title='image "./grammaticilatin02keilgoog_0613.png"; bbox 0 0 3114 5356; ppageno 0'>
   <div class='ocr_carea' id='block_1_1' title="bbox 133 186 1104 289">
    <p class='ocr_par' dir='ltr' id='par_1_1' title="bbox 133 186 1104 289">
     <span class='ocr_line' id='line_1_1' title="bbox 133 186 1104 289; baseline -0.001 -1"><span class='ocrx_word' id='word_1_1' title='bbox 133 224 197 289; x_wconf 80' lang='lat' dir='ltr'>sia</span> <span class='ocrx_word' id='word_1_2' title='bbox 471 223 523 286; x_wconf 82' lang='lat' dir='ltr'>nr</span> <span class='ocrx_word' id='word_1_3' title='bbox 546 222 709 287; x_wconf 77' lang='lat' dir='ltr'>orrarusu</span> <span class='ocrx_word' id='word_1_4' title='bbox 737 220 834 287; x_wconf 79' lang='lat' dir='ltr'>anm</span> <span class='ocrx_word' id='word_1_5' title='bbox 861 186 1104 287; x_wconf 77' lang='lat' dir='ltr'>cainnivrur</span> 
     </span>
    </p>
   </div>
   <div class='ocr_carea' id='block_1_2' title="bbox 136 338 1444 495">
    <p class='ocr_par' dir='ltr' id='par_1_2' title="bbox 136 338 1444 495">
     <span class='ocr_line' id='line_1_2' title="bbox 136 338 1444 495; baseline 0 -18"><span class='ocrx_word' id='word_1_6' title='bbox 136 338 453 495; x_wconf 38' lang='lat' dir='ltr'>‘atiawmwpruerum</span> <span class='ocrx_word' id='word_1_7' title='bbox 481 408 571 472; x_wconf 89' lang='lat' dir='ltr'>inde</span> <span class='ocrx_word' id='word_1_8' title='bbox 602 406 735 470; x_wconf 81' lang='lat' dir='ltr'>abiens</span> <span class='ocrx_word' id='word_1_9' title='bbox 766 410 926 473; x_wconf 80' lang='lat' dir='ltr'><strong>conveni</strong></span> <span class='ocrx_word' id='word_1_10' title='bbox 959 408 1145 488; x_wconf 83' lang='lat' dir='ltr'>Chreml’;</span> <span class='ocrx_word' id='word_1_11' title='bbox 1176 412 1260 475; x_wconf 85' lang='lat' dir='ltr'>item</span> <span class='ocrx_word' id='word_1_12' title='bbox 1288 414 1444 483; x_wconf 68' lang='lat' dir='ltr'>mcusuirs</span> 
     </span>
    </p>
   </div>
   <div class='ocr_carea' id='block_1_3' title="bbox 130 510 1484 4436">
    <p class='ocr_par' dir='ltr' id='par_1_3' title="bbox 130 510 1484 2496">
     <span class='ocr_line' id='line_1_3' title="bbox 135 510 1444 598; baseline 0.003 -22"><span class='ocrx_word' id='word_1_13' title='bbox 135 516 293 581; x_wconf 76' lang='lat' dir='ltr'>Chremem</span> <span class='ocrx_word' id='word_1_14' title='bbox 313 532 368 596; x_wconf 88' lang='lat' dir='ltr'>pro</span> <span class='ocrx_word' id='word_1_15' title='bbox 388 514 593 585; x_wconf 84' lang='lat' dir='ltr'>Chremetem,</span> <span class='ocrx_word' id='word_1_16' title='bbox 622 518 653 572; x_wconf 87' lang='lat' dir='ltr'>et</span> <span class='ocrx_word' id='word_1_17' title='bbox 672 510 816 591; x_wconf 80' lang='lat' dir='ltr'>Vergilius</span> <span class='ocrx_word' id='word_1_18' title='bbox 841 511 939 575; x_wconf 76' lang='lat' dir='ltr'>Daren</span> <span class='ocrx_word' id='word_1_19' title='bbox 966 529 1022 592; x_wconf 89' lang='lat' dir='ltr'>pro</span> <span class='ocrx_word' id='word_1_20' title='bbox 1043 511 1205 589; x_wconf 83' lang='lat' dir='ltr'>Daretenr,</span> <span class='ocrx_word' id='word_1_21' title='bbox 1239 516 1444 598; x_wconf 75' lang='lat' dir='ltr'>‘praecipi-</span> 
     </span>
     <span class='ocr_line' id='line_1_4' title="bbox 136 611 1443 699; baseline -0.002 -18"><span class='ocrx_word' id='word_1_22' title='bbox 136 626 285 696; x_wconf 86' lang='lat' dir='ltr'>temque</span> <span class='ocrx_word' id='word_1_23' title='bbox 305 617 426 678; x_wconf 86' lang='lat' dir='ltr'>Daren</span> <span class='ocrx_word' id='word_1_24' title='bbox 457 611 595 677; x_wconf 86' lang='lat' dir='ltr'>ardeus</span> <span class='ocrx_word' id='word_1_25' title='bbox 621 612 729 691; x_wconf 83' lang='lat' dir='ltr'>agit&#39;.</span> <span class='ocrx_word' id='word_1_26' title='bbox 772 613 858 693; x_wconf 79' lang='lat' dir='ltr'>siqua</span> <span class='ocrx_word' id='word_1_27' title='bbox 878 618 977 675; x_wconf 88' lang='lat' dir='ltr'>autem</span> <span class='ocrx_word' id='word_1_28' title='bbox 999 613 1075 674; x_wconf 85' lang='lat' dir='ltr'>dexo</span> <span class='ocrx_word' id='word_1_29' title='bbox 1096 622 1232 677; x_wconf 75' lang='lat' dir='ltr'>accentu</span> <span class='ocrx_word' id='word_1_30' title='bbox 1253 616 1443 699; x_wconf 65' lang='lat' dir='ltr'>reperhmn,</span> 
     </span>
     <span class='ocr_line' id='line_1_5' title="bbox 136 713 1442 795; baseline 0.001 -13"><span class='ocrx_word' id='word_1_31' title='bbox 136 720 211 783; x_wconf 82' lang='lat' dir='ltr'>haec</span> <span class='ocrx_word' id='word_1_32' title='bbox 228 718 259 779; x_wconf 94' lang='lat' dir='ltr'>iu</span> <span class='ocrx_word' id='word_1_33' title='bbox 280 736 335 779; x_wconf 85' lang='lat' dir='ltr'>suo</span> <span class='ocrx_word' id='word_1_34' title='bbox 359 723 515 779; x_wconf 85' lang='lat' dir='ltr'>remanent</span> <span class='ocrx_word' id='word_1_35' title='bbox 536 720 616 775; x_wconf 87' lang='lat' dir='ltr'>statu</span> <span class='ocrx_word' id='word_1_36' title='bbox 640 721 671 775; x_wconf 88' lang='lat' dir='ltr'>et</span> <span class='ocrx_word' id='word_1_37' title='bbox 693 714 832 776; x_wconf 84' lang='lat' dir='ltr'>Graecam</span> <span class='ocrx_word' id='word_1_38' title='bbox 858 713 1085 782; x_wconf 75' lang='lat' dir='ltr'>declinationem</span> <span class='ocrx_word' id='word_1_39' title='bbox 1105 726 1279 795; x_wconf 72' lang='lat' dir='ltr'>moronis,</span> <span class='ocrx_word' id='word_1_40' title='bbox 1308 720 1390 785; x_wconf 80' lang='lat' dir='ltr'>velet</span> <span class='ocrx_word' id='word_1_41' title='bbox 1405 719 1442 783; x_wconf 82' lang='lat' dir='ltr'>liic</span> 
     </span>
     <span class='ocr_line' id='line_1_6' title="bbox 136 814 1457 905; baseline -0.001 -20"><span class='ocrx_word' id='word_1_42' title='bbox 136 822 285 885; x_wconf 79' lang='lat' dir='ltr'>Eumenes</span> <span class='ocrx_word' id='word_1_43' title='bbox 307 817 395 883; x_wconf 89' lang='lat' dir='ltr'>huius</span> <span class='ocrx_word' id='word_1_44' title='bbox 413 816 581 889; x_wconf 81' lang='lat' dir='ltr'>liumenus,</span> <span class='ocrx_word' id='word_1_45' title='bbox 603 814 759 897; x_wconf 82' lang='lat' dir='ltr'>Euprepes</span> <span class='ocrx_word' id='word_1_46' title='bbox 773 816 948 897; x_wconf 74' lang='lat' dir='ltr'>liuprepus3</span> <span class='ocrx_word' id='word_1_47' title='bbox 973 833 1155 896; x_wconf 84' lang='lat' dir='ltr'>quamquam</span> <span class='ocrx_word' id='word_1_48' title='bbox 1176 820 1311 898; x_wconf 84' lang='lat' dir='ltr'>quidam</span> <span class='ocrx_word' id='word_1_49' title='bbox 1336 817 1457 905; x_wconf 57' lang='lat' dir='ltr'>[diali</span> 
     </span>
     <span class='ocr_line' id='line_1_7' title="bbox 139 915 1443 1005; baseline 0 -20"><span class='ocrx_word' id='word_1_50' title='bbox 139 922 293 1003; x_wconf 83' lang='lat' dir='ltr'>liuprepes</span> <span class='ocrx_word' id='word_1_51' title='bbox 315 917 509 1002; x_wconf 86' lang='lat' dir='ltr'>Euprepetis,</span> <span class='ocrx_word' id='word_1_52' title='bbox 531 915 682 978; x_wconf 75' lang='lat' dir='ltr'>Eumenes</span> <span class='ocrx_word' id='word_1_53' title='bbox 701 916 873 980; x_wconf 77' lang='lat' dir='ltr'>Eumenetis</span> <span class='ocrx_word' id='word_1_54' title='bbox 894 915 1035 979; x_wconf 83' lang='lat' dir='ltr'>declinari</span> <span class='ocrx_word' id='word_1_55' title='bbox 1054 916 1226 983; x_wconf 85' lang='lat' dir='ltr'>vulocnmt.</span> <span class='ocrx_word' id='word_1_56' title='bbox 1267 922 1443 1005; x_wconf 61' lang='lat' dir='ltr'>excipiam·</span> 
     </span>
     <span class='ocr_line' id='line_1_8' title="bbox 140 1016 1443 1101; baseline 0.001 -16"><span class='ocrx_word' id='word_1_57' title='bbox 140 1024 230 1096; x_wconf 88' lang='lat' dir='ltr'>haec,</span> <span class='ocrx_word' id='word_1_58' title='bbox 250 1040 268 1082; x_wconf 89' lang='lat' dir='ltr'>a</span> <span class='ocrx_word' id='word_1_59' title='bbox 287 1020 459 1083; x_wconf 82' lang='lat' dir='ltr'>masmliuis</span> <span class='ocrx_word' id='word_1_60' title='bbox 479 1017 598 1097; x_wconf 83' lang='lat' dir='ltr'>quidem</span> <span class='ocrx_word' id='word_1_61' title='bbox 615 1016 749 1099; x_wconf 76' lang='lat' dir='ltr'><strong>locuples</strong></span> <span class='ocrx_word' id='word_1_62' title='bbox 769 1027 800 1081; x_wconf 91' lang='lat' dir='ltr'>ct</span> <span class='ocrx_word' id='word_1_63' title='bbox 817 1018 906 1080; x_wconf 87' lang='lat' dir='ltr'>heres</span> <span class='ocrx_word' id='word_1_64' title='bbox 926 1020 1077 1095; x_wconf 73' lang='lat' dir='ltr'>(smmum</span> <span class='ocrx_word' id='word_1_65' title='bbox 1090 1019 1170 1082; x_wconf 90' lang='lat' dir='ltr'>enirn</span> <span class='ocrx_word' id='word_1_66' title='bbox 1187 1020 1368 1101; x_wconf 86' lang='lat' dir='ltr'>genetivo),</span> <span class='ocrx_word' id='word_1_67' title='bbox 1386 1022 1443 1085; x_wconf 69' lang='lat' dir='ltr'>itu</span> 
     </span>
     <span class='ocr_line' id='line_1_9' title="bbox 140 1108 1484 1204; baseline -0.001 -18"><span class='ocrx_word' id='word_1_68' title='bbox 140 1122 329 1186; x_wconf 83' lang='lat' dir='ltr'>alemininis</span> <span class='ocrx_word' id='word_1_69' title='bbox 353 1120 450 1203; x_wconf 85' lang='lat' dir='ltr'>pvrhes</span> <span class='ocrx_word' id='word_1_70' title='bbox 474 1120 549 1183; x_wconf 87' lang='lat' dir='ltr'>ddes</span> <span class='ocrx_word' id='word_1_71' title='bbox 575 1138 647 1201; x_wconf 89' lang='lat' dir='ltr'>spes</span> <span class='ocrx_word' id='word_1_72' title='bbox 668 1121 769 1183; x_wconf 79' lang='lat' dir='ltr'>Caras</span> <span class='ocrx_word' id='word_1_73' title='bbox 812 1137 991 1200; x_wconf 76' lang='lat' dir='ltr'>numnquam</span> <span class='ocrx_word' id='word_1_74' title='bbox 1019 1120 1092 1183; x_wconf 88' lang='lat' dir='ltr'>ddes</span> <span class='ocrx_word' id='word_1_75' title='bbox 1114 1128 1147 1183; x_wconf 90' lang='lat' dir='ltr'>et</span> <span class='ocrx_word' id='word_1_76' title='bbox 1169 1122 1276 1203; x_wconf 86' lang='lat' dir='ltr'>pubes</span> <span class='ocrx_word' id='word_1_77' title='bbox 1306 1122 1443 1204; x_wconf 70' lang='lat' dir='ltr'>duplico</span> <span class='ocrx_word' id='word_1_78' title='bbox 1482 1108 1484 1115; x_wconf 68' lang='grc'><strong>’</strong></span> 
     </span>
     <span class='ocr_line' id='line_1_10' title="bbox 141 1220 1442 1305; baseline 0.001 -18"><span class='ocrx_word' id='word_1_79' title='bbox 141 1224 386 1305; x_wconf 86' lang='lat' dir='ltr'>siguidoationem</span> <span class='ocrx_word' id='word_1_80' title='bbox 412 1222 523 1285; x_wconf 85' lang='lat' dir='ltr'>hahent</span> <span class='ocrx_word' id='word_1_81' title='bbox 550 1220 714 1284; x_wconf 88' lang='lat' dir='ltr'>etidcirco</span> <span class='ocrx_word' id='word_1_82' title='bbox 742 1222 890 1284; x_wconf 75' lang='lat' dir='ltr'>nivernum</span> <span class='ocrx_word' id='word_1_83' title='bbox 918 1220 1084 1300; x_wconf 70' lang='lat' dir='ltr'>genetivum</span> <span class='ocrx_word' id='word_1_84' title='bbox 1111 1222 1242 1285; x_wconf 81' lang='lat' dir='ltr'>iaciunt.</span> <span class='ocrx_word' id='word_1_85' title='bbox 1301 1232 1352 1287; x_wconf 87' lang='lat' dir='ltr'>eet</span> <span class='ocrx_word' id='word_1_86' title='bbox 1375 1223 1442 1287; x_wconf 61' lang='lat' dir='ltr'>eh</span> 
     </span>
     <span class='ocr_line' id='line_1_11' title="bbox 139 1313 1463 1402; baseline -0.003 -13"><span class='ocrx_word' id='word_1_87' title='bbox 139 1324 215 1389; x_wconf 84' lang='lat' dir='ltr'>odes</span> <span class='ocrx_word' id='word_1_88' title='bbox 235 1324 332 1396; x_wconf 72' lang='grc' dir='ltr'>πίστις</span> <span class='ocrx_word' id='word_1_89' title='bbox 353 1320 404 1384; x_wconf 78' lang='lat' dir='ltr'>sal</span> <span class='ocrx_word' id='word_1_90' title='bbox 427 1314 502 1402; x_wconf 79' lang='lat' dir='ltr'>tripu</span> <span class='ocrx_word' id='word_1_91' title='bbox 525 1330 556 1383; x_wconf 91' lang='lat' dir='ltr'>et</span> <span class='ocrx_word' id='word_1_92' title='bbox 581 1320 665 1397; x_wconf 76' lang='lat' dir='ltr'>meo,</span> <span class='ocrx_word' id='word_1_93' title='bbox 693 1341 761 1384; x_wconf 89' lang='lat' dir='ltr'>cum</span> <span class='ocrx_word' id='word_1_94' title='bbox 789 1313 884 1401; x_wconf 74' lang='lat' dir='ltr'>tripes</span> <span class='ocrx_word' id='word_1_95' title='bbox 903 1321 1063 1401; x_wconf 84' lang='lat' dir='ltr'>siguidsat,</span> <span class='ocrx_word' id='word_1_96' title='bbox 1089 1340 1177 1385; x_wconf 87' lang='lat' dir='ltr'>suam</span> <span class='ocrx_word' id='word_1_97' title='bbox 1199 1324 1338 1389; x_wconf 78' lang='lat' dir='ltr'>turmam</span> <span class='ocrx_word' id='word_1_98' title='bbox 1358 1332 1463 1389; x_wconf 69' lang='lat' dir='ltr'>sums</span> 
     </span>
     <span class='ocr_line' id='line_1_12' title="bbox 141 1412 1484 1501; baseline 0.003 -13"><span class='ocrx_word' id='word_1_99' title='bbox 141 1434 173 1489; x_wconf 87' lang='lat' dir='ltr'>et</span> <span class='ocrx_word' id='word_1_100' title='bbox 192 1424 356 1487; x_wconf 83' lang='lat' dir='ltr'>declinatur</span> <span class='ocrx_word' id='word_1_101' title='bbox 376 1424 451 1486; x_wconf 90' lang='lat' dir='ltr'>ddes</span> <span class='ocrx_word' id='word_1_102' title='bbox 472 1422 555 1496; x_wconf 89' lang='lat' dir='ltr'>ddis,</span> <span class='ocrx_word' id='word_1_103' title='bbox 576 1428 610 1483; x_wconf 89' lang='lat' dir='ltr'>ot</span> <span class='ocrx_word' id='word_1_104' title='bbox 630 1423 738 1485; x_wconf 90' lang='lat' dir='ltr'>caedes</span> <span class='ocrx_word' id='word_1_105' title='bbox 754 1424 872 1499; x_wconf 83' lang='lat' dir='ltr'>caedis3</span> <span class='ocrx_word' id='word_1_106' title='bbox 893 1442 963 1487; x_wconf 92' lang='lat' dir='ltr'>cunr</span> <span class='ocrx_word' id='word_1_107' title='bbox 984 1440 1052 1485; x_wconf 90' lang='lat' dir='ltr'>vero</span> <span class='ocrx_word' id='word_1_108' title='bbox 1072 1423 1190 1501; x_wconf 61' lang='lat' dir='ltr'>omres,</span> <span class='ocrx_word' id='word_1_109' title='bbox 1212 1426 1295 1491; x_wconf 87' lang='lat' dir='ltr'>ddes</span> <span class='ocrx_word' id='word_1_110' title='bbox 1320 1427 1389 1491; x_wconf 85' lang='lat' dir='ltr'>ddoi</span> <span class='ocrx_word' id='word_1_111' title='bbox 1406 1428 1441 1491; x_wconf 81' lang='lat' dir='ltr'>la·</span> <span class='ocrx_word' id='word_1_112' title='bbox 1482 1412 1484 1451; x_wconf 66' lang='lat'>³</span> 
     </span>
     <span class='ocr_line' id='line_1_13' title="bbox 140 1520 1440 1609; baseline 0.002 -23"><span class='ocrx_word' id='word_1_113' title='bbox 140 1524 190 1587; x_wconf 90' lang='lat' dir='ltr'>eit.</span> <span class='ocrx_word' id='word_1_114' title='bbox 233 1522 321 1585; x_wconf 87' lang='lat' dir='ltr'>simili</span> <span class='ocrx_word' id='word_1_115' title='bbox 351 1523 465 1585; x_wconf 87' lang='lat' dir='ltr'>ratione</span> <span class='ocrx_word' id='word_1_116' title='bbox 489 1522 585 1602; x_wconf 88' lang='lat' dir='ltr'>pubes</span> <span class='ocrx_word' id='word_1_117' title='bbox 613 1522 687 1585; x_wconf 88' lang='lat' dir='ltr'>duas</span> <span class='ocrx_word' id='word_1_118' title='bbox 717 1524 807 1587; x_wconf 89' lang='lat' dir='ltr'>hahet</span> <span class='ocrx_word' id='word_1_119' title='bbox 838 1526 1076 1606; x_wconf 73' lang='lat' dir='ltr'>significationes.</span> <span class='ocrx_word' id='word_1_120' title='bbox 1119 1533 1168 1587; x_wconf 89' lang='lat' dir='ltr'>est</span> <span class='ocrx_word' id='word_1_121' title='bbox 1192 1528 1280 1590; x_wconf 78' lang='lat' dir='ltr'>enin</span> <span class='ocrx_word' id='word_1_122' title='bbox 1309 1520 1374 1609; x_wconf 66' lang='grc' dir='ltr'>ἥβη</span> <span class='ocrx_word' id='word_1_123' title='bbox 1398 1524 1440 1589; x_wconf 78' lang='lat' dir='ltr'>asi</span> 
     </span>
     <span class='ocr_line' id='line_1_14' title="bbox 140 1614 1439 1708; baseline 0.008 -24"><span class='ocrx_word' id='word_1_124' title='bbox 140 1615 270 1703; x_wconf 72' lang='grc' dir='ltr'><strong><em>ἡβᾶξων.</em></strong></span> <span class='ocrx_word' id='word_1_125' title='bbox 313 1643 381 1686; x_wconf 93' lang='lat' dir='ltr'>cum</span> <span class='ocrx_word' id='word_1_126' title='bbox 403 1642 474 1703; x_wconf 90' lang='lat' dir='ltr'>ergo</span> <span class='ocrx_word' id='word_1_127' title='bbox 494 1614 576 1701; x_wconf 73' lang='grc' dir='ltr'>ἥβην</span> <span class='ocrx_word' id='word_1_128' title='bbox 596 1622 755 1702; x_wconf 77' lang='lat' dir='ltr'>significat,</span> <span class='ocrx_word' id='word_1_129' title='bbox 782 1626 946 1689; x_wconf 87' lang='lat' dir='ltr'>declinatur</span> <span class='ocrx_word' id='word_1_130' title='bbox 966 1626 1062 1708; x_wconf 76' lang='lat' dir='ltr'>putres</span> <span class='ocrx_word' id='word_1_131' title='bbox 1082 1625 1185 1706; x_wconf 83' lang='lat' dir='ltr'>pubis,</span> <span class='ocrx_word' id='word_1_132' title='bbox 1217 1636 1254 1691; x_wconf 93' lang='lat' dir='ltr'>ut</span> <span class='ocrx_word' id='word_1_133' title='bbox 1274 1632 1378 1697; x_wconf 82' lang='lat' dir='ltr'>nubes</span> <span class='ocrx_word' id='word_1_134' title='bbox 1396 1650 1439 1695; x_wconf 85' lang='grc' dir='ltr'>ιι-</span> 
     </span>
     <span class='ocr_line' id='line_1_15' title="bbox 130 1715 1439 1806; baseline 0.006 -18"><span class='ocrx_word' id='word_1_135' title='bbox 130 1726 204 1803; x_wconf 78' lang='lat' dir='ltr'>¹his3</span> <span class='ocrx_word' id='word_1_136' title='bbox 231 1745 297 1787; x_wconf 91' lang='lat' dir='ltr'>curn</span> <span class='ocrx_word' id='word_1_137' title='bbox 319 1744 389 1788; x_wconf 83' lang='lat' dir='ltr'>vcro</span> <span class='ocrx_word' id='word_1_138' title='bbox 410 1715 576 1804; x_wconf 71' lang='grc' dir='ltr'><strong><em>ἧβόζοντα,</em></strong></span> <span class='ocrx_word' id='word_1_139' title='bbox 598 1724 693 1805; x_wconf 83' lang='lat' dir='ltr'>pubes</span> <span class='ocrx_word' id='word_1_140' title='bbox 713 1726 844 1806; x_wconf 79' lang='lat' dir='ltr'>pulveris.</span> <span class='ocrx_word' id='word_1_141' title='bbox 887 1729 918 1789; x_wconf 90' lang='lat' dir='ltr'>in</span> <span class='ocrx_word' id='word_1_142' title='bbox 941 1748 976 1789; x_wconf 92' lang='lat' dir='ltr'>ex</span> <span class='ocrx_word' id='word_1_143' title='bbox 998 1726 1157 1790; x_wconf 82' lang='lat' dir='ltr'>masculina</span> <span class='ocrx_word' id='word_1_144' title='bbox 1181 1736 1214 1789; x_wconf 92' lang='lat' dir='ltr'>et</span> <span class='ocrx_word' id='word_1_145' title='bbox 1240 1731 1388 1795; x_wconf 76' lang='lat' dir='ltr'>feminina</span> <span class='ocrx_word' id='word_1_146' title='bbox 1404 1733 1439 1795; x_wconf 73' lang='lat' dir='ltr'>ia</span> 
     </span>
     <span class='ocr_line' id='line_1_16' title="bbox 142 1826 1462 1904; baseline 0.001 -17"><span class='ocrx_word' id='word_1_147' title='bbox 142 1827 311 1904; x_wconf 79' lang='lat' dir='ltr'>veniuntur,</span> <span class='ocrx_word' id='word_1_148' title='bbox 340 1836 477 1890; x_wconf 86' lang='lat' dir='ltr'>neutrum</span> <span class='ocrx_word' id='word_1_149' title='bbox 497 1826 610 1890; x_wconf 90' lang='lat' dir='ltr'>nullum</span> <span class='ocrx_word' id='word_1_150' title='bbox 635 1826 692 1888; x_wconf 90' lang='lat' dir='ltr'>nisi</span> <span class='ocrx_word' id='word_1_151' title='bbox 718 1827 1000 1900; x_wconf 89' lang='lat' dir='ltr'>excommunione,</span> <span class='ocrx_word' id='word_1_152' title='bbox 1026 1827 1104 1889; x_wconf 89' lang='lat' dir='ltr'>velut</span> <span class='ocrx_word' id='word_1_153' title='bbox 1125 1830 1293 1894; x_wconf 85' lang='lat' dir='ltr'>masculina</span> <span class='ocrx_word' id='word_1_154' title='bbox 1316 1835 1369 1897; x_wconf 87' lang='lat' dir='ltr'>lric</span> <span class='ocrx_word' id='word_1_155' title='bbox 1386 1848 1462 1899; x_wconf 57' lang='lat' dir='ltr'>vaes</span> 
     </span>
     <span class='ocr_line' id='line_1_17' title="bbox 142 1927 1438 2003; baseline 0.002 -12"><span class='ocrx_word' id='word_1_156' title='bbox 142 1938 190 1991; x_wconf 85' lang='lat' dir='ltr'>tex</span> <span class='ocrx_word' id='word_1_157' title='bbox 212 1928 300 1992; x_wconf 90' lang='lat' dir='ltr'>huius</span> <span class='ocrx_word' id='word_1_158' title='bbox 322 1928 454 2003; x_wconf 86' lang='lat' dir='ltr'>verticis,</span> <span class='ocrx_word' id='word_1_159' title='bbox 488 1928 627 1990; x_wconf 79' lang='lat' dir='ltr'>feminina</span> <span class='ocrx_word' id='word_1_160' title='bbox 649 1928 722 1989; x_wconf 86' lang='lat' dir='ltr'>silex</span> <span class='ocrx_word' id='word_1_161' title='bbox 743 1928 849 2002; x_wconf 90' lang='lat' dir='ltr'>silicis,</span> <span class='ocrx_word' id='word_1_162' title='bbox 878 1946 913 1989; x_wconf 89' lang='lat' dir='ltr'>ex</span> <span class='ocrx_word' id='word_1_163' title='bbox 941 1927 1149 1989; x_wconf 87' lang='lat' dir='ltr'>communione</span> <span class='ocrx_word' id='word_1_164' title='bbox 1177 1928 1229 1991; x_wconf 85' lang='lat' dir='ltr'>hio</span> <span class='ocrx_word' id='word_1_165' title='bbox 1257 1942 1289 1994; x_wconf 92' lang='lat' dir='ltr'>et</span> <span class='ocrx_word' id='word_1_166' title='bbox 1318 1935 1438 1999; x_wconf 83' lang='lat' dir='ltr'>haeeet</span> 
     </span>
     <span class='ocr_line' id='line_1_18' title="bbox 142 2028 1439 2118; baseline 0.005 -27"><span class='ocrx_word' id='word_1_167' title='bbox 142 2030 200 2091; x_wconf 89' lang='lat' dir='ltr'>hoe</span> <span class='ocrx_word' id='word_1_168' title='bbox 221 2030 353 2112; x_wconf 87' lang='lat' dir='ltr'>simplex.</span> <span class='ocrx_word' id='word_1_169' title='bbox 397 2030 504 2091; x_wconf 82' lang='lat' dir='ltr'>honam</span> <span class='ocrx_word' id='word_1_170' title='bbox 525 2029 677 2091; x_wconf 89' lang='lat' dir='ltr'>nominum</span> <span class='ocrx_word' id='word_1_171' title='bbox 703 2028 820 2091; x_wconf 87' lang='lat' dir='ltr'>ablativi</span> <span class='ocrx_word' id='word_1_172' title='bbox 846 2028 961 2091; x_wconf 89' lang='lat' dir='ltr'>diverse</span> <span class='ocrx_word' id='word_1_173' title='bbox 988 2029 1160 2091; x_wconf 81' lang='lat' dir='ltr'>elleruutur.</span> <span class='ocrx_word' id='word_1_174' title='bbox 1203 2048 1341 2114; x_wconf 81' lang='lat' dir='ltr'>namque</span> <span class='ocrx_word' id='word_1_175' title='bbox 1360 2055 1439 2118; x_wconf 80' lang='lat' dir='ltr'>pere</span> 
     </span>
     <span class='ocr_line' id='line_1_19' title="bbox 142 2127 1440 2218; baseline 0.005 -27"><span class='ocrx_word' id='word_1_176' title='bbox 142 2130 322 2208; x_wconf 77' lang='lat' dir='ltr'>atteruntur,</span> <span class='ocrx_word' id='word_1_177' title='bbox 351 2140 384 2194; x_wconf 92' lang='lat' dir='ltr'>ot</span> <span class='ocrx_word' id='word_1_178' title='bbox 406 2131 443 2193; x_wconf 83' lang='lat' dir='ltr'>ab</span> <span class='ocrx_word' id='word_1_179' title='bbox 464 2132 522 2193; x_wconf 92' lang='lat' dir='ltr'>hoo</span> <span class='ocrx_word' id='word_1_180' title='bbox 548 2129 672 2206; x_wconf 86' lang='lat' dir='ltr'>vertice,</span> <span class='ocrx_word' id='word_1_181' title='bbox 699 2138 730 2192; x_wconf 89' lang='lat' dir='ltr'>et</span> <span class='ocrx_word' id='word_1_182' title='bbox 754 2146 809 2211; x_wconf 85' lang='lat' dir='ltr'>per·</span> <span class='ocrx_word' id='word_1_183' title='bbox 836 2127 860 2203; x_wconf 85' lang='lat' dir='ltr'>i,</span> <span class='ocrx_word' id='word_1_184' title='bbox 890 2136 924 2191; x_wconf 90' lang='lat' dir='ltr'>ut</span> <span class='ocrx_word' id='word_1_185' title='bbox 941 2129 979 2192; x_wconf 84' lang='lat' dir='ltr'>ab</span> <span class='ocrx_word' id='word_1_186' title='bbox 999 2133 1056 2192; x_wconf 89' lang='lat' dir='ltr'>hoe</span> <span class='ocrx_word' id='word_1_187' title='bbox 1077 2130 1214 2211; x_wconf 83' lang='lat' dir='ltr'>simplici.</span> <span class='ocrx_word' id='word_1_188' title='bbox 1262 2136 1440 2218; x_wconf 68' lang='lat' dir='ltr'>excipiunt!</span> 
     </span>
     <span class='ocr_line' id='line_1_20' title="bbox 143 2230 1440 2321; baseline 0.005 -28"><span class='ocrx_word' id='word_1_189' title='bbox 143 2248 233 2293; x_wconf 85' lang='lat' dir='ltr'>senex</span> <span class='ocrx_word' id='word_1_190' title='bbox 258 2240 288 2295; x_wconf 90' lang='lat' dir='ltr'>et</span> <span class='ocrx_word' id='word_1_191' title='bbox 316 2232 448 2313; x_wconf 78' lang='lat' dir='ltr'>supellex</span> <span class='ocrx_word' id='word_1_192' title='bbox 475 2232 557 2308; x_wconf 89' lang='lat' dir='ltr'>ideo;</span> <span class='ocrx_word' id='word_1_193' title='bbox 590 2231 659 2294; x_wconf 88' lang='lat' dir='ltr'>lacit</span> <span class='ocrx_word' id='word_1_194' title='bbox 681 2230 760 2292; x_wconf 91' lang='lat' dir='ltr'>euim</span> <span class='ocrx_word' id='word_1_195' title='bbox 786 2230 978 2313; x_wconf 86' lang='lat' dir='ltr'>supellectilis</span> <span class='ocrx_word' id='word_1_196' title='bbox 1005 2240 1035 2294; x_wconf 90' lang='lat' dir='ltr'>et</span> <span class='ocrx_word' id='word_1_197' title='bbox 1060 2232 1149 2295; x_wconf 86' lang='lat' dir='ltr'>senis.</span> <span class='ocrx_word' id='word_1_198' title='bbox 1193 2233 1273 2296; x_wconf 88' lang='lat' dir='ltr'>item</span> <span class='ocrx_word' id='word_1_199' title='bbox 1296 2237 1440 2321; x_wconf 79' lang='lat' dir='ltr'>exeipiua·</span> 
     </span>
     <span class='ocr_line' id='line_1_21' title="bbox 143 2333 1465 2419; baseline 0.002 -24"><span class='ocrx_word' id='word_1_200' title='bbox 143 2340 192 2395; x_wconf 86' lang='lat' dir='ltr'>tur</span> <span class='ocrx_word' id='word_1_201' title='bbox 219 2333 292 2396; x_wconf 86' lang='lat' dir='ltr'>haec</span> <span class='ocrx_word' id='word_1_202' title='bbox 319 2352 395 2416; x_wconf 85' lang='lat' dir='ltr'>qnae</span> <span class='ocrx_word' id='word_1_203' title='bbox 423 2333 588 2419; x_wconf 78' lang='lat' dir='ltr'>genetivum</span> <span class='ocrx_word' id='word_1_204' title='bbox 616 2351 671 2414; x_wconf 90' lang='lat' dir='ltr'>per</span> <span class='ocrx_word' id='word_1_205' title='bbox 699 2333 760 2412; x_wconf 91' lang='lat' dir='ltr'>gis,</span> <span class='ocrx_word' id='word_1_206' title='bbox 793 2349 852 2394; x_wconf 91' lang='lat' dir='ltr'>non</span> <span class='ocrx_word' id='word_1_207' title='bbox 880 2350 935 2413; x_wconf 90' lang='lat' dir='ltr'>per</span> <span class='ocrx_word' id='word_1_208' title='bbox 959 2333 1004 2395; x_wconf 87' lang='lat' dir='ltr'>cis</span> <span class='ocrx_word' id='word_1_209' title='bbox 1030 2333 1156 2408; x_wconf 80' lang='lat' dir='ltr'>iaciunt,</span> <span class='ocrx_word' id='word_1_210' title='bbox 1186 2334 1270 2399; x_wconf 86' lang='lat' dir='ltr'>velut</span> <span class='ocrx_word' id='word_1_211' title='bbox 1296 2356 1372 2417; x_wconf 85' lang='lat' dir='ltr'>grex</span> <span class='ocrx_word' id='word_1_212' title='bbox 1396 2356 1465 2401; x_wconf 85' lang='lat' dir='ltr'>rexs</span> 
     </span>
     <span class='ocr_line' id='line_1_22' title="bbox 142 2452 251 2496; baseline -0.009 0"><span class='ocrx_word' id='word_1_213' title='bbox 142 2452 251 2496; x_wconf 77' lang='lat' dir='ltr'>mmor.</span> 
     </span>
    </p>

    <p class='ocr_par' dir='ltr' id='par_1_4' title="bbox 143 2534 1471 4436">
     <span class='ocr_line' id='line_1_23' title="bbox 228 2534 1441 2616; baseline 0.004 -18"><span class='ocrx_word' id='word_1_214' title='bbox 228 2536 261 2598; x_wconf 91' lang='lat' dir='ltr'>ln</span> <span class='ocrx_word' id='word_1_215' title='bbox 287 2538 305 2599; x_wconf 91' lang='lat' dir='ltr'>il</span> <span class='ocrx_word' id='word_1_216' title='bbox 329 2536 489 2599; x_wconf 86' lang='lat' dir='ltr'>masculina</span> <span class='ocrx_word' id='word_1_217' title='bbox 519 2545 646 2611; x_wconf 87' lang='lat' dir='ltr'>tantum,</span> <span class='ocrx_word' id='word_1_218' title='bbox 680 2534 759 2597; x_wconf 90' lang='lat' dir='ltr'>velut</span> <span class='ocrx_word' id='word_1_219' title='bbox 780 2534 847 2615; x_wconf 93' lang='lat' dir='ltr'>vigil</span> <span class='ocrx_word' id='word_1_220' title='bbox 868 2534 978 2615; x_wconf 86' lang='lat' dir='ltr'>vigilis,</span> <span class='ocrx_word' id='word_1_221' title='bbox 1011 2535 1091 2616; x_wconf 87' lang='lat' dir='ltr'>pugil</span> <span class='ocrx_word' id='word_1_222' title='bbox 1113 2534 1239 2616; x_wconf 89' lang='lat' dir='ltr'>pugilis;</span> <span class='ocrx_word' id='word_1_223' title='bbox 1274 2539 1441 2603; x_wconf 81' lang='lat' dir='ltr'>lernimnun</span> 
     </span>
     <span class='ocr_line' id='line_1_24' title="bbox 143 2635 1441 2718; baseline 0.002 -17"><span class='ocrx_word' id='word_1_224' title='bbox 143 2656 249 2711; x_wconf 81' lang='lat' dir='ltr'>vinum,</span> <span class='ocrx_word' id='word_1_225' title='bbox 278 2638 420 2718; x_wconf 81' lang='lat' dir='ltr'>Tanaquil</span> <span class='ocrx_word' id='word_1_226' title='bbox 439 2636 621 2716; x_wconf 83' lang='lat' dir='ltr'>Tanaquilis3</span> <span class='ocrx_word' id='word_1_227' title='bbox 651 2637 783 2699; x_wconf 75' lang='lat' dir='ltr'>neutrale</span> <span class='ocrx_word' id='word_1_228' title='bbox 811 2635 933 2698; x_wconf 88' lang='lat' dir='ltr'>nullum.</span> <span class='ocrx_word' id='word_1_229' title='bbox 976 2637 1007 2698; x_wconf 93' lang='lat' dir='ltr'>in</span> <span class='ocrx_word' id='word_1_230' title='bbox 1029 2636 1060 2697; x_wconf 90' lang='lat' dir='ltr'>io</span> <span class='ocrx_word' id='word_1_231' title='bbox 1080 2636 1183 2697; x_wconf 85' lang='lat' dir='ltr'>Latina</span> <span class='ocrx_word' id='word_1_232' title='bbox 1203 2637 1302 2714; x_wconf 87' lang='lat' dir='ltr'>nulla,</span> <span class='ocrx_word' id='word_1_233' title='bbox 1338 2642 1441 2703; x_wconf 66' lang='lat' dir='ltr'>Gnate</span> 
     </span>
     <span class='ocr_line' id='line_1_25' title="bbox 143 2736 1440 2822; baseline 0.004 -21"><span class='ocrx_word' id='word_1_234' title='bbox 143 2747 241 2801; x_wconf 86' lang='lat' dir='ltr'>autem</span> <span class='ocrx_word' id='word_1_235' title='bbox 261 2739 381 2822; x_wconf 82' lang='lat' dir='ltr'>delphin</span> <span class='ocrx_word' id='word_1_236' title='bbox 401 2737 565 2818; x_wconf 81' lang='lat' dir='ltr'>delphinis,</span> <span class='ocrx_word' id='word_1_237' title='bbox 598 2737 719 2799; x_wconf 87' lang='lat' dir='ltr'>Telchin</span> <span class='ocrx_word' id='word_1_238' title='bbox 740 2736 898 2799; x_wconf 81' lang='lat' dir='ltr'>Telchinis.</span> <span class='ocrx_word' id='word_1_239' title='bbox 942 2739 1047 2801; x_wconf 88' lang='lat' dir='ltr'>horum</span> <span class='ocrx_word' id='word_1_240' title='bbox 1074 2737 1257 2800; x_wconf 88' lang='lat' dir='ltr'>incusativus</span> <span class='ocrx_word' id='word_1_241' title='bbox 1282 2743 1440 2805; x_wconf 79' lang='lat' dir='ltr'>secundum</span> 
     </span>
     <span class='ocr_line' id='line_1_26' title="bbox 145 2838 1466 2919; baseline 0.001 -17"><span class='ocrx_word' id='word_1_242' title='bbox 145 2842 286 2902; x_wconf 83' lang='lat' dir='ltr'>Graecam</span> <span class='ocrx_word' id='word_1_243' title='bbox 306 2839 528 2902; x_wconf 75' lang='lat' dir='ltr'>declinationem</span> <span class='ocrx_word' id='word_1_244' title='bbox 551 2839 741 2914; x_wconf 88' lang='lat' dir='ltr'>terminatur,</span> <span class='ocrx_word' id='word_1_245' title='bbox 763 2847 796 2899; x_wconf 92' lang='lat' dir='ltr'>ut</span> <span class='ocrx_word' id='word_1_246' title='bbox 817 2838 895 2918; x_wconf 93' lang='lat' dir='ltr'>apud</span> <span class='ocrx_word' id='word_1_247' title='bbox 917 2839 1072 2918; x_wconf 88' lang='lat' dir='ltr'>Vergilium</span> <span class='ocrx_word' id='word_1_248' title='bbox 1093 2839 1296 2919; x_wconf 76' lang='lat' dir='ltr'>‘Orpheus</span> <span class='ocrx_word' id='word_1_249' title='bbox 1317 2843 1358 2905; x_wconf 90' lang='lat' dir='ltr'>io</span> <span class='ocrx_word' id='word_1_250' title='bbox 1383 2843 1466 2906; x_wconf 72' lang='lat' dir='ltr'>sit-s</span> 
     </span>
     <span class='ocr_line' id='line_1_27' title="bbox 144 2937 1441 3024; baseline 0.004 -24"><span class='ocrx_word' id='word_1_251' title='bbox 144 2940 216 3013; x_wconf 86' lang='lat' dir='ltr'>vis,</span> <span class='ocrx_word' id='word_1_252' title='bbox 239 2940 338 3001; x_wconf 88' lang='lat' dir='ltr'>inter</span> <span class='ocrx_word' id='word_1_253' title='bbox 357 2942 562 3022; x_wconf 89' lang='lat' dir='ltr'>delphinas</span> <span class='ocrx_word' id='word_1_254' title='bbox 584 2941 725 3001; x_wconf 82' lang='lat' dir='ltr'>hvion&#39;.</span> <span class='ocrx_word' id='word_1_255' title='bbox 747 2937 760 3024; x_wconf 77' lang='grc' dir='ltr'>ΙΙ</span> <span class='ocrx_word' id='word_1_256' title='bbox 781 2941 812 3001; x_wconf 90' lang='lat' dir='ltr'>in</span> <span class='ocrx_word' id='word_1_257' title='bbox 834 2939 860 3000; x_wconf 90' lang='lat' dir='ltr'>is</span> <span class='ocrx_word' id='word_1_258' title='bbox 880 2940 1042 3003; x_wconf 84' lang='lat' dir='ltr'>masculina</span> <span class='ocrx_word' id='word_1_259' title='bbox 1060 2951 1090 3002; x_wconf 91' lang='lat' dir='ltr'>et</span> <span class='ocrx_word' id='word_1_260' title='bbox 1111 2941 1269 3016; x_wconf 81' lang='lat' dir='ltr'>feminina,</span> <span class='ocrx_word' id='word_1_261' title='bbox 1297 2943 1349 3006; x_wconf 89' lang='lat' dir='ltr'>hio</span> <span class='ocrx_word' id='word_1_262' title='bbox 1370 2944 1441 3007; x_wconf 75' lang='lat' dir='ltr'>tuns</span> 
     </span>
     <span class='ocr_line' id='line_1_28' title="bbox 148 3041 1441 3123; baseline 0.005 -23"><span class='ocrx_word' id='word_1_263' title='bbox 148 3048 177 3101; x_wconf 89' lang='lat' dir='ltr'>et</span> <span class='ocrx_word' id='word_1_264' title='bbox 200 3041 273 3102; x_wconf 89' lang='lat' dir='ltr'>lraec</span> <span class='ocrx_word' id='word_1_265' title='bbox 293 3043 416 3123; x_wconf 89' lang='lat' dir='ltr'>puppis,</span> <span class='ocrx_word' id='word_1_266' title='bbox 445 3041 610 3104; x_wconf 88' lang='lat' dir='ltr'>communio</span> <span class='ocrx_word' id='word_1_267' title='bbox 634 3041 759 3102; x_wconf 90' lang='lat' dir='ltr'>duorum</span> <span class='ocrx_word' id='word_1_268' title='bbox 783 3058 939 3120; x_wconf 89' lang='lat' dir='ltr'>generum,</span> <span class='ocrx_word' id='word_1_269' title='bbox 967 3042 1015 3103; x_wconf 89' lang='lat' dir='ltr'>hic</span> <span class='ocrx_word' id='word_1_270' title='bbox 1036 3051 1066 3103; x_wconf 85' lang='lat' dir='ltr'>ot</span> <span class='ocrx_word' id='word_1_271' title='bbox 1090 3042 1163 3102; x_wconf 89' lang='lat' dir='ltr'>haec</span> <span class='ocrx_word' id='word_1_272' title='bbox 1185 3044 1295 3104; x_wconf 85' lang='lat' dir='ltr'>suavis.</span> <span class='ocrx_word' id='word_1_273' title='bbox 1342 3045 1441 3107; x_wconf 85' lang='lat' dir='ltr'>horum</span> 
     </span>
     <span class='ocr_line' id='line_1_29' title="bbox 146 3141 1441 3227; baseline 0.004 -25"><span class='ocrx_word' id='word_1_274' title='bbox 146 3141 288 3204; x_wconf 84' lang='lat' dir='ltr'>ablativus</span> <span class='ocrx_word' id='word_1_275' title='bbox 316 3143 471 3224; x_wconf 85' lang='lat' dir='ltr'>dupliciter</span> <span class='ocrx_word' id='word_1_276' title='bbox 495 3144 632 3216; x_wconf 75' lang='lat' dir='ltr'>elicitur,</span> <span class='ocrx_word' id='word_1_277' title='bbox 671 3152 700 3203; x_wconf 91' lang='lat' dir='ltr'>et</span> <span class='ocrx_word' id='word_1_278' title='bbox 728 3161 822 3222; x_wconf 87' lang='lat' dir='ltr'>pere</span> <span class='ocrx_word' id='word_1_279' title='bbox 850 3151 880 3203; x_wconf 90' lang='lat' dir='ltr'>et</span> <span class='ocrx_word' id='word_1_280' title='bbox 904 3162 959 3224; x_wconf 90' lang='lat' dir='ltr'>per</span> <span class='ocrx_word' id='word_1_281' title='bbox 983 3142 1007 3218; x_wconf 89' lang='lat' dir='ltr'>i,</span> <span class='ocrx_word' id='word_1_282' title='bbox 1040 3144 1119 3205; x_wconf 85' lang='lat' dir='ltr'>velut</span> <span class='ocrx_word' id='word_1_283' title='bbox 1145 3143 1183 3205; x_wconf 85' lang='lat' dir='ltr'>ah</span> <span class='ocrx_word' id='word_1_284' title='bbox 1210 3144 1269 3206; x_wconf 88' lang='lat' dir='ltr'>hac</span> <span class='ocrx_word' id='word_1_285' title='bbox 1291 3154 1441 3227; x_wconf 88' lang='lat' dir='ltr'>puppect</span> 
     </span>
     <span class='ocr_line' id='line_1_30' title="bbox 145 3244 1442 3327; baseline 0.005 -23"><span class='ocrx_word' id='word_1_286' title='bbox 145 3244 254 3324; x_wconf 83' lang='lat' dir='ltr'>puppi3</span> <span class='ocrx_word' id='word_1_287' title='bbox 287 3245 357 3306; x_wconf 92' lang='lat' dir='ltr'>item</span> <span class='ocrx_word' id='word_1_288' title='bbox 380 3245 564 3307; x_wconf 86' lang='lat' dir='ltr'>accusativus</span> <span class='ocrx_word' id='word_1_289' title='bbox 582 3244 707 3325; x_wconf 83' lang='lat' dir='ltr'>duplex,</span> <span class='ocrx_word' id='word_1_290' title='bbox 736 3245 813 3306; x_wconf 91' lang='lat' dir='ltr'>hanc</span> <span class='ocrx_word' id='word_1_291' title='bbox 834 3261 965 3325; x_wconf 86' lang='lat' dir='ltr'>puppem</span> <span class='ocrx_word' id='word_1_292' title='bbox 983 3254 1013 3306; x_wconf 89' lang='lat' dir='ltr'>et</span> <span class='ocrx_word' id='word_1_293' title='bbox 1034 3246 1172 3327; x_wconf 65' lang='lat' dir='ltr'>puppim</span> <span class='ocrx_word' id='word_1_294' title='bbox 1199 3254 1314 3310; x_wconf 86' lang='lat' dir='ltr'>turrem</span> <span class='ocrx_word' id='word_1_295' title='bbox 1337 3258 1368 3310; x_wconf 91' lang='lat' dir='ltr'>et</span> <span class='ocrx_word' id='word_1_296' title='bbox 1387 3258 1442 3311; x_wconf 85' lang='lat' dir='ltr'>lur-</span> 
     </span>
     <span class='ocr_line' id='line_1_31' title="bbox 144 3334 1468 3429; baseline 0.002 -25"><span class='ocrx_word' id='word_1_297' title='bbox 144 3342 210 3404; x_wconf 84' lang='lat' dir='ltr'>rim.</span> <span class='ocrx_word' id='word_1_298' title='bbox 256 3345 356 3426; x_wconf 89' lang='lat' dir='ltr'>utique</span> <span class='ocrx_word' id='word_1_299' title='bbox 389 3334 452 3408; x_wconf 79' lang='lat' dir='ltr'>eius</span> <span class='ocrx_word' id='word_1_300' title='bbox 483 3347 560 3409; x_wconf 90' lang='lat' dir='ltr'>modi</span> <span class='ocrx_word' id='word_1_301' title='bbox 589 3346 738 3407; x_wconf 89' lang='lat' dir='ltr'>nominum</span> <span class='ocrx_word' id='word_1_302' title='bbox 769 3343 892 3427; x_wconf 90' lang='lat' dir='ltr'>pluralis</span> <span class='ocrx_word' id='word_1_303' title='bbox 921 3347 1072 3424; x_wconf 89' lang='lat' dir='ltr'>genetivus</span> <span class='ocrx_word' id='word_1_304' title='bbox 1100 3355 1168 3408; x_wconf 92' lang='lat' dir='ltr'>aute</span> <span class='ocrx_word' id='word_1_305' title='bbox 1197 3366 1246 3408; x_wconf 88' lang='lat' dir='ltr'>um</span> <span class='ocrx_word' id='word_1_306' title='bbox 1276 3349 1418 3429; x_wconf 74' lang='lat' dir='ltr'>syllabam</span> <span class='ocrx_word' id='word_1_307' title='bbox 1435 3348 1468 3407; x_wconf 79' lang='lat' dir='ltr'>iv</span> 
     </span>
     <span class='ocr_line' id='line_1_32' title="bbox 145 3438 1442 3533; baseline 0.005 -26"><span class='ocrx_word' id='word_1_308' title='bbox 145 3445 248 3522; x_wconf 87' lang='lat' dir='ltr'>habet,</span> <span class='ocrx_word' id='word_1_309' title='bbox 271 3447 348 3510; x_wconf 89' lang='lat' dir='ltr'>velut</span> <span class='ocrx_word' id='word_1_310' title='bbox 369 3450 474 3512; x_wconf 85' lang='lat' dir='ltr'>lrarurn</span> <span class='ocrx_word' id='word_1_311' title='bbox 496 3448 654 3529; x_wconf 91' lang='lat' dir='ltr'>puppium,</span> <span class='ocrx_word' id='word_1_312' title='bbox 678 3447 780 3507; x_wconf 80' lang='lat' dir='ltr'>henim</span> <span class='ocrx_word' id='word_1_313' title='bbox 803 3446 935 3509; x_wconf 85' lang='lat' dir='ltr'>turrium.</span> <span class='ocrx_word' id='word_1_314' title='bbox 974 3438 1159 3533; x_wconf 78' lang='lat' dir='ltr'>excipiuntur</span> <span class='ocrx_word' id='word_1_315' title='bbox 1180 3449 1255 3510; x_wconf 88' lang='lat' dir='ltr'>haec</span> <span class='ocrx_word' id='word_1_316' title='bbox 1275 3450 1347 3525; x_wconf 84' lang='lat' dir='ltr'>tria,</span> <span class='ocrx_word' id='word_1_317' title='bbox 1372 3469 1442 3530; x_wconf 83' lang='lat' dir='ltr'>quae</span> 
     </span>
     <span class='ocr_line' id='line_1_33' title="bbox 145 3546 1442 3628; baseline 0.004 -20"><span class='ocrx_word' id='word_1_318' title='bbox 145 3547 265 3610; x_wconf 89' lang='lat' dir='ltr'>omnino</span> <span class='ocrx_word' id='word_1_319' title='bbox 288 3550 297 3610; x_wconf 97' lang='lat' dir='ltr'>i</span> <span class='ocrx_word' id='word_1_320' title='bbox 320 3549 447 3612; x_wconf 88' lang='lat' dir='ltr'>litteram</span> <span class='ocrx_word' id='word_1_321' title='bbox 473 3567 569 3628; x_wconf 86' lang='lat' dir='ltr'>neque</span> <span class='ocrx_word' id='word_1_322' title='bbox 596 3547 730 3626; x_wconf 88' lang='lat' dir='ltr'>genetivo</span> <span class='ocrx_word' id='word_1_323' title='bbox 754 3546 859 3627; x_wconf 85' lang='lat' dir='ltr'>plurali</span> <span class='ocrx_word' id='word_1_324' title='bbox 887 3568 983 3628; x_wconf 87' lang='lat' dir='ltr'>neque</span> <span class='ocrx_word' id='word_1_325' title='bbox 1009 3549 1169 3611; x_wconf 86' lang='lat' dir='ltr'>incusativo</span> <span class='ocrx_word' id='word_1_326' title='bbox 1195 3566 1294 3628; x_wconf 88' lang='lat' dir='ltr'>neque</span> <span class='ocrx_word' id='word_1_327' title='bbox 1321 3552 1442 3615; x_wconf 83' lang='lat' dir='ltr'>ablativo</span> 
     </span>
     <span class='ocr_line' id='line_1_34' title="bbox 146 3648 1443 3733; baseline 0.003 -23"><span class='ocrx_word' id='word_1_328' title='bbox 146 3648 286 3728; x_wconf 85' lang='lat' dir='ltr'>singulari</span> <span class='ocrx_word' id='word_1_329' title='bbox 309 3650 480 3727; x_wconf 84' lang='lat' dir='ltr'>admitnrnr;</span> <span class='ocrx_word' id='word_1_330' title='bbox 509 3658 578 3712; x_wconf 92' lang='lat' dir='ltr'>sunt</span> <span class='ocrx_word' id='word_1_331' title='bbox 597 3658 694 3711; x_wconf 90' lang='lat' dir='ltr'>autem</span> <span class='ocrx_word' id='word_1_332' title='bbox 717 3650 805 3722; x_wconf 85' lang='lat' dir='ltr'>haec,</span> <span class='ocrx_word' id='word_1_333' title='bbox 835 3650 920 3730; x_wconf 89' lang='lat' dir='ltr'>panis</span> <span class='ocrx_word' id='word_1_334' title='bbox 942 3652 1024 3713; x_wconf 89' lang='lat' dir='ltr'>oanis</span> <span class='ocrx_word' id='word_1_335' title='bbox 1046 3650 1167 3712; x_wconf 87' lang='lat' dir='ltr'>invenis.</span> <span class='ocrx_word' id='word_1_336' title='bbox 1212 3653 1402 3733; x_wconf 85' lang='lat' dir='ltr'>excipiuntur</span> <span class='ocrx_word' id='word_1_337' title='bbox 1416 3662 1443 3714; x_wconf 89' lang='lat' dir='ltr'>et</span> 
     </span>
     <span class='ocr_line' id='line_1_35' title="bbox 145 3750 1442 3836; baseline 0.005 -25"><span class='ocrx_word' id='word_1_338' title='bbox 145 3750 219 3812; x_wconf 87' lang='lat' dir='ltr'>lraec</span> <span class='ocrx_word' id='word_1_339' title='bbox 243 3769 318 3830; x_wconf 82' lang='lat' dir='ltr'>quae</span> <span class='ocrx_word' id='word_1_340' title='bbox 339 3753 473 3831; x_wconf 88' lang='lat' dir='ltr'>genetivo</span> <span class='ocrx_word' id='word_1_341' title='bbox 495 3760 646 3825; x_wconf 88' lang='lat' dir='ltr'>crescunt,</span> <span class='ocrx_word' id='word_1_342' title='bbox 675 3751 753 3812; x_wconf 86' lang='lat' dir='ltr'>velut</span> <span class='ocrx_word' id='word_1_343' title='bbox 779 3751 853 3813; x_wconf 81' lang='lat' dir='ltr'>einis</span> <span class='ocrx_word' id='word_1_344' title='bbox 875 3752 949 3831; x_wconf 87' lang='lat' dir='ltr'>lapis</span> <span class='ocrx_word' id='word_1_345' title='bbox 971 3752 1067 3833; x_wconf 92' lang='lat' dir='ltr'>pulvis</span> <span class='ocrx_word' id='word_1_346' title='bbox 1090 3753 1211 3832; x_wconf 88' lang='lat' dir='ltr'>sanguis</span> <span class='ocrx_word' id='word_1_347' title='bbox 1231 3756 1325 3816; x_wconf 90' lang='lat' dir='ltr'>vomis</span> <span class='ocrx_word' id='word_1_348' title='bbox 1347 3756 1442 3836; x_wconf 84' lang='lat' dir='ltr'>cuspis</span> 
     </span>
     <span class='ocr_line' id='line_1_36' title="bbox 148 3852 1469 3934; baseline 0.007 -23"><span class='ocrx_word' id='word_1_349' title='bbox 148 3852 281 3915; x_wconf 79' lang='lat' dir='ltr'>cucumis</span> <span class='ocrx_word' id='word_1_350' title='bbox 310 3852 396 3933; x_wconf 91' lang='lat' dir='ltr'>pollis</span> <span class='ocrx_word' id='word_1_351' title='bbox 424 3852 460 3914; x_wconf 91' lang='lat' dir='ltr'>lis</span> <span class='ocrx_word' id='word_1_352' title='bbox 487 3853 529 3914; x_wconf 81' lang='lat' dir='ltr'>vis</span> <span class='ocrx_word' id='word_1_353' title='bbox 558 3853 613 3933; x_wconf 88' lang='lat' dir='ltr'>glis</span> <span class='ocrx_word' id='word_1_354' title='bbox 640 3854 701 3915; x_wconf 82' lang='lat' dir='ltr'>llis.</span> <span class='ocrx_word' id='word_1_355' title='bbox 747 3854 856 3914; x_wconf 85' lang='lat' dir='ltr'>Graeca</span> <span class='ocrx_word' id='word_1_356' title='bbox 879 3872 948 3915; x_wconf 87' lang='lat' dir='ltr'>vero</span> <span class='ocrx_word' id='word_1_357' title='bbox 974 3854 1131 3934; x_wconf 88' lang='lat' dir='ltr'>dupliciter</span> <span class='ocrx_word' id='word_1_358' title='bbox 1156 3856 1351 3919; x_wconf 88' lang='lat' dir='ltr'>declinantur.</span> <span class='ocrx_word' id='word_1_359' title='bbox 1396 3866 1469 3919; x_wconf 58' lang='lat' dir='ltr'>aute</span> 
     </span>
     <span class='ocr_line' id='line_1_37' title="bbox 148 3953 1442 4037; baseline 0.005 -23"><span class='ocrx_word' id='word_1_360' title='bbox 148 3953 227 4014; x_wconf 88' lang='lat' dir='ltr'>eninr</span> <span class='ocrx_word' id='word_1_361' title='bbox 248 3962 386 4015; x_wconf 87' lang='lat' dir='ltr'>crescunt</span> <span class='ocrx_word' id='word_1_362' title='bbox 408 3955 557 4033; x_wconf 88' lang='lat' dir='ltr'>genetivo,</span> <span class='ocrx_word' id='word_1_363' title='bbox 580 3963 613 4016; x_wconf 90' lang='lat' dir='ltr'>nt</span> <span class='ocrx_word' id='word_1_364' title='bbox 634 3956 734 4016; x_wconf 84' lang='lat' dir='ltr'>Thetis</span> <span class='ocrx_word' id='word_1_365' title='bbox 756 3954 903 4027; x_wconf 83' lang='lat' dir='ltr'>Thetidis,</span> <span class='ocrx_word' id='word_1_366' title='bbox 925 3963 976 4016; x_wconf 91' lang='lat' dir='ltr'>aut</span> <span class='ocrx_word' id='word_1_367' title='bbox 998 3957 1123 4018; x_wconf 90' lang='lat' dir='ltr'>eundem</span> <span class='ocrx_word' id='word_1_368' title='bbox 1144 3967 1263 4019; x_wconf 89' lang='lat' dir='ltr'>servant</span> <span class='ocrx_word' id='word_1_369' title='bbox 1280 3960 1442 4037; x_wconf 82' lang='lat' dir='ltr'>genetivum</span> 
     </span>
     <span class='ocr_line' id='line_1_38' title="bbox 146 4055 1440 4132; baseline 0.006 -18"><span class='ocrx_word' id='word_1_370' title='bbox 146 4070 234 4131; x_wconf 84' lang='lat' dir='ltr'>quem</span> <span class='ocrx_word' id='word_1_371' title='bbox 252 4064 282 4116; x_wconf 90' lang='lat' dir='ltr'>et</span> <span class='ocrx_word' id='word_1_372' title='bbox 304 4055 530 4132; x_wconf 86' lang='lat' dir='ltr'>nominativum,</span> <span class='ocrx_word' id='word_1_373' title='bbox 553 4065 586 4118; x_wconf 90' lang='lat' dir='ltr'>ut</span> <span class='ocrx_word' id='word_1_374' title='bbox 604 4056 652 4117; x_wconf 90' lang='lat' dir='ltr'>hic</span> <span class='ocrx_word' id='word_1_375' title='bbox 672 4056 776 4117; x_wconf 80' lang='lat' dir='ltr'>Zeusis</span> <span class='ocrx_word' id='word_1_376' title='bbox 798 4057 886 4118; x_wconf 85' lang='lat' dir='ltr'>huius</span> <span class='ocrx_word' id='word_1_377' title='bbox 908 4057 1028 4132; x_wconf 87' lang='lat' dir='ltr'>Zeuxis,</span> <span class='ocrx_word' id='word_1_378' title='bbox 1049 4058 1098 4119; x_wconf 90' lang='lat' dir='ltr'>hic</span> <span class='ocrx_word' id='word_1_379' title='bbox 1120 4057 1216 4120; x_wconf 73' lang='lat' dir='ltr'>Meris</span> <span class='ocrx_word' id='word_1_380' title='bbox 1236 4060 1326 4122; x_wconf 87' lang='lat' dir='ltr'>huius</span> <span class='ocrx_word' id='word_1_381' title='bbox 1339 4060 1440 4122; x_wconf 78' lang='lat' dir='ltr'>Alexis</span> 
     </span>
     <span class='ocr_line' id='line_1_39' title="bbox 144 4152 1441 4234; baseline 0.006 -21"><span class='ocrx_word' id='word_1_382' title='bbox 144 4152 188 4214; x_wconf 87' lang='lat' dir='ltr'>vis</span> <span class='ocrx_word' id='word_1_383' title='bbox 210 4171 279 4215; x_wconf 87' lang='lat' dir='ltr'>vero</span> <span class='ocrx_word' id='word_1_384' title='bbox 307 4154 494 4234; x_wconf 84' lang='lat' dir='ltr'>singulariter</span> <span class='ocrx_word' id='word_1_385' title='bbox 521 4166 633 4220; x_wconf 85' lang='lat' dir='ltr'>tanturn</span> <span class='ocrx_word' id='word_1_386' title='bbox 657 4156 833 4230; x_wconf 88' lang='lat' dir='ltr'>declinatur,</span> <span class='ocrx_word' id='word_1_387' title='bbox 865 4158 944 4219; x_wconf 89' lang='lat' dir='ltr'>velut</span> <span class='ocrx_word' id='word_1_388' title='bbox 972 4160 1045 4219; x_wconf 88' lang='lat' dir='ltr'>hooc</span> <span class='ocrx_word' id='word_1_389' title='bbox 1074 4159 1115 4222; x_wconf 85' lang='lat' dir='ltr'>vis</span> <span class='ocrx_word' id='word_1_390' title='bbox 1144 4159 1233 4221; x_wconf 90' lang='lat' dir='ltr'>huius</span> <span class='ocrx_word' id='word_1_391' title='bbox 1263 4162 1317 4223; x_wconf 87' lang='lat' dir='ltr'>vis.</span> <span class='ocrx_word' id='word_1_392' title='bbox 1361 4161 1441 4224; x_wconf 88' lang='lat' dir='ltr'>iuix</span> 
     </span>
     <span class='ocr_line' id='line_1_40' title="bbox 146 4255 1441 4340; baseline 0.009 -26"><span class='ocrx_word' id='word_1_393' title='bbox 146 4255 308 4317; x_wconf 89' lang='lat' dir='ltr'>masculina</span> <span class='ocrx_word' id='word_1_394' title='bbox 330 4265 360 4317; x_wconf 89' lang='lat' dir='ltr'>ot</span> <span class='ocrx_word' id='word_1_395' title='bbox 384 4257 538 4332; x_wconf 81' lang='lat' dir='ltr'>feminina,</span> <span class='ocrx_word' id='word_1_396' title='bbox 577 4258 707 4321; x_wconf 78' lang='lat' dir='ltr'>neuhale</span> <span class='ocrx_word' id='word_1_397' title='bbox 737 4278 792 4339; x_wconf 90' lang='lat' dir='ltr'>per</span> <span class='ocrx_word' id='word_1_398' title='bbox 821 4279 853 4321; x_wconf 88' lang='lat' dir='ltr'>se</span> <span class='ocrx_word' id='word_1_399' title='bbox 887 4260 998 4322; x_wconf 90' lang='lat' dir='ltr'>nullum</span> <span class='ocrx_word' id='word_1_400' title='bbox 1024 4260 1081 4322; x_wconf 91' lang='lat' dir='ltr'>nisi</span> <span class='ocrx_word' id='word_1_401' title='bbox 1110 4278 1165 4340; x_wconf 89' lang='lat' dir='ltr'>per</span> <span class='ocrx_word' id='word_1_402' title='bbox 1191 4264 1441 4335; x_wconf 66' lang='lat' dir='ltr'>communionem</span> 
     </span>
     <span class='ocr_line' id='line_1_41' title="bbox 146 4356 1471 4436; baseline 0.005 -21"><span class='ocrx_word' id='word_1_403' title='bbox 146 4356 305 4418; x_wconf 86' lang='lat' dir='ltr'>masculina</span> <span class='ocrx_word' id='word_1_404' title='bbox 324 4358 372 4421; x_wconf 92' lang='lat' dir='ltr'>hic</span> <span class='ocrx_word' id='word_1_405' title='bbox 394 4359 469 4421; x_wconf 81' lang='lat' dir='ltr'>calix</span> <span class='ocrx_word' id='word_1_406' title='bbox 489 4360 577 4422; x_wconf 90' lang='lat' dir='ltr'>huius</span> <span class='ocrx_word' id='word_1_407' title='bbox 599 4361 714 4432; x_wconf 88' lang='lat' dir='ltr'>calicis,</span> <span class='ocrx_word' id='word_1_408' title='bbox 743 4361 881 4422; x_wconf 90' lang='lat' dir='ltr'>leminina</span> <span class='ocrx_word' id='word_1_409' title='bbox 910 4362 982 4423; x_wconf 84' lang='lat' dir='ltr'>salix</span> <span class='ocrx_word' id='word_1_410' title='bbox 1011 4361 1123 4436; x_wconf 88' lang='lat' dir='ltr'>salicis,</span> <span class='ocrx_word' id='word_1_411' title='bbox 1155 4365 1325 4426; x_wconf 89' lang='lat' dir='ltr'>communia</span> <span class='ocrx_word' id='word_1_412' title='bbox 1345 4364 1393 4425; x_wconf 89' lang='lat' dir='ltr'>hio</span> <span class='ocrx_word' id='word_1_413' title='bbox 1414 4372 1471 4424; x_wconf 80' lang='lat' dir='ltr'>eto</span> 
     </span>
    </p>
   </div>
   <div class='ocr_carea' id='block_1_4' title="bbox 143 4509 1439 4787">
    <p class='ocr_par' dir='ltr' id='par_1_5' title="bbox 215 4509 1438 4582">
     <span class='ocr_line' id='line_1_42' title="bbox 215 4509 1438 4582; baseline 0 -19"><span class='ocrx_word' id='word_1_414' title='bbox 215 4509 336 4577; x_wconf 87' lang='lat' dir='ltr'>letiam]</span> <span class='ocrx_word' id='word_1_415' title='bbox 361 4513 418 4564; x_wconf 85' lang='lat' dir='ltr'>Ter.</span> <span class='ocrx_word' id='word_1_416' title='bbox 435 4514 517 4564; x_wconf 82' lang='lat' dir='ltr'>Andr.</span> <span class='ocrx_word' id='word_1_417' title='bbox 530 4515 551 4563; x_wconf 95' lang='lat' dir='ltr'>ll</span> <span class='ocrx_word' id='word_1_418' title='bbox 566 4514 592 4576; x_wconf 79' lang='lat'>2,</span> <span class='ocrx_word' id='word_1_419' title='bbox 606 4515 637 4566; x_wconf 83' lang='lat' dir='ltr'>at</span> <span class='ocrx_word' id='word_1_420' title='bbox 710 4513 962 4579; x_wconf 77' lang='lat' dir='ltr'>2l&#39;ergilirrs1Aen.</span> <span class='ocrx_word' id='word_1_421' title='bbox 978 4515 1062 4566; x_wconf 72' lang='lat' dir='ltr'>vam</span> <span class='ocrx_word' id='word_1_422' title='bbox 1132 4516 1231 4567; x_wconf 83' lang='lat' dir='ltr'>3llexu</span> <span class='ocrx_word' id='word_1_423' title='bbox 1245 4517 1271 4567; x_wconf 74' lang='grc' dir='ltr'><em>Β</em></span> <span class='ocrx_word' id='word_1_424' title='bbox 1340 4512 1438 4582; x_wconf 69' lang='lat' dir='ltr'>ospes]</span> 
     </span>
    </p>

    <p class='ocr_par' dir='ltr' id='par_1_6' title="bbox 143 4578 1439 4787">
     <span class='ocr_line' id='line_1_43' title="bbox 143 4578 1439 4651; baseline 0.005 -24"><span class='ocrx_word' id='word_1_425' title='bbox 143 4578 216 4646; x_wconf 86' lang='lat' dir='ltr'>pleps</span> <span class='ocrx_word' id='word_1_426' title='bbox 233 4582 259 4630; x_wconf 89' lang='lat' dir='ltr'><em>B</em></span> <span class='ocrx_word' id='word_1_427' title='bbox 347 4582 378 4633; x_wconf 78' lang='lat' dir='ltr'>ll</span> <span class='ocrx_word' id='word_1_428' title='bbox 397 4583 422 4631; x_wconf 90' lang='lat' dir='ltr'>ln</span> <span class='ocrx_word' id='word_1_429' title='bbox 442 4598 474 4632; x_wconf 86' lang='lat' dir='ltr'>ex</span> <span class='ocrx_word' id='word_1_430' title='bbox 492 4611 526 4618; x_wconf 96' lang='lat'><em>-</em></span> <span class='ocrx_word' id='word_1_431' title='bbox 544 4584 576 4632; x_wconf 73' lang='lat' dir='ltr'>‘ll</span> <span class='ocrx_word' id='word_1_432' title='bbox 596 4598 683 4633; x_wconf 88' lang='lat' dir='ltr'>remex</span> <span class='ocrx_word' id='word_1_433' title='bbox 704 4583 801 4633; x_wconf 80' lang='lat' dir='ltr'>Choria.</span> <span class='ocrx_word' id='word_1_434' title='bbox 819 4599 846 4647; x_wconf 85' lang='lat' dir='ltr'>p.</span> <span class='ocrx_word' id='word_1_435' title='bbox 865 4584 900 4634; x_wconf 73' lang='lat' dir='ltr'>ot</span> <span class='ocrx_word' id='word_1_436' title='bbox 917 4601 955 4650; x_wconf 81' lang='lat' dir='ltr'>sp.</span> <span class='ocrx_word' id='word_1_437' title='bbox 1050 4583 1084 4634; x_wconf 75' lang='grc'>20</span> <span class='ocrx_word' id='word_1_438' title='bbox 1102 4600 1182 4650; x_wconf 84' lang='lat' dir='ltr'>graex</span> <span class='ocrx_word' id='word_1_439' title='bbox 1200 4587 1226 4636; x_wconf 91' lang='lat' dir='ltr'><em>B</em></span> <span class='ocrx_word' id='word_1_440' title='bbox 1323 4588 1355 4638; x_wconf 74' lang='lat'>25</span> <span class='ocrx_word' id='word_1_441' title='bbox 1374 4584 1439 4651; x_wconf 87' lang='lat' dir='ltr'>apud</span> 
     </span>
     <span class='ocr_line' id='line_1_44' title="bbox 145 4646 1439 4719; baseline 0.005 -23"><span class='ocrx_word' id='word_1_442' title='bbox 145 4646 296 4715; x_wconf 86' lang='lat' dir='ltr'>Vergilium]</span> <span class='ocrx_word' id='word_1_443' title='bbox 317 4652 398 4703; x_wconf 72' lang='lat' dir='ltr'>dracoi.</span> <span class='ocrx_word' id='word_1_444' title='bbox 414 4651 440 4711; x_wconf 89' lang='lat'>8,</span> <span class='ocrx_word' id='word_1_445' title='bbox 459 4653 493 4703; x_wconf 77' lang='grc'>56</span> <span class='ocrx_word' id='word_1_446' title='bbox 571 4652 647 4703; x_wconf 77' lang='lat' dir='ltr'>autu</span> <span class='ocrx_word' id='word_1_447' title='bbox 666 4653 740 4702; x_wconf 86' lang='lat' dir='ltr'>is-</span> <span class='ocrx_word' id='word_1_448' title='bbox 755 4651 788 4701; x_wconf 80' lang='lat'>38</span> <span class='ocrx_word' id='word_1_449' title='bbox 807 4653 846 4703; x_wconf 87' lang='lat' dir='ltr'>vis</span> <span class='ocrx_word' id='word_1_450' title='bbox 864 4654 961 4706; x_wconf 81' lang='lat' dir='ltr'>Charis.</span> <span class='ocrx_word' id='word_1_451' title='bbox 977 4671 1005 4719; x_wconf 84' lang='lat' dir='ltr'>p.</span> <span class='ocrx_word' id='word_1_452' title='bbox 1021 4653 1056 4705; x_wconf 83' lang='lat'>68</span> <span class='ocrx_word' id='word_1_453' title='bbox 1072 4671 1112 4719; x_wconf 87' lang='lat' dir='ltr'>sq.</span> <span class='ocrx_word' id='word_1_454' title='bbox 1188 4653 1220 4705; x_wconf 78' lang='lat' dir='ltr'>ot</span> <span class='ocrx_word' id='word_1_455' title='bbox 1242 4656 1338 4707; x_wconf 85' lang='lat' dir='ltr'>habent</span> <span class='ocrx_word' id='word_1_456' title='bbox 1355 4656 1381 4706; x_wconf 88' lang='lat' dir='ltr'><em>B</em></span> <span class='ocrx_word' id='word_1_457' title='bbox 1397 4654 1439 4703; x_wconf 83' lang='lat' dir='ltr'>lra-</span> 
     </span>
     <span class='ocr_line' id='line_1_45' title="bbox 143 4715 825 4787; baseline 0.012 -25"><span class='ocrx_word' id='word_1_458' title='bbox 143 4715 210 4765; x_wconf 86' lang='lat' dir='ltr'>bebit</span> <span class='ocrx_word' id='word_1_459' title='bbox 229 4719 327 4771; x_wconf 75' lang='lat' dir='ltr'>Choria.</span> <span class='ocrx_word' id='word_1_460' title='bbox 341 4736 370 4784; x_wconf 85' lang='lat' dir='ltr'>p.</span> <span class='ocrx_word' id='word_1_461' title='bbox 390 4720 425 4772; x_wconf 88' lang='grc'>68</span> <span class='ocrx_word' id='word_1_462' title='bbox 501 4721 535 4771; x_wconf 85' lang='grc'>35</span> <span class='ocrx_word' id='word_1_463' title='bbox 552 4721 625 4787; x_wconf 86' lang='lat' dir='ltr'>gliris</span> <span class='ocrx_word' id='word_1_464' title='bbox 641 4738 709 4773; x_wconf 82' lang='lat' dir='ltr'>corr.</span> <span class='ocrx_word' id='word_1_465' title='bbox 729 4721 780 4787; x_wconf 86' lang='lat' dir='ltr'>glis</span> <span class='ocrx_word' id='word_1_466' title='bbox 799 4721 825 4770; x_wconf 91' lang='lat' dir='ltr'><em>B</em></span> 
     </span>
    </p>
   </div>
   <div class='ocr_carea' id='block_1_5' title="bbox 0 0 1571 5356">
    <p class='ocr_par' dir='ltr' id='par_1_7' title="bbox 0 0 1571 5356">
     <span class='ocr_line' id='line_1_46' title="bbox 0 0 1571 5356; baseline 0 0"><span class='ocrx_word' id='word_1_467' title='bbox 0 0 1571 5356; x_wconf 95' lang='lat' dir='ltr'> </span> 
     </span>
    </p>
   </div>
  </div>
 </body>
</html>
