3114 5356
180 258 244 321 bat
397 309 402 318 .
744 254 928 321 otonols

186 375 317 528 ⁸21>be
331 372 551 506 &dietericum
573 451 699 507 menum
721 444 826 518 babet,
848 441 927 523 quod
949 449 981 503 ut
1003 457 1092 521 supra
1113 439 1244 504 diximus
1268 370 1449 520 sistitis?

350 564 505 627 osaepe
526 561 670 606 mecum
691 552 838 627 tempus
863 546 900 607 in
931 544 1111 606 ultimum.

183 659 285 713 octava
306 648 361 709 ode
382 646 561 727 sapphicum
583 656 708 707 metrum
730 645 834 722 babet,
856 645 936 724 quod
958 653 990 706 ut
1011 662 1101 725 supra
1123 641 1251 707 diximus
1277 648 1444 723 scanditur,

352 747 426 809 ulta
457 749 489 809 si
512 747 614 809 iuris
634 745 709 809 tibi
731 746 903 834 peierati.

185 870 264 915 nona
284 850 340 911 ode
361 813 509 910 Alcaicum
529 855 655 911 metrum
677 848 782 925 babet,
804 848 884 927 quod
905 855 1046 928 utsupra
1068 845 1193 909 diximus
1212 848 1384 923 scanditur,
1493 871 1502 908 ι

352 969 424 1010 non
449 966 599 1029 semper
619 949 761 1011 imbres
783 948 949 1011 nubibus
979 947 1162 1028 bispidos

185 1053 297 1115 decima
320 1053 376 1113 ode
395 1050 575 1130 Sapphicum
595 1016 720 1113 mettium
743 1050 848 1121 babet,
867 1050 946 1130 quod
969 1056 1113 1131 utsupra
1136 1050 1265 1112 diximus
1289 1053 1451 1126 scanditur,

352 1155 502 1244 rectius
524 1155 627 1241 silves
648 1151 785 1242 Lilcini‘
801 1169 924 1233 neque
945 1150 1069 1213 alturn-

186 1257 340 1319 undecima
361 1255 417 1317 ode
439 1254 586 1317 bicaicum
607 1264 734 1316 metrum
755 1253 860 1330 babet,
882 1252 961 1333 quod
983 1260 1124 1333 utsupra
1145 1253 1276 1319 diximus
1300 1255 1462 1327 scanditur,

352 1357 440 1434 quid
463 1338 675 1446 bellicosus
699 1355 893 1442 Cantaber!-
909 1361 945 1414 et
967 1353 1139 1432 Scythes
1494 1374 1510 1411 o

186 1456 359 1519 duodecima
386 1456 442 1517 ode
462 1456 682 1537 asclepiadeum
712 1465 838 1519 metrum
860 1454 949 1517 babet
976 1462 1006 1516 et
1032 1473 1086 1535 per
1111 1465 1251 1534 quattum
1277 1477 1387 1521 sersus
1408 1474 1484 1520 scau

185 1555 273 1618 ditur.
316 1575 384 1617 nam
400 1552 413 1639 ΙΙ
428 1564 489 1618 tres
511 1557 774 1636 penthemimeres,
794 1566 919 1637 quartus
941 1556 1066 1639 tripodis
1086 1556 1230 1636 dactylico
1253 1560 1435 1640 appellatur,

90 1648 93 1653 ’
355 1657 464 1746 notis!
486 1659 599 1737 ionga
622 1660 734 1748 te‘rae‘
758 1658 857 1721 betia
879 1657 1114 1739 Numantiae.

186 1759 406 1820 tertiadecima
432 1760 488 1820 ode
509 1760 658 1823 bicairnm
683 1770 808 1822 metrum
831 1760 937 1835 habet,
964 1760 1043 1840 quod
1071 1769 1104 1823 ut
1130 1779 1219 1839 supra
1249 1760 1382 1823 diximus
1409 1778 1482 1821 sran-

186 1861 275 1935 ditur,

352 1961 419 2021 itte
439 1969 477 2022 et
495 1965 651 2051 nefasto
675 1973 709 2025 te
730 1965 863 2053 posu‘it
884 1960 978 2046 dict

185 2071 287 2141 quarta
311 2063 424 2123 decima
445 2064 500 2124 ode
523 2065 579 2126 boc
599 2066 676 2127 idem
696 2075 822 2129 metrum
846 2066 934 2127 babet
955 2074 984 2125 et
1004 2064 1139 2126 similiter
1159 2063 1325 2135 scanditur,

350 2165 444 2225 ebcu
467 2167 628 2255 snga‘ces
650 2168 839 2256 Postume!
859 2167 1045 2229 Postume.

185 2267 286 2345 queinta
305 2266 418 2328 decima
441 2268 497 2328 ode
515 2268 694 2348 Seppbicum
715 2279 840 2333 menum
862 2267 951 2329 habet
972 2276 1002 2329 et
1022 2267 1156 2329 similiter
1177 2264 1385 2346 superioribus
1406 2282 1483 2325 scau

186 2369 274 2442 ditur,
813 2364 815 2367 ’

393 2471 512 2559 otium
535 2470 643 2558 divos
661 2479 772 2561 rogat
793 2473 839 2562 ιιι,
857 2472 1013 2553 patenti.

186 2581 267 2635 sexta
286 2573 399 2633 decima
418 2573 474 2635 ode
497 2571 646 2633 Atcairum
667 2583 793 2635 menum
814 2573 919 2647 babet,
942 2573 1022 2652 quod
1043 2571 1176 2635 similiter
1191 2570 1387 2651 supradictis
1406 2587 1484 2632 scan

186 2674 274 2748 ditur,

352 2794 417 2835 cur
440 2796 491 2835 me
512 2775 699 2863 qureretltis
719 2775 911 2865 exanimas
935 2775 1019 2837 tuis.

187 2876 445 2955 septimadecima
472 2877 527 2936 ode
549 2886 675 2938 ruretrum
704 2876 792 2936 babet
816 2877 894 2956 quod
916 2876 951 2936 ub
976 2876 1096 2937 Horatio
1122 2875 1310 2954 conpositum
1336 2874 1511 2934 siciturus

188 2996 242 3057 per
258 2978 343 3038 binos
368 2996 469 3040 versus
491 2980 656 3052 scanditur,
681 2998 716 3038 cx
739 2978 846 3055 quibus
873 2997 949 3038 nurus
973 2978 1139 3038 trochaicus
1162 2977 1294 3037 trimeter
1316 2975 1482 3055 appellatur,

187 3077 261 3138 aiter
279 3087 462 3157 pentameter
482 3079 624 3142 iambicus
643 3079 765 3155 dicitur;
794 3079 846 3140 sed
874 3086 997 3157 uterque
1023 3097 1080 3138 une
1109 3077 1218 3157 syllaba
1240 3077 1348 3157 pedem
1377 3086 1484 3156 postre-

189 3197 268 3240 mum
292 3179 378 3240 debet
402 3182 511 3243 babere
531 3183 701 3262 tongimem.
747 3181 931 3244 scanduntur
951 3190 1049 3241 autern
1070 3180 1123 3253 sic,

352 3302 424 3344 non
448 3285 542 3373 elbur
564 3303 689 3373 ne‘que
713 3302 883 3371 aurc‘um;

188 3383 257 3444 item
279 3384 422 3446 iambicus
444 3387 497 3459 sic,
1494 3404 1512 3442 ,ιι

353 3505 440 3575 mea!
461 3488 614 3576 renidet
633 3489 677 3575 ιιι,
700 3487 814 3576 domo‘
835 3485 1011 3571 lactr‘nar:

187 3586 345 3648 accedente
368 3588 479 3649 scilicet
500 3587 625 3649 iambico
648 3589 712 3667 tege
735 3607 822 3666 quam
845 3588 1006 3648 referemus
1030 3589 1060 3649 in
1083 3586 1198 3666 epodon
1221 3584 1313 3657 libro,
1336 3605 1403 3646 rum
1420 3587 1485 3646 iam-

185 3685 268 3749 bicos
291 3691 393 3749 versus
424 3689 608 3768 coeperimus
635 3708 789 3769 exponere.
834 3696 934 3749 octava
964 3688 1076 3749 decima
1105 3689 1160 3748 ode
1185 3687 1334 3749 Alcaicnm
1366 3698 1486 3749 metrum

185 3787 289 3862 babet,
313 3791 391 3868 quod
414 3791 520 3852 Alcaici
542 3790 629 3851 modo
651 3809 738 3871 supra
762 3790 842 3851 dicto
860 3789 1020 3863 scanditur,

354 3889 539 3951 Racctrum
562 3891 598 3951 in
621 3890 784 3978 remotis
809 3887 983 3977 carmina‘
1001 3888 1166 3968 rupibus.
1499 3918 1518 3956 :c

187 4007 264 4048 nonu
288 3989 399 4050 decima
423 3993 478 4052 ode
504 3990 651 4053 Alcaicum
680 4000 804 4051 metrum
829 3988 934 4063 babet,
964 3989 1044 4068 quod
1072 3998 1106 4050 ut
1133 4008 1221 4070 supra
1250 3990 1379 4053 diximus
1407 4011 1489 4053 sean-

146 4096 149 4101 '
188 4090 275 4166 ditur,

356 4196 426 4238 non
448 4178 591 4266 usita‘ta
614 4196 683 4238 nec
705 4177 814 4264 tenuli
836 4174 975 4256 torar!

257 4346 274 4394 4
296 4346 344 4394 iuri
362 4346 407 4394 tibi
424 4349 551 4412 pergerent
572 4346 605 4395 M
627 4348 681 4396 iure
700 4347 745 4395 tibi
763 4347 872 4412 perierat
890 4346 915 4394 A
992 4344 1112 4410 djmbre
1132 4345 1235 4395 niuibus
1253 4346 1312 4395 AM
1391 4346 1491 4397 arene

189 4415 245 4462 usui
262 4414 302 4463 eret
324 4414 391 4463 ticini
412 4416 443 4465 M
513 4416 545 4466 10
563 4417 605 4479 qui
624 4417 648 4464 A
734 4416 763 4465 ta
782 4415 891 4481 tripodis
910 4412 1020 4463 dactilici
1036 4412 1068 4462 M
1085 4413 1189 4479 dipodin
1207 4415 1331 4479 dactitpee
1351 4418 1376 4466 A
1462 4416 1491 4466 tn

189 4482 244 4532 Noti
264 4484 325 4533 sotis
345 4484 421 4549 longa
441 4484 510 4533 terne
528 4486 594 4534 betta
614 4500 665 4548 noy
684 4486 793 4533 mantino
812 4485 845 4534 M
867 4484 919 4533 noli
944 4483 1015 4533 sotus
1041 4482 1122 4544 (sotis
1140 4484 1175 4543 a)
1198 4484 1276 4549 longe
1302 4485 1355 4534 iere
1375 4487 1492 4536 bettauus

188 4553 299 4600 mumine
320 4553 342 4599 A
432 4553 563 4604 laeuum
580 4555 611 4603 M
633 4554 682 4604 beu
701 4553 786 4609 heras
877 4553 909 4603 to
925 4554 1064 4617 dampno
1082 4555 1164 4617 quinti
1178 4555 1270 4604 decimi
1287 4559 1407 4606 eminis
1425 4557 1495 4621 qaod

187 4622 316 4671 discredam
331 4622 396 4682 suit,
422 4623 471 4672 iam
490 4638 570 4688 paura
589 4633 672 4673 aratro
691 4625 781 4688 iugera
800 4623 900 4688 regine,
927 4626 952 4672 r'n
970 4623 1099 4673 codicibus
1119 4625 1264 4674 erubeseat
1353 4625 1384 4674 91
1406 4620 1495 4692 rogat]

188 4700 289 4737 uomet
308 4690 366 4738 AM
433 4695 466 4743 '24
485 4694 535 4742 tuis
554 4693 663 4743 Mtunc
679 4694 704 4742 A
776 4692 809 4740 27
829 4706 905 4740 unaxn
924 4691 1048 4756 sptiabern
1065 4692 1125 4741 AM
1202 4691 1236 4741 ’9
1253 4707 1345 4742 aurum
1366 4692 1423 4744 AM

186 4755 220 4804 32
239 4758 347 4821 epodiou
361 4759 420 4808 AM
486 4760 521 4812 88
540 4777 622 4812 nouus
641 4764 677 4813 ita
695 4769 810 4812 tanecten
830 4760 927 4811 uitcrns
945 4759 976 4824 (·
964 4768 1017 4810 -ast
1031 4759 1082 4824 M)
1102 4761 1161 4812 AM
