3114 5356
139 274 202 339 282
710 274 873 339 cutntsll

206 422 212 436 .
258 394 265 434 ι
299 419 306 434 .
1289 422 1296 435 .

190 391 432 528 Ρῗανξιιοιιιειείι
454 468 584 522 osteum
604 463 692 526 ‹lictio
714 463 854 539 iteratur,
876 471 986 527 mutata
1009 472 1107 525 tamen
1128 471 1179 526 aut
1199 406 1296 526 htterh
1313 392 1422 547 ¹a‘ihlluql·

138 565 220 640 lahs,
258 574 290 627 nt
316 566 396 648 apud
418 563 591 632 Ciceronem
619 566 702 644 ‘qui
732 564 806 627 luit
835 565 945 628 lucus
974 566 1315 645 religiosissimus,
1344 587 1421 630 oum

138 667 213 729 erit
239 666 345 729 locus
373 665 679 729 desertissimus’
708 674 738 728 et
763 666 980 729 ‘custodire
1007 687 1154 731 sacrum
1181 687 1254 732 non
1281 669 1420 732 honoris

140 768 205 830 sed
226 768 355 831 oneris
376 787 461 831 esse
482 767 791 830 existimabitur’.

226 871 345 932 Schesis
368 876 527 932 onomaton
547 877 593 931 est
614 887 681 930 curn
704 869 734 931 in
757 876 837 930 textu
854 867 954 948 plures
975 871 1193 932 antonomasiae
1214 880 1376 953 ponuntur,
1397 880 1439 932 ull
1498 911 1499 915 =

305 972 422 1034 hlarsa
446 966 590 1046 manus,
614 971 765 1050 Peligna
788 969 943 1045 cohors,
965 971 1118 1033 Vestina
1140 973 1257 1034 virum
1279 974 1342 1035 vis.

224 1072 427 1137 Parhomoeon
447 1083 493 1136 est
513 1092 580 1135 cnm
602 1074 690 1136 verha
711 1071 808 1134 omnia
831 1071 965 1133 similiter
986 1072 1145 1154 incipiunt,
1167 1081 1201 1158 qt

306 1194 324 1235 o
343 1176 422 1237 Tite
445 1183 524 1237 tute
545 1174 628 1235 Tati
649 1174 718 1235 tihi
740 1180 843 1235 tanta
865 1182 1023 1254 tyranne
1044 1174 1181 1237 tulisti.

224 1276 488 1339 homoeoteleuton
511 1284 556 1338 est
578 1274 671 1335 oratio
690 1275 753 1354 pari
771 1275 926 1338 verborum
949 1275 1028 1336 exitu
1048 1276 1145 1351 finita,
1170 1284 1203 1338 ut
1238 1324 1244 1334 .

304 1377 370 1438 hos
393 1376 526 1438 reduci
547 1393 654 1454 quam
675 1376 860 1454 relinqui,
884 1376 1016 1438 devehi
1039 1394 1143 1455 quarn
1165 1378 1296 1441 deseri
1431 1383 1447 1425 Ι·

302 1476 424 1539 malui.
1386 1455 1400 1487 ⁶

224 1577 460 1658 homoeoptoton
483 1586 529 1640 est
549 1577 641 1639 oratio
662 1596 819 1640 excurrens
841 1579 870 1639 in
893 1580 1013 1641 coslam
1035 1600 1122 1642 casus
1145 1581 1272 1659 similes,
1299 1590 1331 1646 ut

303 1686 491 1741 merentes
512 1678 653 1740 llonles
674 1677 922 1754 lacrimantes
945 1701 986 1743 ac
1008 1681 1244 1745 miserantes.

127 1832 130 1841 .
222 1782 462 1862 Polyptotonest
486 1781 578 1843 oratio
600 1781 774 1862 perplures
798 1782 906 1843 variata
929 1801 1031 1858 casus,
1054 1792 1087 1844 ut
1229 1793 1232 1797 ’

303 1883 416 1946 litora
438 1883 618 1945 litoribus
641 1883 852 1957 contraria,
878 1882 1061 1946 lluclilrus
1082 1883 1200 1947 undas
1431 1887 1447 1930 ¹⁵
1494 1936 1498 1949 .

304 1987 509 2066 imprecor,
538 2004 638 2046 arma
660 1984 789 2057 armis,
812 1993 977 2064 pugnent
997 1986 1147 2067 ipsique
1171 1998 1404 2068 nepotesque.

224 2088 341 2149 Hirmos
370 2096 416 2148 est
442 2087 535 2146 oratio
565 2087 652 2148 tinius
682 2095 814 2147 tenorem
844 2105 931 2146 casus
959 2087 996 2147 ad
1026 2087 1185 2149 clausulam
1216 2106 1309 2168 usqne
1338 2097 1422 2151 custo

138 2188 239 2265 diens,
262 2197 295 2250 ut

301 2287 497 2371 principio
519 2288 660 2350 caelum
683 2308 723 2350 ac
745 2297 869 2351 terras
892 2308 917 2349 c.
931 2309 958 2369 q.
970 2291 989 2351 l.
1005 2290 1025 2351 l.
1039 2309 1066 2369 q.
1078 2291 1134 2370 g.l.
1147 2293 1219 2371 T.q.
1233 2313 1259 2353 a.
1273 2294 1327 2355 si.
1339 2314 1364 2355 a.

135 2554 1243 2639 Paronomasiseeirdicitersturmutatalumilithrisylliulspciceroueqnilnltlocus
1251 2574 1367 2642 religiosi

137 2660 193 2710 dire
204 2662 278 2723 suerri
291 2662 308 2707 r'r
319 2658 423 2708 honoris
437 2657 548 2706 soceris
562 2657 591 2705 e‘e
604 2657 815 2706 existimabitur:·
822 2652 973 2722 llrumuist·
987 2658 1221 2711 Parhomoecnt'ech
1231 2663 1312 2712 uerba
1321 2662 1400 2713 omnis
1408 2659 1426 2708 si

136 2746 223 2797 Scesis
233 2747 283 2795 coh
295 2748 308 2794 e
321 2746 352 2793 cir
366 2744 464 2792 intexto
476 2743 563 2808 plures
576 2743 752 2808 antorromssiq
763 2750 925 2807 ponuntnrut
935 2760 1019 2794 marsa
1030 2761 1119 2796 manus
1129 2747 1233 2812 peligna
1243 2747 1335 2798 cohors
1344 2748 1426 2798 festina
1450 2745 1461 2793 5

136 2828 171 2899 m'
188 2847 353 2912 incipiuntur
372 2860 387 2895 o
406 2847 450 2895 tite
470 2853 522 2893 tute
543 2853 593 2893 tate
613 2845 658 2894 tihi
679 2845 721 2893 tari
739 2846 810 2911 tyran
831 2845 909 2895 tulisti
936 2861 952 2893 :·
973 2843 998 2912 ss
1017 2847 1171 2922 hoeoptoton
1191 2853 1204 2899 i
1224 2851 1306 2899 oratio
1325 2866 1399 2900 exem

135 2933 316 2986 hoeuterileton
328 2931 343 2982 ὃ
360 2934 405 2982 crit
418 2933 472 2996 pari
483 2931 578 2982 uerbo?
588 2931 658 2980 exitu
668 2930 737 2980 fluite
751 2940 776 2978 nt
788 2932 834 2981 hos
847 2934 936 2983 seduci
947 2937 997 2996 quai
1009 2935 1117 2996 relinqui
1128 2933 1187 2984 deul
1199 2939 1249 2999 quai
1259 2937 1344 2987 deseri
1356 2934 1425 3005 mallo
1442 2933 1464 2984 10

136 3023 248 3074 ineosdh
255 3019 437 3070 easzsimilesut
445 3018 663 3068 merentesllentes
670 3016 829 3067 lacrimantes
838 3020 1086 3086 semiseranteslmis
1092 3031 1206 3086 pugnent
1214 3023 1426 3089 ipsiq,nepotesqu

134 3104 1412 3174 Polyptotonecriperpluresuariatscas:utlitoralitorib:eontrariassuetih:undssimpreeorarmo
1443 3104 1465 3157 15

134 3213 238 3279 hyrmos
247 3214 265 3269 ,ὃ
280 3213 323 3262 ori
336 3210 387 3258 uni:
400 3212 487 3258 tenori
498 3223 549 3257 css:
561 3209 594 3258 sd
606 3209 720 3258 clausulis
731 3224 787 3272 usq,
801 3210 947 3260 custodiens
958 3218 984 3259 ut
996 3212 1122 3276 principio
1136 3210 1194 3278 colii
1208 3227 1238 3260 ac
1251 3194 1398 3277 h·ss.e.q.l.

135 3315 163 3365 g.
174 3299 192 3352 Ι.
206 3305 225 3353 t.
238 3316 262 3361 q.
277 3314 300 3347 s.
313 3313 335 3348 s.
347 3299 365 3345 i.
377 3312 400 3349 a.
415 3293 441 3372 sl
451 3293 574 3346 machaon
589 3305 613 3344 et
623 3297 753 3347 menelaus
769 3305 793 3345 et
809 3297 865 3361 ipsc
885 3297 937 3347 doli
952 3297 1089 3347 fabricator
1108 3298 1181 3363 epios
1200 3306 1224 3347 et
1241 3299 1323 3348 aliubi
1339 3300 1379 3349 lm

205 3453 550 3516 Dreligiosissimusnnuem
619 3451 671 3501 3et
680 3450 840 3500 custodirem
909 3451 1151 3503 hlestinsuirumm
1204 3457 1384 3507 lsimiliterm

140 3523 170 3575 ll
190 3523 515 3587 maluillomoeoptotonm
605 3519 636 3571 12
655 3535 792 3569 excurrens
806 3521 865 3567 inm
955 3523 986 3573 16
998 3538 1069 3573 arms
1079 3524 1156 3574 armis
1170 3539 1192 3572 m
1281 3534 1433 3592 nepotesque

134 3592 275 3643 Hirmosm
347 3590 495 3655 llllqtgm

349 3719 472 3728 ...—

203 3800 221 3849 2
242 3797 286 3860 qni
303 3794 368 3862 luit]
394 3801 522 3858 semenque
546 3795 684 3856 exemptum
706 3799 773 3845 mter
789 3810 818 3844 se
835 3797 984 3845 conternatmn
1003 3795 1104 3847 exhibet
1122 3797 1232 3847 Rutilias
1248 3801 1339 3862 Limus
1355 3818 1384 3866 p.
1403 3801 1432 3850 12

133 3868 175 3920 ed.
197 3866 311 3927 Radalo„
335 3875 361 3915 st
386 3863 462 3914 huius
486 3861 675 3912 sceleratissimi
697 3879 790 3929 opera,
814 3865 857 3926 qul
884 3862 932 3914 luit
954 3866 1026 3916 lucus
1051 3865 1134 3928 (lorus
1153 3867 1263 3931 codices)
1291 3870 1433 3936 religiosis-

135 3939 229 3996 simus,
254 3950 321 3986 nunc
340 3935 388 3985 erit
406 3933 477 3982 locus
493 3932 694 3992 desertissimas,
722 3934 841 3982 nimirum
865 3936 983 3996 quoniam
1007 3936 1125 3985 traditum
1144 3937 1193 3985 sihi
1212 3938 1373 4003 publicorum
1392 3957 1432 3989 ru-

134 4007 244 4058 stodinm
263 4020 392 4056 sacrorum
409 4018 459 4054 non
478 4002 568 4052 lienosi
586 4001 632 4050 sed
648 4003 718 4051 oneri
742 4003 811 4066 (non
833 4002 1101 4053 lron01·issedcneris
1126 4005 1240 4056 codices:
1267 4010 1385 4059 correxit
1402 4010 1433 4060 11.

97 4108 100 4113 -
134 4072 295 4141 Stephamm)
316 4090 373 4125 esse
391 4073 548 4123 existimavit
634 4070 707 4119 lucus
725 4071 853 4122 Diomedis
868 4073 952 4123 codex
971 4074 1147 4132 ollonacensim
1177 4075 1311 4128 Fabricius
1329 4081 1355 4127 ia
1369 4081 1435 4128 actis

134 4161 204 4205 mss„
221 4144 378 4196 Drmakeaios
395 4145 420 4192 ia
438 4142 515 4193 [latit.
535 4143 553 4191 1.
569 4156 607 4190 e:
624 4140 696 4190 locus
715 4140 830 4203 defendit
844 4139 992 4207 Spenpslius
1007 4143 1099 4205 ephem.
1120 4143 1191 4196 Mon.
1207 4161 1233 4194 a.
1252 4145 1319 4197 1837
1335 4163 1363 4210 p.
1383 4148 1433 4197 952

205 4217 221 4266 5
245 4216 270 4263 iu
289 4212 378 4278 textu]
399 4214 470 4261 iuxta
488 4228 510 4261 ω
536 4211 561 4259 in
579 4224 678 4260 conexu
696 4209 736 4259 vel
753 4211 780 4258 in
801 4218 871 4260 textu
887 4212 1067 4262 sententiarum
1085 4213 1219 4264 Diomedes
1302 4216 1433 4283 tihlsrsa]

135 4282 203 4336 Ena.
222 4285 309 4336 annai.
331 4283 389 4332 Vlll
406 4281 458 4332 280
475 4281 516 4331 ed.
540 4278 616 4332 Valli.
704 4280 809 4328 Vestina
827 4280 850 4329 I.
871 4280 958 4331 Dorica
979 4282 1049 4344 apud
1064 4281 1192 4332 Merulam
1215 4287 1240 4334 ia
1260 4282 1327 4338 Eam
1348 4291 1434 4336 annal.

132 4354 227 4418 frapm.
242 4371 269 4418 p.
287 4351 339 4403 453
425 4351 474 4402 80
491 4347 565 4413 Tite]
584 4348 651 4400 Ean.
669 4349 756 4397 orinal.
775 4349 785 4396 1
806 4349 855 4400 113
871 4349 912 4399 ed.
935 4350 1012 4402 Vaut.
1103 4351 1134 4401 10
1158 4349 1221 4417 hos]
1245 4352 1330 4404 anso
1349 4355 1436 4407 tribisa

134 4424 281 4485 Diomedes,
304 4420 450 4485 Iphspeaiac
469 4418 574 4483 fabulae
596 4418 788 4479 adscripserant
810 4418 961 4470 Ribbeelina
976 4427 1042 4484 trop.
1063 4421 1123 4470 Lot.
1142 4423 1189 4471 rel.
1205 4438 1233 4485 p.
1252 4422 1303 4474 2511
1320 4432 1346 4474 et
1367 4426 1437 4474 Veh·

134 4493 214 4542 isaias
230 4491 297 4540 Ean.
315 4505 385 4553 poss.
401 4490 449 4540 rel.
467 4504 495 4551 p.
516 4487 574 4538 122.
599 4501 643 4536 eos
660 4487 747 4535 reduci
762 4489 879 4538 Donatus
900 4505 944 4539 eos
968 4489 1060 4540 deduci
1083 4492 1122 4539 vel
1143 4505 1187 4541 eos
1211 4500 1234 4540 te
1256 4492 1316 4542 duci
1337 4495 1436 4545 cedices

135 4560 262 4611 Diomtdis
286 4559 334 4608 hos
355 4559 446 4608 deduci
469 4558 603 4609 Fabricius
690 4556 764 4605 euehi
788 4557 920 4607 lhhricius
1005 4558 1037 4610 13
1058 4557 1200 4624 merentes]
1225 4560 1291 4610 Ena.
1317 4565 1405 4613 canai.
1425 4566 1434 4612 1

137 4627 186 4678 101
204 4629 245 4678 ed.
269 4627 343 4676 Volat.
372 4635 498 4677 merentes
516 4628 605 4677 llentes
624 4623 784 4675 lacrimantes
809 4629 1026 4678 commiserantes.
1058 4642 1147 4677 rrersus
1168 4628 1210 4677 hic
1227 4629 1317 4694 plauti.
1347 4647 1434 4682 omues

136 4705 221 4759 partes
236 4697 360 4747 orationis
377 4698 404 4746 in
421 4697 568 4747 accusation
586 4709 646 4743 casn
663 4704 756 4744 exeunt
773 4696 857 4745 codem
874 4696 1031 4747 Laosatimss
1048 4700 1081 4748 24
1160 4698 1324 4749 lacrimantes
1338 4702 1433 4751 conari-

135 4766 373 4815 serantesDoaatrcs
444 4766 476 4815 15
493 4762 576 4830 litora]
600 4764 681 4830 Veap:
694 4765 759 4818 Aen.
779 4765 890 4818 1111628
960 4766 992 4817 lu
1010 4764 1148 4833 principio]
1169 4768 1248 4834 Venp.
1258 4768 1327 4820 Aea.
1337 4771 1373 4822 vl
1384 4772 1432 4820 721
