3114 5356
618 297 817 359 axcsnrrn
947 266 950 272 ’
1305 301 1364 362 aar

62 480 177 557 isdem;
206 480 308 543 eadem
327 481 460 542 eiusdem
483 481 577 543 eidem
600 482 722 544 eandem
743 504 761 544 o
782 464 883 545 endem
903 483 940 544 ab
960 485 1077 559 cadem,
1105 416 1231 565 plulalll'
1247 415 1366 550 davidem

63 583 228 645 earundem
255 582 359 643 iisdem
385 584 504 644 easdem
534 603 551 643 o
574 583 693 643 eaedem
722 584 758 645 ab
778 585 890 660 isdem3
919 585 996 646 idern
1019 587 1151 648 eiusdem
1172 588 1267 650 eidem
1289 591 1366 652 idem

63 705 83 745 ο
104 684 182 745 idem
206 683 242 744 ab
266 684 385 760 eodem;
411 683 532 764 pluralis
556 683 657 745 eadem
685 685 845 746 eomndcm
865 684 958 745 isdem
980 687 1081 749 eadem
1107 692 1247 754 oeadem
1269 694 1306 755 ab
1327 697 1367 758 is-

63 785 143 848 dem.
188 786 335 865 quispiam
363 787 517 866 quaepiam
543 785 709 865 quodpiam.
755 786 839 864 quias
866 793 984 849 nostras
1010 798 1131 852 vestras.
1176 796 1228 856 sed
1254 807 1366 860 veteres

30 886 144 962 ,vuius
166 885 319 973 dicebant,
350 896 383 949 nt
405 889 509 949 merito
529 895 559 946 et
580 887 726 949 vocativus
749 887 912 948 secundum
933 891 1064 967 regulam
1087 897 1242 971 manserit,
1270 907 1302 959 ut
1328 901 1366 961 sit

61 1008 82 1051 o
102 988 153 1049 mi.
198 1006 266 1048 nam
289 989 387 1049 omnia
408 988 527 1049 nomina
549 1005 624 1064 quae
644 988 822 1049 nominativo
844 997 910 1049 ante
933 1009 968 1050 us
988 992 1174 1057 novissimam
1199 999 1338 1078 syllabam
1357 1001 1364 1061 i

12 1114 16 1119 ·
60 1088 175 1153 habent
195 1089 324 1151 vocativo
345 1090 356 1151 i
377 1090 585 1162 terminantur,
614 1088 692 1150 velut
713 1089 870 1150 Sallustius
888 1110 906 1150 o
929 1091 1063 1167 Sallusti,
1085 1095 1224 1161 Horatius
1246 1102 1364 1164 llorati:

61 1190 108 1253 sic
129 1198 161 1252 et
179 1191 257 1252 mius
279 1211 296 1250 o
316 1191 374 1265 mi;
396 1197 425 1250 et
445 1189 501 1249 iam
524 1189 626 1249 ordine
649 1209 703 1250 suo
725 1191 801 1251 banc
823 1191 954 1268 regulam
972 1195 1145 1258 notavimus.

148 1291 192 1352 Er
214 1293 261 1354 bis
283 1289 507 1371 pronominibus
529 1289 645 1367 aliquod
667 1300 737 1352 sunt
758 1309 831 1369 quac
853 1291 1055 1355 adverbialiter
1077 1300 1202 1374 quodam
1218 1304 1304 1365 modo
1321 1306 1366 1366 in-

11 1424 48 1481 ,10
60 1392 250 1473 telleguntur.
295 1393 348 1454 sed
377 1399 406 1452 et
427 1391 510 1469 siqua
533 1391 587 1451 alia
609 1392 781 1469 pronomina
805 1393 950 1467 incident,
979 1394 1119 1459 adnotare
1144 1420 1203 1462 non
1226 1404 1362 1495 pigebit„

11 1542 16 1579 ,
61 1511 153 1554 nemo
174 1512 336 1571 pronomen
359 1511 419 1553 nou
442 1491 530 1552 babet
549 1491 731 1569 genetivum,
758 1501 791 1552 ut
812 1493 944 1556 dicamus
965 1497 1107 1571 neminis,
1133 1510 1166 1561 ut
1188 1502 1363 1580 quibusdam

61 1594 193 1670 ridetur3
222 1596 299 1656 siout
326 1603 355 1655 et
376 1593 450 1655 alius
473 1610 635 1672 pronomen
655 1611 748 1673 aeque
770 1596 935 1672 genetivum
958 1615 1016 1658 non
1044 1599 1147 1674 babet,
1180 1612 1212 1664 ut
1233 1604 1364 1670 dieamus·

62 1695 156 1770 alius,
185 1696 300 1757 tametsi
321 1694 432 1772 antiqui
458 1693 623 1771 genetivum
651 1695 727 1756 alius
746 1697 888 1775 producta
908 1696 920 1756 ι’
940 1696 1087 1772 dixerunt,
1117 1720 1242 1779 quorum
1264 1717 1364 1771 aueto-

60 1797 180 1859 ritatem
202 1796 295 1857 secuti
317 1805 347 1857 et
369 1814 424 1856 uos
448 1795 649 1857 adiecerimus.
694 1797 778 1857 cuius
800 1799 1009 1859 nominativum
1035 1809 1146 1865 veteres
1167 1825 1228 1866 nou
1250 1815 1362 1871 tantum

21 1926 48 1969 ιι
61 1898 139 1960 alius
158 1898 296 1959 dixerunt
313 1897 365 1958 sed
387 1897 473 1957 etiam
494 1896 562 1969 alis,
587 1894 664 1957 sicut
681 1904 711 1956 et
733 1897 890 1959 Sallustius
910 1898 998 1960 ‘alis
1020 1900 1112 1964 alibi
1134 1913 1283 1969 stantes
1304 1928 1363 1970 ce·
1418 1879 1434 1928 2

60 1999 258 2072 ciderunt,
286 2017 413 2060 omnes
436 2006 562 2059 tamen
590 1997 761 2061 adversis
787 1999 1034 2063 vulneribus’.
1084 2006 1266 2069 convincitur
1293 2029 1362 2070 vero
1470 2003 1482 2021 ⁹

58 2101 137 2164 baec
157 2100 256 2180 opinio
278 2097 451 2161 auctoiitate
471 2098 580 2174 Plauti,
603 2098 653 2177 qui
676 2100 715 2160 ita
735 2101 804 2161 dixit
826 2101 856 2161 iu
876 2101 1019 2180 Captivis,
1047 2105 1227 2169 ‘neminis
1248 2110 1363 2171 mise-

58 2202 140 2264 reri
164 2208 307 2262 certum
328 2208 402 2275 est,
425 2199 509 2279 quia
531 2199 600 2260 mei
623 2198 781 2262 miseret
803 2203 1015 2264 nemiuem'.

147 2303 272 2364 Formae
290 2301 444 2364 verborum
466 2309 535 2362 sunt
553 2309 704 2380 quattuor,
728 2305 874 2382 perlecta,
896 2306 1077 2381 meditativa,
1100 2310 1279 2385 inchoativa,
1298 2332 1363 2373 sao-

19 2434 47 2477 .
60 2407 129 2488 pius
150 2404 272 2483 agendi,
293 2421 369 2482 quae
388 2409 417 2462 et
435 2402 654 2479 lrequentativa.
699 2405 847 2482 perfectae
868 2405 1016 2484 qualitatis
1043 2411 1128 2471 verba
1155 2420 1224 2473 sunt
1246 2420 1278 2473 ut
1295 2432 1362 2474 amo

58 2506 144 2569 caleo
161 2505 227 2583 lego
249 2504 364 2580 scribo,
386 2503 569 2565 meditativae
592 2512 662 2566 sunt
680 2512 712 2565 ut
731 2506 873 2566 amaturio
888 2508 1034 2585 parturio,
1057 2511 1238 2574 inchoativae
1262 2520 1293 2574 ut
1314 2533 1363 2574 ea-

58 2608 141 2671 lesoo
162 2607 308 2681 fervesco,
332 2606 451 2685 saepius
471 2605 576 2685 agendi
600 2613 632 2666 ut
653 2605 752 2666 lectito·
772 2606 913 2685 scriptito.

146 2709 189 2770 lle
215 2708 304 2778 verbo
335 2709 481 2788 perfectae
506 2707 626 2768 lormae.
670 2707 796 2767 Verbum
822 2716 868 2770 est
893 2729 962 2788 pars
990 2711 1130 2773 orationis
1151 2714 1302 2792 pertinens
1325 2716 1361 2777 ad

57 2813 88 2874 id
111 2811 192 2891 quod
222 2812 318 2871 lacere
345 2809 411 2886 quis
438 2816 488 2869 aut
514 2825 574 2887 qno
603 2807 683 2886 iungi
704 2816 818 2887 potest,
849 2821 881 2871 ut
902 2811 991 2872 credo
1013 2812 1090 2873 duco
1112 2833 1228 2892 sequor.
1273 2817 1360 2879 verbo

20 2913 199 2987 „amidam
226 2909 352 2990 qualitas
379 2926 472 2985 genus
502 2910 593 2987 ligura
622 2926 763 2969 numerus
790 2911 896 2972 modns
920 2921 1035 2993 tcvnpus
1057 2934 1193 2994 persona.
1238 2917 1362 2993 qualitas

58 3015 216 3077 verborum
238 3020 288 3073 aut
310 3010 388 3071 linita
411 3018 457 3070 est
477 3009 668 3071 aurinllnita.
712 3011 793 3072 linita
823 3021 869 3073 est
894 3031 970 3091 quae
994 3023 1076 3075 notat
1100 3025 1212 3078 certum
1236 3027 1361 3098 tempus,

58 3124 174 3181 certum
202 3132 371 3187 numemm,
401 3120 510 3174 certam
539 3129 711 3191 personam,
744 3120 775 3172 ut
800 3111 866 3190 lego
895 3113 1002 3175 scribo.
1047 3116 1158 3177 infinita
1186 3136 1261 3195 quac
1291 3121 1362 3183 nibil

58 3218 134 3280 certi
153 3217 259 3289 babet,
283 3225 314 3276 ut
335 3214 433 3292 legere
453 3213 592 3275 scribere.
636 3213 711 3278 baec
729 3213 806 3274 enim
833 3215 969 3276 omnibus
984 3216 1120 3294 personis
1135 3220 1266 3281 numeris
1289 3229 1362 3280 tem-

57 3318 183 3400 poribus
208 3316 354 3379 accidunt.
399 3323 525 3395 possunt
552 3314 629 3375 enim
658 3322 688 3374 ct
712 3333 728 3375 a
755 3332 803 3374 mc
831 3324 859 3374 et
886 3334 903 3374 a
926 3322 954 3374 tc
976 3315 1150 3389 mabilla,
1178 3326 1208 3379 et
1228 3329 1361 3399 tompore
1434 3339 1437 3343 ·

15 3421 190 3493 uincente,
212 3419 242 3480 id
264 3427 310 3479 est
329 3424 359 3478 et
378 3417 442 3477 heri
461 3424 491 3476 et
512 3415 599 3477 bodie
617 3423 646 3476 et
666 3433 746 3488 cras,
773 3423 802 3475 et
824 3414 1069 3494 quandocumque
1090 3425 1119 3477 et
1138 3439 1154 3480 a
1176 3440 1361 3500 quocumque

56 3521 125 3583 dici.
170 3530 300 3582 ceterum
328 3519 435 3597 legisse
464 3525 493 3577 et
519 3516 675 3578 scribsisse
702 3516 841 3578 dicuntur
868 3516 985 3594 quidem
1019 3518 1116 3593 linita,
1150 3520 1202 3582 sed
1229 3528 1360 3600 tempore

56 3623 123 3685 solo
142 3622 223 3684 linita
246 3629 324 3684 sunt
368 3639 476 3698 genera
494 3619 649 3681 verborum
667 3626 737 3680 sunt
751 3616 802 3692 Vl,
824 3617 949 3680 activum
965 3621 1113 3698 passivum
1128 3631 1263 3683 neutrum
1280 3641 1361 3683 com·

55 3743 148 3786 mune
169 3724 322 3811 deponens
344 3721 539 3802 inpersonale.
584 3720 681 3781 omnia
704 3720 790 3781 verba
810 3721 937 3799 quinquo
959 3721 1064 3784 litteris
1088 3724 1242 3799 liniuntur,
1266 3723 1310 3784 oi
1330 3743 1359 3784 m

56 3848 72 3889 r
92 3836 114 3887 t
160 3844 236 3906 quae
257 3825 288 3885 in
311 3846 329 3886 o
350 3824 476 3885 litteram
495 3822 650 3884 indicativo
671 3823 758 3883 modo
780 3822 921 3884 liniuntur
942 3833 992 3884 aut
1014 3825 1105 3886 activa
1125 3833 1194 3886 sunt
1217 3832 1266 3885 aut
1287 3843 1360 3886 neu·

19 3956 44 3999 a
57 3929 150 3990 tralia.
195 3928 288 3989 activa
313 3937 382 3989 suut
403 3944 485 4006 qnae
507 3909 661 4005 recepta'r
682 3925 777 3987 littera
800 3934 926 4003 possunt
946 3944 980 3985 er
1000 3946 1034 3986 se
1056 3927 1151 3988 lacere
1170 3927 1299 4005 passiva,
1328 3935 1360 3988 ut

56 4030 124 4110 lego
154 4029 262 4091 scribo.
307 4029 381 4089 baec
409 4028 487 4088 euim
514 4036 631 4107 recepta
659 4046 674 4087 r
703 4027 797 4087 littera
825 4026 936 4087 laciunt
962 4029 1093 4106 passiva,
1126 4027 1208 4106 legor
1232 4027 1357 4089 'scribon

54 4138 161 4194 neutra
190 4137 262 4191 suut
286 4148 362 4208 quae
388 4129 543 4189 indicativo
571 4128 658 4189 modo
677 4149 695 4189 o
711 4127 806 4189 littera
832 4128 1024 4189 terminantur
1044 4138 1073 4189 et
1093 4129 1225 4208 recipere
1246 4149 1261 4190 r
1282 4128 1359 4189 litte·

53 4251 118 4297 ram
147 4251 208 4292 nou
234 4239 373 4311 possunt,
404 4240 436 4291 ut
464 4231 571 4290 laniant
591 4230 755 4309 passivum,
784 4239 815 4291 ut
843 4238 889 4290 sto
917 4210 1038 4291 ambulo
1056 4231 1154 4291 sedeo.
1200 4231 1357 4294 nonenim

51 4335 167 4397 faciunt
192 4341 257 4395 otor
280 4341 330 4394 aut
356 4331 497 4393 ambulor.
543 4350 618 4411 quae
646 4331 654 4391 i
682 4330 778 4393 littera
803 4331 995 4392 terminantur
1022 4331 1095 4390 baec
1117 4329 1155 4392 lll
1186 4330 1247 4392 sola
1278 4332 1357 4392 inve-

127 4526 135 4570 Ι
159 4521 279 4589 eandem]
300 4524 392 4573 andern
410 4523 435 4572 B
517 4522 698 4572 8sicenuius
717 4523 784 4570 omi
803 4522 827 4570 B
915 4519 947 4568 10
964 4517 1024 4585 alia]
1043 4521 1128 4584 aliqua
1146 4520 1170 4568 B
1246 4520 1357 4569 incident

48 4596 187 4647 θήανίοἰω
202 4592 319 4641 inciderit
339 4592 363 4641 B
442 4590 500 4642 131
519 4609 565 4644 om.
585 4590 610 4640 B
689 4592 720 4642 15
734 4586 879 4654 Sallustius]
903 4590 974 4640 earu.
991 4589 1022 4640 61
1104 4588 1135 4639 16
1153 4590 1316 4655 coniungitur
1335 4588 1358 4636 ll

123 4663 157 4712 17
175 4663 201 4711 iu
214 4659 342 4727 Captivis]
366 4664 399 4713 lll
413 4659 497 4721 aton
571 4660 603 4709 18
617 4657 685 4726 qula]
706 4663 749 4724 qui
768 4660 793 4708 B
863 4661 896 4709 at
915 4667 958 4707 aut
974 4674 1024 4721 qno
1040 4657 1113 4724 fungi
1129 4676 1143 4708 o
1161 4658 1306 4724 aulungiB

44 4733 131 4783 verbo
149 4757 184 4767 -
200 4730 234 4781 32
252 4730 323 4779 butu
347 4740 407 4780 suut
431 4731 529 4781 Gloria.
555 4747 582 4794 p.
604 4728 652 4780 13⁸
738 4729 770 4780 31
796 4727 947 4778 scribsissed
970 4727 1061 4778 dicitur
1085 4728 1186 4791 quidem
1214 4728 1312 4779 indulta
1334 4729 1357 4778 b

122 4799 158 4851 35
176 4814 241 4863 qnae
259 4816 307 4851 om·
326 4797 352 4848 B
1137 4817 1145 4834 =
