3114 5356
586 119 718 181 lustin.
743 120 855 185 GRAM.
876 123 949 184 ΗΒ.
971 124 1025 186 1111
1395 133 1459 194 271

203 212 391 290 nstv-⁴⁸¹³(
1242 247 1406 300 μιιιιιι.

150 305 322 385 goriam
338 303 518 378 urbanitate,
539 313 572 366 ut
593 307 812 388 ‘Philippus
835 328 913 371 eum
940 309 1058 373 vellet
1078 311 1204 377 Oritas
1228 317 1266 378 in
1290 327 1459 399 potesta·

151 415 227 468 tem
262 423 366 472 suam
399 405 576 485 redigere
608 416 644 467 et
674 407 711 468 in
739 409 807 470 hoe
839 412 1047 473 exereitum
1074 414 1261 491 misisset,
1296 421 1459 501 scripsit

129 509 294 569 ‘missos
331 526 348 567 a
383 525 420 566 se
455 505 615 582 milites,
651 510 825 586 quoniam
860 515 1112 592 comperisset
1152 536 1215 578 eos
1251 520 1458 583 seditioni-

151 610 221 671 bus
249 607 393 684 vexari,
423 614 458 668 et
484 607 664 671 bonorum
687 612 888 675 amicorum
911 631 997 674 esse
1023 616 1060 676 in
1087 616 1152 677 tali
1181 625 1349 700 tempore
1371 623 1459 684 sub·

125 711 314 773 evenire’.
858 795 860 797 Ι

241 812 286 873 [le
310 806 471 872 homoeosi.
516 810 691 876 Homoeosis
721 822 766 877 est
794 811 924 896 [imago]
954 816 1070 894 ignotae
1095 819 1138 880 rei
1162 838 1217 898 per
1238 820 1457 884 similitudinem
1492 870 1499 882 .

153 917 218 977 eius
240 931 317 992 quae
339 920 408 971 nota
426 919 472 971 est
494 911 660 993 descriptio.
705 916 793 977 huius
815 917 929 996 speeies
952 927 1020 978 sunt
1044 926 1117 993 tres,
1148 920 1214 981 ieon
1242 922 1382 1000 parabole
1405 944 1458 1004 pa·

152 1016 297 1095 radigma„
341 1013 409 1075 ieou
434 1021 480 1074 est
506 1032 700 1092 personarum
729 1036 865 1078 eorumve
896 1036 970 1095 quae
992 1021 1128 1098 personis
1149 1020 1287 1083 aeeidunt
1307 1042 1458 1104 eompara-

154 1119 210 1190 h'o,
235 1124 270 1177 ut
1426 1120 1429 1124 ’

120 1239 143 1280 ιι
324 1238 364 1280 os
387 1218 638 1294 humerosque
659 1215 727 1277 deo
751 1219 902 1281 similis.
923 1216 928 1302 Ι

153 1320 296 1401 parabole
320 1327 366 1381 est
388 1336 487 1379 rerum
501 1312 515 1401 ΙΙ
530 1324 585 1378 out
612 1318 897 1382 administrationum
927 1339 1035 1400 genere
1062 1323 1248 1387 dissimilium
1269 1330 1459 1410 comparatio,

154 1431 186 1483 ut
207 1423 287 1503 apud
311 1419 468 1498 Vergilium

322 1522 507 1584 clamores
530 1519 641 1582 simul
663 1521 877 1584 horrendos
897 1522 941 1583 ad
964 1508 1090 1585 sidera
1114 1525 1233 1600 tollit,

323 1622 448 1703 qualis
468 1623 650 1701 mugitus,
674 1621 775 1699 sugit
797 1642 876 1685 cum
899 1626 1052 1686 saueius
1074 1646 1173 1688 aram

127 1748 145 1789 n
324 1734 460 1788 taurus.

156 1827 327 1909 paradigma
350 1833 395 1887 est
423 1825 465 1886 rei
490 1823 665 1904 praeteritae
691 1823 792 1886 relatio
821 1826 1055 1889 adhortationem
1078 1829 1346 1892 dehortationemvo
1366 1832 1457 1907 signi·

156 1931 262 1991 heaus:
290 1926 541 1999 adhortationem,
566 1935 596 1987 ut

320 2030 490 2090 Antenor
510 2029 651 2108 potuit,
676 2028 811 2091 mediis
832 2027 984 2107 elapsus
1005 2030 1171 2106 Achivis,

320 2129 498 2209 illyricos
525 2139 726 2210 penetrare
755 2129 863 2192 sinus
890 2136 1000 2208 atque
1027 2130 1164 2193 intima
1186 2140 1291 2194 tutus

127 2245 149 2286 ιι
323 2250 437 2310 regua
456 2232 709 2293 Liburnorum
731 2239 766 2291 et
788 2232 927 2291 iontem
950 2249 1130 2311 superare
1155 2231 1323 2304 Timaoi;

158 2333 404 2406 dehortationem,
427 2341 459 2393 ut

624 2443 659 2495 at
682 2453 751 2495 non
773 2432 951 2495 viderunt
973 2435 1116 2495 moenia
1138 2434 1274 2497 Troiae

321 2533 486 2614 Neptuni
511 2536 697 2597 fabricata
718 2553 825 2596 manu
848 2534 1046 2597 considere
1067 2535 1104 2596 in
1125 2532 1246 2613 ignis?

537 2752 541 2759 ·
599 2729 639 2789 lll
684 2726 733 2787 bu
756 2726 1008 2790 northhashto
1105 2739 1110 2747 '

132 2867 153 2907 as
240 2842 451 2922 Metaplasmus
477 2852 521 2905 est
545 2845 633 2907 dictio
659 2845 744 2906 aliter
769 2864 857 2923 quam
886 2846 986 2906 debuit
1009 2848 1130 2924 figurata
1155 2847 1240 2909 metri
1266 2855 1317 2908 aut
1343 2847 1457 2907 dosoris

163 2963 254 3006 causa.
300 2945 388 3005 huius
410 2946 525 3025 speeies
548 2954 617 3006 sunt
637 2947 717 3007 Xllll
740 2946 810 3018 hae,
841 2946 988 3024 prothesis
1017 2948 1201 3026 parenthesis
1223 2946 1457 3028 prosparalepsis

163 3043 327 3124 aphaeresis
348 3066 476 3127 syncope
502 3066 633 3127 apocope
653 3049 760 3110 ectasis
782 3046 890 3126 systole
911 3046 1052 3108 diaeresis
1075 3048 1275 3128 episynahphe
1294 3045 1459 3126 synalipbe

163 3149 309 3228 ecthhpsis
329 3147 482 3208 antithesis
504 3149 686 3210 metathesis.

225 3362 407 3431 lPhilippus]
429 3365 551 3415 Dmnoatb.
569 3364 683 3429 Philipp.
704 3366 738 3414 lIl
754 3381 781 3428 p.
802 3364 852 3415 114
941 3362 1053 3412 ehoritus
1075 3363 1101 3410 in
1123 3369 1274 3428 potestatem
1296 3378 1369 3414 suam
1388 3363 1456 3412 redi-

164 3450 217 3501 gere
234 3445 260 3487 et
278 3439 305 3487 in
324 3435 402 3486 huius
421 3435 560 3483 exereitum
579 3436 692 3486 misisset
709 3435 812 3499 seripsit
832 3436 855 3483 L
879 3433 984 3483 moritus
1001 3431 1084 3483 hostis
1099 3447 1161 3482 suos
1179 3433 1203 3480 in
1219 3439 1371 3496 potestatem
1388 3433 1456 3482 redi-

163 3520 216 3570 gere
233 3506 341 3571 seripsit
358 3505 395 3555 N:
428 3502 525 3553 Orieios
541 3504 634 3571 hostes,
645 3504 778 3554 Fabricius
865 3502 882 3553 3
904 3502 963 3554 illos
987 3501 1112 3552 seditione
1130 3502 1199 3551 exeri
1221 3503 1342 3552 bonorum
1361 3503 1456 3552 amieo·

1384 3595 1397 3622 0

163 3655 211 3693 mm
228 3644 290 3695 rasit
310 3651 426 3708 tempore
443 3641 581 3691 subuenire
597 3643 621 3690 L
690 3644 780 3691 desse
798 3655 845 3689 om.
865 3638 899 3701 N,
917 3639 979 3689 add.
999 3639 1130 3689 Dionaedes
1210 3636 1282 3689 oue
1297 3637 1412 3688 homoesi
1431 3638 1456 3687 N
1495 3704 1499 3709 ἢ

224 3713 363 3764 Omoeusis
383 3710 445 3763 LN:
475 3711 622 3760 homoeosis
639 3721 676 3760 est
693 3741 727 3752 -
745 3712 847 3776 ignotae
866 3710 901 3758 rei
922 3724 966 3773 per
991 3708 1184 3757 similitudinem
1208 3709 1263 3757 eius
1285 3722 1350 3770 qnae
1373 3708 1455 3772 magis

163 3791 215 3830 nota
233 3790 273 3833 est
291 3781 431 3845 deseriptio
449 3781 582 3830 Diomedes
669 3781 686 3832 8
711 3795 876 3844 personarum
899 3792 1020 3828 eorumne
1044 3793 1109 3841 quse
1127 3777 1267 3848 Diomedes
1286 3790 1454 3842 personarum

163 3863 241 3901 earum
258 3851 277 3915 ιῑ
294 3849 321 3899 Ν
338 3863 537 3915 personarumne
555 3864 620 3912 quae
639 3851 664 3898 L
739 3851 772 3901 10
791 3847 831 3913 os]
855 3850 936 3912 Verg.
957 3847 1021 3897 Aea.
1039 3845 1120 3899 1589
1197 3847 1228 3896 ll
1245 3861 1329 3896 rerum
1347 3854 1391 3894 aut
1408 3846 1454 3893 sd·

163 3920 371 3972 ministrationum
390 3918 520 3969 Diomedes
538 3934 620 3968 rerum
641 3919 875 3969 administratarum
889 3917 914 3966 N
932 3931 1015 3966 rerum
1034 3917 1229 3966 admirationum
1243 3916 1267 3964 L
1338 3915 1371 3965 12
1385 3914 1455 3979 apud

164 3985 309 4056 Vergilium]
330 3988 396 4038 Aen.
416 3988 506 4038 11222
596 3988 628 4039 16
646 3988 848 4038 adhortationem
876 4002 907 4036 ae
929 3986 1130 4036 dehortationem
1158 3984 1306 4050 significans
1334 3983 1454 4034 adhorta·

815 4080 843 4108 tte

164 4122 249 4175 horma
273 4130 302 4172 ut
327 4121 352 4170 L
376 4120 577 4172 adhortationem
600 4123 829 4187 dehortationemq,
846 4130 874 4172 ut
892 4122 918 4171 N
994 4121 1026 4171 ts
1045 4117 1168 4184 Antenor]
1192 4120 1270 4184 Verg.
1290 4118 1356 4171 Aen.
1375 4118 1454 4168 1242

225 4193 257 4245 lo
275 4199 353 4255 atque
372 4189 452 4239 -20
470 4206 591 4255 superare
608 4207 654 4242 ons.
664 4192 698 4251 N,
715 4192 778 4241 add·
797 4193 822 4242 L
891 4191 926 4244 20
942 4190 1058 4254 superari
1078 4190 1101 4237 L
1170 4188 1271 4238 Timavi
1288 4203 1333 4237 on.
1345 4187 1397 4235 NL

165 4258 297 4313 Narem,
318 4261 352 4322 N,
372 4260 433 4310 add.
454 4260 486 4309 L.
511 4262 590 4327 Verg.
614 4262 765 4313 Aenvtltl
785 4261 835 4312 144
909 4258 943 4310 23
958 4261 984 4308 in
999 4257 1097 4325 igniN
1114 4257 1225 4322 ignisL
1301 4257 1454 4306 Lanatu-

167 4340 294 4382 rursusne
309 4331 343 4380 L.
362 4331 398 4394 es.
417 4328 495 4379 oum.
513 4345 539 4392 p.
558 4329 610 4381 435
627 4347 684 4396 sqq,
757 4331 790 4380 25
804 4329 878 4379 aliter
896 4329 965 4392 quod
982 4329 1058 4378 debet
1076 4326 1182 4390 figurari
1199 4325 1223 4373 L
1301 4325 1336 4377 26
1353 4325 1454 4388 species

168 4393 229 4450 llllll
242 4401 292 4450 hae
310 4399 337 4447 N
363 4399 464 4464 speeies
482 4407 542 4449 sunt
559 4399 607 4450 hae
627 4401 651 4450 L
733 4399 863 4466 prothesis
885 4399 936 4449 NL
956 4397 1098 4464 prosthesis
1116 4395 1265 4445 Dimaedea:
1291 4394 1327 4456 εἰ.
1351 4393 1454 4444 tabeel:

169 4467 249 4523 oadal.
268 4483 346 4520 serm,
366 4468 459 4520 Graes.
478 4469 532 4531 lp.
552 4466 584 4518 13
654 4468 886 4535 prosparalempsis
904 4468 930 4516 N
946 4464 1148 4534 propanalemsis
1168 4463 1192 4512 L
1260 4463 1293 4514 27
1310 4462 1457 4513 sieresisN

225 4552 341 4603 apoeope
360 4550 405 4585 om.
426 4534 458 4597 N,
478 4536 581 4587 add.L
669 4539 782 4604 sgnstole
802 4537 827 4586 N
846 4537 979 4586 SistoleL
1066 4532 1201 4597 sgnnliphe
1217 4546 1262 4586 om.
1283 4532 1333 4581 NL
1420 4531 1454 4581 28

172 4605 271 4671 seirpus
290 4607 316 4656 N
332 4603 474 4655 ectebensis
492 4607 516 4654 L
