3114 5356
141 301 180 362 ro
319 344 324 353 .
622 264 625 271 ’
706 300 867 365 cunmsu

186 416 316 471 pann

303 507 375 549 non
399 496 434 548 te
454 487 599 550 nullius
621 496 794 550 exercent
814 487 978 561 numinis
1000 487 1088 547 irae.

139 591 209 653 item

302 700 338 754 et
359 711 466 753 versa
490 691 615 771 pulvis
641 690 871 752 inscribitur
895 690 1012 752 basta.

25 818 29 825 ·
138 796 204 875 quis
222 793 301 855 enim
321 811 381 856 non
404 793 497 855 videat
518 801 694 855 structuram
715 791 840 853 ‘nullius
862 794 1015 853 exercent’
1036 799 1065 852 et
1087 791 1199 871 ‘pulvis
1219 792 1430 855 inscribitur’?

23 962 27 967 ,
138 898 225 960 etiam
254 894 325 958 illud
350 913 454 975 magna
486 912 555 956 cura
580 892 734 955 videndum
760 901 806 956 est
832 895 910 974 quod
935 902 1049 954 veteres
1075 894 1174 955 omnia
1198 893 1242 954 vel
1269 895 1356 957 rerba
1384 895 1430 957 rel

138 1000 256 1061 nomina
277 1016 351 1077 quae
373 1017 390 1059 o
412 997 505 1058 littera
528 995 683 1069 liniuntur,
711 995 781 1055 item
809 995 943 1056 adverbia
969 995 1014 1055 vel
1037 996 1259 1058 coniunctiones
1287 997 1429 1076 producta

137 1110 264 1163 extrema
287 1099 397 1180 syllaba
420 1099 621 1180 proferebant,
646 1096 720 1157 adeo
742 1105 772 1157 ut
795 1095 936 1175 Vergilius
958 1114 1075 1176 quoque
1097 1098 1173 1158 idem
1199 1099 1371 1172 servaverit,
1398 1100 1430 1159 in

136 1203 201 1265 aliis
220 1211 317 1264 autem
340 1201 480 1280 refugerit
504 1199 630 1261 incultae
651 1198 803 1260 vetustatis
822 1198 973 1260 horrorem
997 1206 1027 1258 et
1049 1215 1166 1259 carmen
1190 1207 1292 1260 contra
1316 1220 1430 1262 morem

135 1313 265 1366 velerum
292 1303 467 1380 levigarent.
511 1301 657 1362 invenitur
683 1308 780 1361 tauten
810 1300 887 1379 apud
910 1298 1064 1379 Vergilium
1087 1299 1117 1361 iu
1142 1300 1229 1362 verbo
1256 1302 1353 1365 brevis
1375 1324 1429 1385 po·

136 1406 206 1480 sita,
230 1414 261 1467 ut

301 1524 397 1566 nunc
419 1503 499 1565 scio
521 1502 609 1581 quid
632 1502 683 1564 sil
704 1521 818 1577 amor,

301 1607 371 1668 hoc
398 1613 456 1667 sat
480 1604 567 1678 erit,
595 1605 676 1666 scio
696 1623 748 1665 me
771 1603 909 1666 Danais
930 1625 946 1665 c
969 1604 1160 1668 classibus
1182 1626 1299 1670 unum.

136 1711 214 1790 qnod
237 1709 304 1789 quia
322 1709 353 1769 in
380 1726 439 1769 uno
469 1707 557 1769 verbo
583 1706 709 1779 ridetur,
738 1704 935 1787 episynaliphe
962 1704 1155 1790 conlltrahunt
1179 1710 1228 1788 qui
1256 1711 1428 1772 servandam

139 1811 291 1873 vetustatis
313 1796 554 1870 consueludinem
575 1816 687 1891 putant.
733 1806 895 1889 spondeum
925 1826 994 1888 ergo
1022 1829 1076 1888 pro
1102 1809 1215 1890 dactylo
1244 1811 1369 1885 iaciunt,
1399 1820 1428 1871 et

102 1897 104 1900 ’
137 1933 204 1976 curn
227 1913 265 1975 sit
286 1913 385 1995 ‘nunc
405 1911 495 1997 scio',
528 1911 627 1973 solunt
647 1911 710 1974 tieri
735 1912 833 1973 ‘nunc
862 1912 940 1972 sco’.
985 1913 1063 1989 quod
1091 1932 1178 1992 quam
1204 1912 1364 1974 absurdum
1390 1914 1427 1974 sit

138 2015 327 2097 perspicuum
352 2013 489 2075 omuibus
510 2021 591 2094 pulo.
636 2012 714 2074 illarn
735 2021 831 2074 autern
851 2011 955 2092 opinor
972 2014 1064 2076 luisse
1086 2015 1242 2087 rationem,
1272 2014 1351 2092 quod
1380 2033 1428 2075 re·

138 2127 215 2179 teres
238 2113 331 2178 secuti
355 2114 498 2191 Graecae,
521 2115 598 2196 apud
619 2133 693 2193 ques
715 2137 738 2174 ω
758 2114 852 2175 littera
873 2113 980 2192 ubique
1002 2115 1119 2194 quidem
1144 2125 1246 2177 natura
1266 2115 1353 2194 longa
1372 2123 1426 2189 est,

138 2219 311 2301 plerumque
334 2224 431 2279 tamen
452 2219 483 2279 in
504 2216 603 2279 ultima
622 2198 832 2396 lawa&
851 2216 986 2296 peritur,
1020 2218 1106 2280 etiam
1133 2219 1163 2281 in
1190 2218 1338 2282 communi
1366 2236 1426 2279 ser-

137 2340 223 2382 mone
245 2337 352 2401 prosae
374 2319 508 2381 similitor
527 2319 722 2400 proferebant
760 2319 806 2403 ιἰιι
828 2317 897 2378 dum
918 2316 948 2377 id
970 2320 1120 2399 usurparit
1141 2340 1245 2400 prosa,
1277 2330 1305 2381 et
1325 2339 1425 2382 versus

136 2421 269 2485 obtinuit.
314 2416 453 2501 paulatim
475 2430 571 2483 autern
594 2441 664 2484 usus
686 2412 768 2483 inver'
807 2466 816 2495 ‚
846 2428 878 2480 nt
898 2420 927 2480 iu
947 2438 1084 2481 sermone
1112 2430 1212 2483 nostro
1236 2423 1332 2484 scribo
1359 2423 1424 2484 dico

137 2524 257 2585 etitem
278 2521 399 2597 talibus,
426 2523 474 2586 ubi
493 2544 511 2585 o
530 2544 589 2585 nen
605 2524 707 2586 >sulum
727 2543 779 2586 cor
832 2532 860 2583 ta
882 2522 1014 2603 ponitur,
1042 2524 1200 2586 sedetiam
1222 2524 1363 2586 ridiculus
1390 2526 1424 2586 sit

137 2626 186 2704 qui
209 2645 273 2687 cam
295 2625 471 2704 produxerit
503 2626 622 2691 ,mirum
649 2644 719 2706 crgo
747 2643 806 2686 nun
883 2671 892 2699 ,
920 2625 950 2685 si
976 2627 1217 2688 cousuetudinem
1244 2625 1377 2704 sequitur
1399 2635 1423 2686 et

135 2747 255 2802 versus,
277 2726 333 2813 nisi
356 2727 448 2788 sicubi
471 2736 557 2807 poeta
580 2727 717 2788 maiorem
740 2726 794 2787 sibi
814 2726 959 2787 licentiam
981 2726 1142 2790 vindicavit.
1188 2748 1259 2790 sane
1278 2728 1421 2808 tnunosyl·

137 2829 202 2890 laba
230 2831 291 2890 lcre
319 2843 520 2905 quaecumque
548 2835 616 2887 sunt
643 2826 730 2888 rerba
756 2821 933 2906 πρωτότυπα
968 2848 985 2888 o
1018 2829 1113 2892 littera
1147 2831 1226 2892 finita
1254 2838 1313 2891 tarn
1339 2848 1420 2891 versu

136 2947 223 3007 quarn
246 2928 331 2988 etiarn
354 2947 441 3008 prosa
462 2930 593 2991 similiter
611 2929 781 3007 productam
799 2930 921 2991 habeut:
954 2950 1076 2995 necesse
1099 2952 1157 2994 uon
1180 2933 1301 3013 corripi,
1325 2941 1357 2991 ut
1379 2940 1419 2992 stc

136 3031 183 3090 do.
229 3029 334 3108 quibus
358 3029 382 3089 si
407 3031 574 3092 conlmatur
596 3032 660 3094 dico
683 3052 768 3095 curro
791 3032 871 3095 disco
891 3033 961 3094 itcrn
983 3034 1124 3114 producta
1149 3055 1167 3095 o
1190 3035 1300 3109 littera,
1322 3034 1418 3094 diiudi-

136 3132 196 3192 cari
218 3130 325 3212 poterit
346 3149 432 3208 quarn
453 3131 491 3193 sit
513 3132 590 3194 aliud
612 3135 787 3209 absurdum,
810 3135 886 3197 aliud
907 3155 960 3216 per
982 3137 1159 3216 eupbouiarn
1181 3147 1304 3216 gratum

623 3305 657 3366 l'l
688 3305 738 3366 llE
762 3305 939 3367 DlCTlONE

222 3404 314 3465 [lictio
343 3411 387 3465 cst
415 3423 450 3465 ex
476 3404 593 3485 syllabis
619 3407 698 3468 linita
726 3426 792 3468 cum
819 3408 1030 3487 sigmlicatiouc
1059 3416 1138 3470 certa
1160 3407 1284 3481 locutio,
1315 3416 1348 3468 ut
1380 3428 1412 3469 cs

136 3506 201 3568 dico
225 3507 309 3568 facio.
354 3507 495 3586 quaedam
517 3508 660 3571 dictiones
682 3517 751 3572 sunt
771 3510 934 3589 simplices,
970 3517 1000 3571 ut
1026 3508 1116 3584 facio,
1150 3509 1291 3587 quaedam
1314 3528 1413 3588 conpo

138 3695 172 3746 29
208 3695 258 3744 Νι
312 3703 326 3743 n

272 3702 355 3832 Nictio
372 3789 411 3830 est
433 3796 465 3831 ex
488 3780 593 3845 syllabis
617 3783 688 3832 finita
702 3778 771 3833 'erum
793 3783 980 3849 significatione

274 3869 348 3931 ipdam
371 3869 495 3918 dictiones
517 3880 576 3918 sunt
600 3869 730 3934 simplices
753 3869 883 3936 simplices
914 3880 940 3919 ut
968 3868 981 3917 l
1393 3872 1409 3924 3

203 4007 249 4057 Ex
266 4009 435 4074 quadruplata
452 4015 545 4071 septem
561 4008 686 4069 uersibus,
711 4012 753 4073 qni
773 4010 797 4057 in
822 4013 940 4060 universa
956 4009 1051 4073 popina
1069 4011 1158 4072 scripti
1174 4016 1245 4066 sunt,
1269 4024 1353 4060 novem
1371 4018 1408 4060 tm

134 4086 183 4129 turn
204 4081 247 4143 qui
267 4077 341 4128 mcclii
359 4084 416 4127 eunt
437 4080 530 4143 inteprr
548 4086 658 4133 restaatr
685 4080 835 4142 reliquorwn
853 4081 937 4128 exitus
949 4079 1086 4142 perierunt.
1124 4095 1159 4128 ear
1175 4078 1214 4129 lrs'tr
1228 4081 1323 4142 pransor
1339 4096 1407 4131 verse

204 4251 218 4303 l
236 4265 286 4303 uon
303 4247 339 4316 te]
361 4250 440 4315 Verp.
455 4265 543 4317 peorp.
555 4250 601 4307 llll
616 4251 667 4303 453
736 4250 752 4303 :3
772 4258 797 4300 ct
815 4247 899 4316 verse]
920 4250 998 4316 Vero.
1010 4251 1077 4302 Aen.
1097 4254 1172 4305 1478
1240 4252 1405 4303 {retiam-‘l

134 4321 273 4373 vindicavit
289 4321 369 4373 Diem.
385 4334 413 4383 p.
432 4320 485 4371 430
563 4319 593 4370 ll
614 4318 689 4385 nuno]
715 4322 793 4387 Verp.
807 4319 886 4373 bucol.
904 4319 937 4380 8,
956 4320 990 4373 43
1072 4319 1402 4388 12h00]Verp.Aen.1

135 4390 186 4441 1102
263 4390 376 4443 clasibus
393 4389 420 4439 N
502 4388 534 4440 13
557 4390 733 4458 episynalipbc
753 4390 883 4442 diomedes
905 4391 931 4439 in
949 4390 1101 4457 synaliphen
1119 4394 1144 4443 N
1222 4393 1253 4443 15
1269 4407 1327 4440 curn
1343 4382 1403 4441 ''nur

134 4451 176 4510 'sit
190 4460 282 4511 scioN
349 4459 485 4512 absordum
501 4459 528 4509 N
607 4459 637 4509 17
656 4457 688 4524 ω]
709 4460 762 4509 eN
839 4459 872 4511 lu
890 4461 1037 4521 obsecrauit
1054 4477 1121 4516 corr.
1140 4462 1273 4529 usurpauit
1291 4461 1316 4509 N
1393 4462 1403 4509 ι

136 4543 214 4580 eom.
234 4530 260 4580 N
265 4522 277 4590 ,’
297 4532 358 4582 add.
378 4529 510 4582 Diomedes
595 4530 630 4579 22
654 4537 692 4578 cst
712 4530 735 4581 si
757 4530 964 4581 consuetudinem
988 4533 1104 4595 sequitur
1123 4549 1214 4584 uersus
1230 4530 1364 4582 Diomedes
1389 4546 1402 4580 e

135 4600 354 4651 consuetudinem.
365 4604 408 4667 ‚cir
424 4607 449 4650 et
466 4614 555 4651 uersus
567 4598 594 4648 N
611 4607 650 4651 est
666 4599 874 4651 consuetudinem
891 4600 963 4664 sequi
979 4610 1004 4650 et
1021 4616 1111 4652 uersus
1129 4619 1150 4652 ω
1227 4598 1261 4651 23
1279 4615 1341 4650 sane
1351 4602 1401 4649 -ι

135 4667 228 4721 babent
245 4672 323 4723 nem.
340 4686 368 4735 p.
388 4669 441 4721 428
509 4672 543 4720 24
560 4666 629 4733 suut]
652 4670 676 4718 in
694 4670 721 4718 N
736 4671 787 4720 sint
802 4670 904 4720 cedices
921 4670 1047 4722 moneor
1117 4686 1268 4725 rnorunrra
1288 4670 1312 4719 N
1394 4676 1401 4719 τ

134 4751 239 4788 necesse
257 4753 305 4789 non
324 4751 362 4790 est
380 4739 473 4805 corripi
496 4738 635 4789 Fabricius.
664 4739 778 4802 sortasse
805 4753 851 4787 nec
872 4749 981 4804 possunt
1004 4743 1096 4808 corripi
1182 4742 1216 4794 28
1238 4755 1271 4789 ns
1296 4754 1400 4791 nrcrren

117 4805 211 4856 biom.
227 4823 256 4871 p.
275 4808 325 4859 431
396 4810 430 4862 29
448 4823 506 4859 cum
524 4808 710 4877 significatione
726 4818 795 4861 certa
813 4809 944 4859 Diomedes
