3114 5356
133 208 196 274 226
696 206 857 270 ultnntsu

134 324 320 478 quimrulii
334 324 442 461 ilicum
459 402 527 458 anto
552 412 641 475 mam
665 404 695 457 et
716 396 821 460 melius
842 412 938 476 (pram
976 392 1154 470 subiciendi,
1177 320 1404 471 qiaiiuieim
1448 412 1451 417 ·

136 497 292 581 expletivae
313 497 366 575 ait,
395 499 468 572 bae,
502 497 635 577 equidem
660 498 822 575 enimvero;
859 496 1015 579 repletivae
1035 487 1331 574 ἆναπληρωμαηιοί,
1360 493 1406 557 aal-

134 611 193 662 tem
220 609 316 663 tamen
341 600 458 662 tandem
486 619 522 660 ne
547 601 637 678 adeo;
665 601 814 675 inlativae,
850 617 1025 678 quamquam
1049 599 1181 678 quamvis
1208 598 1264 660 etsi
1290 597 1407 672 tametsi3

134 702 276 777 linitivae,
299 702 368 764 dmn
387 704 596 783 [quamquam]
616 708 950 784 postquam-antequam
968 708 1110 779 quatenus
1131 708 1161 760 ut
1182 719 1268 776 cum,
1289 689 1410 771 ὅτανὸς

134 804 281 883 σημαίνει.
326 805 372 867 alii
391 806 491 868 dicunt
510 825 592 878 oum,
611 814 646 866 ut
663 805 702 866 sit
722 823 779 884 quo
801 810 948 883 ternpore:
974 820 1027 882 per
1048 802 1104 863 boc
1122 810 1151 862 et
1169 801 1336 864 adverbium
1356 812 1442 865 esset

135 915 233 988 potest
252 910 400 989 temporis
444 909 603 989 optativae,
625 908 734 969 utinam
755 914 842 967 utne
862 904 962 979 velim;
992 903 1206 977 subiunctivae,
1236 923 1320 977 eum,
1349 906 1373 967 si
1388 894 1413 964 et

137 1029 211 1090 quae
226 1011 262 1072 ab
282 1032 316 1072 eo
330 1006 600 1091 conpositae‘sunt,
621 1008 752 1083 tametsi,
771 1015 944 1085 antequam,
961 1006 1071 1082 donec,
1090 1005 1236 1092 quamvis,
1257 1006 1414 1079 dummodo,

137 1113 220 1187 licet,
243 1121 413 1195 postquam,
441 1113 627 1192 priusquam,
655 1111 725 1172 dum
747 1128 813 1171 curu
838 1127 892 1189 pro
914 1108 1008 1170 donec
1034 1109 1176 1190 accipitur
1195 1116 1247 1170 aut
1266 1110 1416 1190 pro'dum·

137 1215 233 1277 modo.
277 1233 332 1275 nec
357 1223 387 1275 te
411 1221 540 1289 moveat,
570 1213 596 1275 si
622 1213 763 1292 quaedam
789 1229 856 1273 esse
882 1209 1017 1273 adverbia
1044 1219 1074 1271 et
1100 1210 1322 1274 coniunctiones
1342 1230 1418 1274 recu
1434 1234 1452 1245 ·

138 1314 280 1396 gnovoris.
1428 1322 1463 1371 ιι

223 1419 364 1498 Superest
385 1424 417 1477 ut
437 1416 568 1479 dicamus
588 1435 662 1495 quae
684 1416 849 1477 coniunctio
872 1415 919 1477 cui
941 1414 1069 1495 qualitati
1092 1413 1237 1491 iungatur.

224 1522 296 1583 Cum
314 1518 443 1597 iungitur
461 1519 547 1580 modo
573 1519 689 1581 lmitivis
710 1519 797 1581 modo
820 1516 1033 1599 subiunffctivis,
1063 1517 1141 1578 velut
1164 1535 1232 1578 cum
1254 1515 1335 1590 dico,
1359 1533 1420 1576 oum

138 1621 287 1698 dicebam;
322 1619 391 1683 item
417 1623 521 1684 ceteris
545 1623 662 1684 linitivis
682 1621 878 1702 temporibus:
915 1619 1105 1681 subiunctivis
1126 1636 1242 1697 quoque
1264 1618 1323 1693 sic,
1360 1637 1421 1679 cum

140 1723 249 1798 dicam,
287 1742 353 1786 cnm
379 1723 522 1800 dicerem;
558 1725 627 1786 item
657 1724 762 1785 ceteris
787 1723 978 1787 subiunctivis
1000 1720 1189 1800 temporibus.
1234 1720 1286 1781 sed
1304 1721 1422 1782 interest

138 1834 236 1888 utrum
254 1826 370 1888 finitivis
399 1846 436 1888 an
461 1827 651 1889 subiunctivis
679 1827 823 1906 iungatur.
866 1823 983 1885 finitivis
1011 1823 1087 1884 eninr
1114 1820 1258 1901 iungitur,
1284 1823 1421 1901 quotiens

139 1928 176 1990 ad
193 1929 223 1989 id
243 1935 435 2011 tempusque
456 1930 578 2010 agebam
599 1931 739 1992 velentur:
770 1928 854 1988 ‘cum
873 1926 1005 1987 declamo
1024 1924 1131 1997 venit’,
1153 1923 1183 1984 id
1204 1933 1249 1984 cst
1270 1925 1335 2005 ipso
1354 1932 1424 1984 tem·
1436 1942 1457 1984 ι

34 2092 38 2111 ·.
138 2049 210 2111 pore
229 2049 287 2110 quo
308 2032 456 2106 declamo,
484 2051 551 2095 cum
571 2030 783 2104 declamabam,
812 2028 848 2088 id
874 2035 921 2089 eet
941 2028 1011 2107 ipso
1034 2033 1169 2106 tenepore
1189 2044 1250 2106 quo
1271 2025 1424 2087 declama·

138 2130 210 2193 bum
233 2155 252 2192 e
266 2128 279 2218 ΙΙ
295 2141 327 2195 ιιι
348 2134 424 2216 apud
444 2134 600 2214 Vergilium

303 2255 381 2298 cum
402 2237 520 2313 venit,
542 2235 689 2299 aulaeis
709 2235 780 2296 iarn
801 2251 839 2294 se
859 2232 990 2312 regina
1013 2233 1190 2313 superbis

250 2372 254 2378 ·
304 2356 416 2399 aurea
441 2339 641 2419 conposuit
663 2336 820 2420 sponda,

140 2439 234 2501 idest
255 2446 385 2520 temporo
406 2440 471 2519 ipso
492 2457 549 2518 quo
571 2439 720 2515 veniebat;
742 2448 771 2500 et
791 2439 867 2520 apud
886 2439 1055 2499 Ciceronem
1077 2441 1240 2500 ‘tantum
1263 2439 1424 2518 proieci,
1439 2455 1463 2497 ‘e

140 2560 219 2602 curn
240 2547 276 2599 te
296 2559 312 2599 a
334 2540 537 2601 consulatu
558 2540 738 2621 reppuli',
766 2540 800 2601 id
820 2549 866 2603 est
884 2542 955 2620 ipso
976 2548 1112 2621 ternpore
1131 2559 1191 2621 quo
1213 2539 1341 2620 reppuli
1360 2558 1426 2621 pro-

142 2642 207 2703 ieci.
235 2643 279 2703 sic
299 2658 415 2719 quoquo
433 2643 462 2701 et
484 2641 580 2703 lutuno
601 2641 730 2720 iungitur
747 2644 938 2720 tinnivolum,
962 2653 995 2706 ut
1014 2643 1092 2724 apud
1112 2642 1267 2722 Vergilium

306 2760 383 2803 cum
402 2741 507 2802 dabit
530 2744 720 2823 amplexus
741 2754 851 2824 atque
874 2747 1005 2809 oscula
1027 2745 1152 2806 dulcia
1173 2746 1281 2825 liget,

143 2845 221 2924 quod
244 2851 289 2904 est
310 2843 375 2923 ipso
397 2852 528 2923 tempore
551 2862 608 2922 quo
630 2845 709 2907 dabit
731 2847 880 2927 amplexus
901 2856 930 2908 et
956 2851 1025 2928 suget
1051 2847 1167 2923 oscula;
1206 2848 1249 2909 sic
1276 2857 1307 2909 et
1328 2849 1427 2911 Cicero

142 2947 204 3008 ‘un
225 2964 302 3006 cum
323 2944 426 3007 bollo
452 2944 665 3007 vastabitur
689 2947 812 3024 ltalia,
841 2949 1071 3011 venabuntur
1092 2951 1218 3023 urbes,
1246 2959 1344 3013 tecta
1368 2970 1455 3013 ειν-π

140 3048 298 3122 debunt,
328 3055 415 3109 tuno
442 3056 478 3108 te
503 3067 575 3109 non
601 3048 833 3113 existimas‘i’
877 3051 1022 3130 significat
1047 3052 1123 3112 enirn
1142 3051 1191 3112 illo
1209 3060 1342 3132 tempore
1362 3072 1427 3114 esse

143 3151 247 3212 invidia
279 3150 522 3227 conflagratumm
554 3168 611 3229 quo
639 3151 797 3213 vastabitur
825 3152 922 3228 ltalia,
957 3162 1033 3215 tceta
1064 3154 1215 3216 ardebunt.
1258 3153 1316 3215 boc
1342 3161 1427 3234 pacto

143 3252 271 3330 iungitur
291 3251 423 3327 finitivis;
453 3252 642 3314 subiunctivis
664 3272 748 3329 vero,
777 3264 930 3337 cumpost
952 3257 1060 3317 iactum
1080 3255 1186 3334 aliquid
1209 3255 1370 3333 significat,
1398 3263 1428 3317 ut

144 3355 228 3414 ‘curn
243 3353 386 3428 venisset,
409 3353 565 3415 declamavi
574 3359 594 3415 ⁹.
631 3354 775 3432 siguificat
790 3357 867 3417 enim
889 3358 970 3438 prius
994 3359 1108 3419 venisse
1130 3357 1218 3418 etsie
1241 3376 1274 3420 se
1296 3359 1429 3439 coepisse

144 3455 321 3530 declamare,
344 3463 375 3515 ut
397 3456 473 3537 apud
497 3456 664 3518 Ciceronem
687 3459 783 3519 ‘oum
809 3459 872 3520 ille
900 3460 1007 3520 lromo
1034 3458 1313 3521 audacissimus
1340 3478 1463 3525 con-et

143 3557 307 3620 scientia
335 3559 532 3620 convictus
560 3559 799 3635 reticuisset,
827 3562 1018 3640 patcleci'.
1063 3582 1129 3622 narn
1156 3562 1283 3642 privnmn
1307 3562 1428 3623 Catilina

145 3659 233 3721 tacuit
255 3669 283 3720 et
305 3667 375 3720 turno
397 3659 498 3720 Cicero
520 3660 663 3739 patefecit.

229 3760 259 3823 Si
281 3758 368 3823 modo
389 3759 505 3822 finitivis
529 3760 615 3822 modo
637 3762 825 3824 subiunctivis
847 3763 989 3843 iungitur,
1011 3764 1090 3825 velut
1111 3764 1136 3825 si
1159 3764 1259 3840 veum,
1284 3765 1309 3827 si
1333 3766 1431 3827 venie·

200 3963 212 4012 l
226 3964 270 4014 ubi
282 3965 387 4013 dicitnr.
398 4001 404 4013 .
415 4000 421 4013 .
432 3979 519 4027 .quam
528 3973 553 4014 et
563 3964 653 4013 melius
665 3981 740 4026 quam
750 3966 775 4014 Ν
787 3966 829 4015 ubi
840 3965 932 4015 dicitur
941 3975 1075 4030 antequam
1094 3969 1119 4017 iu
1136 3968 1225 4018 melius
1234 3983 1310 4032 quam
1321 3968 1362 4032 Pp

147 4036 163 4084 4
177 4034 317 4085 intinitiuae
334 4035 383 4083 NP
396 4035 454 4084 item
471 4035 583 4085 llnitiuae
600 4033 716 4085 dicuntur
731 4034 778 4086 hac
791 4036 920 4086 Diomedes
989 4037 1048 4088 dum
1062 4053 1214 4100 quamquam
1231 4039 1347 4103 quamuis
1360 4047 1430 4103 post-

147 4104 257 4168 quamP
272 4104 375 4153 andrum
388 4104 526 4167 quamdiu?
596 4105 776 4155 bonucueer
846 4104 875 4155 ll
894 4104 1154 4171 superesi-aeul
1176 4116 1333 4158 revertantur
1348 4110 1429 4163 Diem.

143 4188 172 4236 ρ.
192 4173 242 4224 386
259 4190 314 4240 epp.
385 4174 475 4237 cuique
490 4174 604 4238 qualitati
621 4174 752 4226 Diomedes
830 4175 862 4226 16
880 4176 907 4225 id
927 4184 966 4228 est
984 4178 1040 4241 ipso
1056 4185 1169 4242 tompore
1186 4192 1237 4242 quo
1255 4177 1431 4228 declamabant

147 4260 192 4294 om,
212 4243 276 4304 ΝΡ,
300 4244 390 4294 addidi
405 4260 440 4293 eu
453 4244 578 4295 Diomede.
611 4254 748 4306 praeterea
767 4254 846 4297 autem
861 4246 971 4308 perfecti
987 4250 1103 4310 temporie
1121 4262 1175 4296 cum
1192 4264 1249 4299 cum
1266 4251 1435 4300 coniunctione

142 4317 222 4376 positi
237 4314 346 4377 definitio
364 4314 460 4365 eccidit
543 4314 575 4364 17
592 4313 660 4377 apud
678 4316 829 4382 Vergilium]
850 4316 915 4367 Aen.
934 4316 945 4365 Ι
962 4315 1013 4368 697
1098 4316 1133 4368 20
1150 4334 1199 4381 quo
1216 4319 1286 4367 venit
1301 4318 1435 4370 Diomedes

217 4383 285 4447 apud
303 4382 459 4449 Ciceronem]
476 4385 501 4433 in
518 4385 615 4434 uetiti
637 4383 677 4444 10,
696 4385 730 4435 27
817 4388 849 4437 ⁶21
868 4383 983 4450 reppuli,
1004 4386 1029 4435 id
1048 4396 1086 4436 ost
1101 4389 1158 4451 ipso
1176 4397 1290 4507 mamre
1308 4402 1359 4452 qno
1377 4403 1433 4452 rep

149 4452 204 4516 puli
219 4453 325 4517 proieci.
345 4454 383 4503 sic
401 4468 499 4517 qnoque
511 4453 643 4504 Diomedes
659 4454 759 4520 reppuli
775 4457 944 4521 proficiscitur
958 4469 1057 4519 quoque
1074 4457 1124 4507 NP
1210 4464 1217 4479 ⁸
1278 4460 1332 4524 pud
1345 4460 1435 4524 Vergi-

149 4520 221 4586 lium]
241 4523 305 4573 Aen.
324 4522 401 4574 1087
471 4526 504 4574 24
521 4519 619 4586 Cicero]
639 4525 665 4571 in
684 4525 757 4577 Catii.
777 4529 785 4574 l
807 4527 846 4590 tl,
868 4526 902 4578 26
982 4526 1017 4576 26
1033 4527 1165 4576 existimus
1184 4527 1297 4577 inuidiae
1315 4529 1432 4578 incendio

148 4592 359 4657 conllagmturum
377 4592 509 4642 Fabricius
588 4591 656 4658 esse]
674 4611 701 4644 se
720 4594 747 4642 Ν
766 4594 850 4659 ipsum
875 4594 1006 4646 Fabricius
1090 4597 1244 4648 iuvenisse
1264 4612 1325 4648 eum
1349 4608 1374 4648 et
1395 4598 1434 4648 uic

147 4660 278 4712 Diomedes
346 4662 381 4714 30
397 4663 466 4727 apud
479 4660 635 4727 Ciceronem]
653 4665 678 4712 in
692 4665 766 4715 Cutil.
786 4666 808 4713 ll
822 4662 848 4730 6,
861 4662 893 4714 13
963 4677 1019 4714 cum
1035 4663 1077 4712 ille
1095 4681 1141 4715 om.
1160 4665 1193 4726 N,
1210 4667 1272 4718 edel.
1293 4668 1321 4716 P
1335 4677 1361 4719 et
1374 4667 1433 4717 Dio-

148 4730 231 4779 medes
299 4729 331 4783 31
350 4731 460 4781 catillina
475 4732 501 4781 Ν
517 4733 624 4783 coteliua
641 4734 666 4782 P
