3114 5356
627 278 708 338 niiT.
732 278 871 338 Gltrlllltl.
901 276 1008 339 tirsi
1406 285 1465 345 351

1255 409 1277 449 p.
1292 396 1337 439 sto.
1352 398 1377 437 ll
1391 397 1415 440 Ρ.

161 464 233 523 ιΙιιιιι
257 480 354 521 veram
375 461 493 537 syllabis
516 461 725 537 tenninantur,
755 471 787 523 ut
813 464 859 523 adi
884 463 1046 537 admoram,
1075 465 1152 525 nutri
1182 465 1368 527 nutriveram.
1392 472 1466 531 'sed

160 574 261 624 berneri
286 563 315 622 iu
339 563 476 623 oninibns
499 564 680 623 consuetudo
707 565 883 643 euphoniam
906 573 1026 644 captans
1053 585 1068 624 v
1095 565 1219 626 litteram
1243 565 1390 630 subtrabit
1410 573 1467 632 eti

162 664 450 742 litterarneurripit,
474 673 506 724 ut
528 665 655 726 adieram
677 665 846 726 nutrieram.
1346 734 1354 752 ι

250 763 388 824 Omnium
423 764 577 825 verborum
611 784 685 843 quae
720 786 737 825 o
770 765 866 826 littera
898 767 1090 827 terminantur
1122 767 1288 844 coniugatio
1314 770 1401 830 etiam
1430 774 1466 833 ab

132 865 293 945 sopiativo
315 864 401 925 modo
425 874 454 924 et
477 866 661 928 coniunctim
684 876 815 946 tempore
844 867 991 944 praesenti
1022 868 1172 928 dumtaxat
1199 869 1353 947 colligitur.
1399 893 1465 935 narn

160 968 186 1028 si
212 967 305 1046 prima
327 974 372 1025 est
392 967 573 1043 coniugatio,
600 969 760 1046 optativum
788 976 817 1027 et
843 966 1060 1028 subiunctivum
1082 969 1112 1028 in
1139 988 1184 1028 em
1206 969 1344 1047 syllabam
1368 975 1466 1034 termi-

160 1075 263 1128 natum
287 1067 374 1126 debet
396 1066 519 1139 babere,
548 1068 625 1128 sient
647 1077 692 1128 est
715 1069 825 1129 utinam
848 1086 942 1128 amem
965 1070 1009 1130 vel
1033 1089 1101 1130 euin
1121 1089 1224 1131 amern.
1269 1072 1394 1150 quodsi
1418 1094 1465 1135 se-

159 1168 257 1227 cunda
281 1167 446 1242 coniugatio
468 1169 569 1242 licerit,
599 1171 725 1248 curtativo
749 1169 882 1229 similiter
904 1179 933 1230 et
954 1170 1138 1231 sublimetiro
1160 1172 1188 1230 in
1212 1191 1259 1232 am
1283 1173 1464 1246 terminetur,

160 1276 194 1327 nt
215 1277 260 1329 est
280 1267 390 1326 utinum
415 1276 529 1328 tenram
553 1270 596 1330 vel
628 1289 693 1330 cunr
724 1278 846 1330 teneam.
892 1272 975 1331 tortia
1000 1277 1068 1330 reru
1094 1271 1197 1331 eudem
1222 1273 1309 1332 inodo
1336 1280 1365 1332 et
1393 1279 1465 1334 tern-

119 1394 144 1431 ro
161 1388 235 1448 pore
257 1368 286 1429 in
307 1387 368 1428 rern
394 1368 533 1447 syllabarii
558 1372 707 1432 terminari
728 1371 830 1443 debet,
859 1380 891 1432 ut
914 1380 959 1433 est
979 1373 1089 1432 urinam
1113 1371 1240 1449 legerem
1263 1373 1308 1432 vel
1335 1391 1402 1432 eum
1423 1371 1465 1431 le·

159 1488 271 1547 gerem.
316 1488 383 1529 nam
407 1470 436 1529 in
458 1470 537 1529 omni
556 1471 643 1531 verbo
667 1473 760 1532 activo
783 1481 812 1531 et
835 1473 958 1533 neutrali
983 1471 1112 1552 optativo
1128 1479 1157 1531 et
1175 1471 1359 1532 subiunctiro
1376 1473 1464 1532 modo

158 1580 280 1648 tempus
304 1571 493 1648 praeteritum
516 1574 678 1650 perlectum
708 1574 736 1632 in
763 1573 818 1635 rirn
844 1574 922 1634 exire
952 1573 1053 1644 debet,
1087 1573 1405 1652 plusquamperfectum
1434 1573 1464 1632 in

159 1689 223 1730 sem
246 1666 316 1752 [sed
336 1666 496 1752 simplerl,
528 1680 559 1732 ut
581 1681 627 1733 est
651 1673 680 1732 in
702 1674 796 1752 prima
823 1673 1027 1753 coniugatione
1049 1673 1159 1732 utinam
1181 1674 1336 1734 amaverim
1359 1680 1388 1733 et
1409 1674 1465 1734 nti·

159 1791 229 1832 iram
253 1773 425 1832 amavissem
447 1779 477 1831 et
497 1791 565 1832 eum
588 1773 759 1832 urrrurere'm
785 1781 815 1834 et
841 1794 910 1834 mem
937 1775 1146 1844 amavissen-
1178 1774 1247 1834 item
1275 1774 1305 1833 in
1335 1773 1464 1833 secunda

119 1875 272 1938 utitinam
295 1873 458 1932 monuerim
482 1874 591 1933 vrtinam
612 1875 789 1935 monuissem
806 1875 849 1935 vel
868 1895 934 1936 enm
955 1875 1117 1935 monuerim
1135 1884 1164 1935 et
1181 1892 1247 1937 cum
1264 1873 1462 1948 monuissem;

159 1977 223 2056 pari
246 1975 334 2034 modo
354 1984 383 2035 et
401 1976 485 2034 tertia
505 1977 614 2035 utinam
635 1975 755 2052 legerim
778 1975 889 2035 utinam
911 1975 1049 2052 legissem
1071 1983 1101 2033 et
1124 1992 1190 2034 cnm
1210 1973 1330 2051 legerim
1347 1981 1376 2034 et
1393 1992 1460 2034 cum

158 2075 307 2151 legissem.
352 2074 387 2135 ab
410 2076 456 2135 liis
480 2074 576 2135 verbis
600 2096 617 2136 o
639 2076 734 2136 littera
754 2074 917 2134 terminatis
937 2094 1025 2135 omne
1052 2075 1196 2134 inlinitum
1222 2082 1354 2153 ternpore
1377 2092 1461 2152 prae-

158 2177 235 2236 senti
258 2177 288 2236 in
314 2195 346 2236 re
368 2178 445 2237 exire
465 2176 567 2250 debet,
590 2178 751 2257 perlectum
772 2176 836 2236 eius
854 2176 884 2235 in
909 2196 956 2249 se,
978 2177 1106 2236 lutunrm
1124 2177 1154 2236 in
1172 2177 1232 2248 ire,
1254 2182 1288 2235 ut
1303 2184 1348 2235 est
1363 2174 1460 2251 legere

157 2277 267 2354 legisse
285 2277 393 2337 lectum
418 2279 470 2337 ire.

117 2412 144 2450 ω
246 2379 339 2438 Verba
361 2396 435 2455 quae
464 2398 498 2438 or
527 2378 634 2456 syllaba
665 2380 857 2439 tenninantur
884 2377 1029 2437 indicativi
1052 2376 1129 2437 modi
1151 2376 1339 2455 praeteritum
1362 2373 1460 2452 inper-

159 2483 269 2541 leetum
297 2481 326 2539 in
354 2481 407 2539 bar
433 2479 540 2540 ‹lebent
566 2480 696 2552 mittere,
731 2481 895 2559 perlectum
923 2478 1057 2550 insum,
1088 2476 1408 2556 plusquamperfectum
1429 2473 1458 2532 in

159 2601 257 2654 eram,
277 2590 311 2641 nt
330 2581 448 2657 legebar
472 2583 564 2640 lectus
588 2600 652 2640 sum
673 2581 766 2641 lectus
790 2599 879 2640 eram.
925 2579 962 2639 ab
980 2578 1108 2657 optativo
1135 2596 1202 2636 vero
1225 2584 1253 2637 et
1275 2573 1458 2636 coniunctivu

157 2684 348 2762 praeteritum
370 2683 565 2761 inperfectum
593 2682 622 2741 in
645 2700 692 2740 rer
719 2680 828 2741 debent
855 2681 986 2754 mittere,
1023 2681 1186 2759 perlectum
1213 2677 1243 2738 in
1272 2678 1343 2748 sim,
1376 2672 1459 2751 plus·

158 2784 413 2861 qnamperleetum
440 2784 469 2843 in
497 2802 610 2856 essem,
640 2791 672 2845 ut
703 2791 747 2842 est
776 2783 887 2844 utinam
909 2782 1024 2859 legerer
1044 2780 1139 2840 lectus
1159 2779 1214 2840 sim
1235 2777 1327 2837 lectus
1349 2789 1455 2832 essem.

117 2912 142 2950 er,
157 2884 193 2944 ab
217 2885 265 2944 his
284 2885 378 2945 verbis
400 2886 559 2945 inlinitivus
585 2884 690 2944 modus
717 2892 850 2963 tempore
877 2883 1024 2964 praesenti
1043 2881 1052 2942 i
1073 2882 1160 2942 debet
1181 2880 1275 2940 littera
1297 2873 1456 2946 terminari,

157 2985 348 3065 praeteritum
370 2987 400 3045 in
421 3004 503 3058 esse,
525 2988 655 3047 loturum
677 2985 706 3045 in
726 2985 788 3060 iri,·
800 2993 833 3046 ut
850 2986 908 3064 legi
927 2986 1035 3047 lectum
1058 3003 1124 3044 esse
1143 2982 1250 3042 lectum
1271 2975 1315 3036 iri.
1330 2970 1345 3056 ΙΙ

199 3191 236 3232 DE
256 3190 404 3232 t'ssitbonmi
430 3190 631 3231 nncmnmon'n
654 3189 875 3231 CONIVGletJNVll
896 3190 998 3231 lutitiae
1020 3186 1055 3228 ΕΤ
1076 3182 1218 3226 ssorum
1239 3179 1275 3221 ΕΤ
1295 3178 1413 3220 ΤΕΜῚΑΕ

611 3289 774 3331 consumis
796 3289 831 3330 ΕΤ
850 3288 1012 3331 rnonrcrnn

144 3368 148 3376 ⁴
243 3392 315 3450 Anio
334 3389 453 3449 verlmm
476 3388 643 3449 absolutum
666 3389 780 3450 linitum
805 3387 929 3446 activum
951 3387 1060 3459 ligurae
1089 3376 1230 3455 simplicis
1255 3377 1368 3436 numeri
1394 3376 1455 3436 sin·

116 3512 141 3551 ao
155 3493 265 3570 gularis
295 3490 372 3551 modi
401 3489 546 3549 indicativi
577 3489 717 3567 temporis
744 3485 908 3567 praesentis
934 3489 1079 3558 personae
1098 3476 1211 3555 primae
1239 3476 1453 3553 coniugationis

154 3592 285 3672 primae,
320 3592 398 3667 quod
428 3590 621 3650 declinabitur
651 3589 703 3649 sic.
753 3587 840 3646 modo
868 3579 1021 3642 indicativo
1050 3585 1182 3656 tempore
1210 3575 1358 3656 praesenti
1386 3593 1452 3634 amu

154 3712 237 3753 arnas
259 3700 352 3763 amat,
382 3692 533 3771 pluraliter
562 3708 693 3751 amamus
714 3685 817 3747 amatis
836 3687 949 3740 amant:
977 3676 1080 3740 eodem
1103 3677 1190 3739 modo
1213 3685 1346 3754 tempore
1367 3691 1453 3754 prae-

154 3794 241 3854 terito
263 3795 423 3873 inperfecto
448 3794 547 3871 specie
570 3789 731 3850 inchoativa
753 3782 885 3844 amabam
906 3778 1025 3839 amabas
1046 3779 1177 3852 amabat,
1201 3775 1352 3858 pluraliter
1372 3792 1453 3835 ama-

153 3895 260 3954 bamus
278 3894 419 3955 amabotis
440 3894 590 3953 amabant:
620 3888 721 3948 eodem
749 3882 836 3943 modo
865 3889 996 3960 tempore
1024 3880 1181 3960 praeterito
1201 3877 1332 3957 perlecto
1352 3873 1451 3954 speeie

114 4016 139 4055 as
153 3995 290 4054 absoluta
313 3995 421 4066 amavi,
442 3993 544 4052 amasti
566 3991 610 4050 rel
632 3985 780 4058 amavisti,
803 3982 925 4054 amavit,
948 3980 1100 4058 pluraliter
1126 3979 1303 4052 amavimus,
1331 3974 1451 4035 amastis
1537 4029 1543 4041 ,

153 4096 197 4155 vel
220 4096 383 4164 anvarnus,
410 4100 544 4151 amarunt
565 4090 608 4148 vel
632 4093 801 4148 amaverunt
823 4083 866 4143 vel
888 4100 1035 4142 amavere:
1073 4079 1177 4140 eodem
1203 4077 1291 4137 modo
1318 4083 1451 4154 tempore

219 4283 237 4330 5
256 4281 388 4344 collegitur
406 4277 489 4327 ΑΒΜ
570 4276 764 4326 (iterrniuatum
779 4288 796 4330 ς
813 4272 972 4323 terminatam
990 4269 1041 4318 AB
1058 4267 1225 4316 terminantur
1241 4280 1310 4316 eorr.
1329 4264 1450 4343 termine-

151 4366 203 4402 tam
220 4350 252 4398 M
321 4350 335 4397 7
354 4349 427 4396 debet
447 4347 470 4394 A
489 4345 564 4395 habet
584 4345 617 4394 M
632 4344 724 4393 hubent
742 4344 767 4392 B
845 4341 940 4390 utinam
960 4349 1052 4388 tamem
1071 4336 1110 4384 uel
1129 4350 1186 4383 cum
1205 4347 1287 4384 amem
1306 4331 1337 4381 M
1354 4339 1450 4379 nouam

151 4432 234 4471 ercam
252 4417 293 4466 nel
314 4433 371 4466 enm
389 4431 470 4465 amem
489 4415 514 4464 A
531 4415 627 4463 minam
643 4428 698 4462 cum
717 4411 756 4460 uel
776 4426 833 4461 eum
852 4424 908 4458 etim
927 4408 953 4458 n
1036 4406 1100 4456 tint
1118 4413 1157 4453 est
1174 4403 1225 4453 AB
1244 4401 1285 4451 lde
1306 4400 1339 4449 Μ
1418 4397 1450 4448 10

151 4489 289 4538 terminare
310 4487 335 4535 B
406 4493 432 4532 ut
450 4496 488 4532 est
508 4484 558 4532 Ali
576 4483 616 4531 ide
637 4483 669 4531 Μ
750 4480 781 4530 12
800 4482 824 4529 in
844 4494 898 4528 sem
915 4477 961 4527 sed
978 4475 1094 4524 similiter
1111 4481 1138 4521 nt
1157 4473 1218 4526 ine
1299 4470 1331 4519 14
1350 4477 1450 4517 etcum

151 4557 291 4607 anmverim
308 4563 332 4602 et
348 4570 404 4603 curn
423 4554 575 4602 amavissem
593 4569 638 4603 om.
658 4550 742 4601 ΑΒΜ
822 4548 853 4597 15
872 4556 896 4596 et
913 4544 1103 4595 eomunuissem
1119 4541 1143 4588 A
1160 4540 1199 4588 uel
1220 4553 1276 4586 cum
1294 4537 1451 4586 monuissem

151 4628 176 4677 B
265 4624 298 4673 18
319 4624 344 4672 in
364 4640 377 4672 e
396 4623 465 4671 exire
485 4622 534 4671 AB
555 4621 625 4670 exiro
648 4621 673 4668 in
700 4618 766 4668 eM
849 4618 883 4665 ‘24
908 4616 932 4663 in
958 4628 1010 4662 sein
1031 4609 1115 4659 ΑΒΜ
1197 4607 1231 4655 27
1257 4620 1290 4654 nn
1312 4619 1450 4655 rnneonvrr

152 4692 348 4757 nscnmnrrons]
367 4693 464 4742 Glaucia.
483 4708 509 4754 p.
528 4690 576 4740 143
585 4705 639 4754 sqq.
666 4687 700 4749 cf.
721 4687 809 4738 Claud.
828 4684 934 4758 Sacerci.
951 4699 979 4746 p.
992 4680 1091 4744 llquq.
1110 4677 1191 4728 Proo.
1206 4692 1235 4740 p.
1254 4673 1307 4726 389
1325 4676 1364 4726 ed.
1388 4674 1452 4724 Vin·

152 4766 209 4816 dod.
227 4779 328 4826 maram.
348 4762 380 4811 de
398 4761 473 4811 uerbo
489 4777 515 4822 p.
538 4759 586 4808 145
603 4775 658 4822 sqq.
679 4758 717 4807 ed.
740 4754 848 4805 Vindod.
