3114 5356
202 296 263 370 180
769 294 933 361 emulsa

199 413 416 570 apdddddudd
436 504 512 566 opus
533 483 611 563 quod
630 482 742 564 pictum
763 492 817 545 est.
861 483 933 547 item
960 501 1027 545 cum
1049 480 1173 543 dicimus
1195 407 1497 545 ‘aufudoeadiddoo’
1538 512 1547 530 ·

199 589 292 651 ‘benc
317 587 464 649 animatus
487 589 562 662 est',
595 594 750 665 utrumque
774 585 805 647 in
835 584 1062 665 appellationem
1083 582 1169 645 cadit
1212 585 1320 646 etenim
1340 585 1430 647 bomo
1452 593 1497 647 est

201 698 316 752 tantum
339 689 485 751 animatus
507 696 537 749 et
564 686 628 771 [est
654 685 767 770 tamen}
794 687 871 748 bene
897 686 1051 749 animatus.
1102 687 1176 747 dunt
1204 693 1301 748 tamen
1331 687 1494 768 participia.

200 793 271 855 item
299 791 404 855 doctus
433 798 464 852 ct
495 789 622 870 sapiens.
668 807 737 850 nam
758 788 878 851 doctum
904 789 943 850 ita
970 797 1003 851 ut
1028 789 1155 869 peritum
1183 788 1364 852 declinamus
1390 797 1420 850 et
1447 807 1496 851 oa·

198 894 331 975 pietatem
363 900 399 954 ut
426 892 617 973 prudentem.
662 899 819 970 utrumqne
850 900 946 953 tamen
976 890 1180 971 appellationis
1213 891 1270 952 vim
1302 892 1431 973 optinet,
1467 900 1535 952 ets

200 997 291 1061 uitulo
314 997 413 1059 minuo
430 996 461 1056 in
483 995 635 1076 participia
657 993 782 1055 cudunt.
820 992 937 1055 dieitur
958 992 1037 1053 adm
1055 993 1185 1072 sapiens
1203 1013 1219 1056 a
1241 992 1329 1055 verbo
1350 993 1428 1072 quod
1452 1002 1497 1055 cst

200 1100 286 1182 sapit
331 1105 401 1163 suut
421 1096 564 1176 quaedam
580 1096 732 1178 participia
752 1070 916 1178 praesends
936 1093 1076 1175 temperis
1094 1113 1169 1174 quiae
1188 1114 1244 1158 neo
1258 1095 1289 1158 in
1306 1095 1496 1177 praeteritum

201 1221 257 1267 nec
286 1202 317 1263 in
346 1202 476 1263 suturam
504 1207 621 1279 tempus
652 1197 773 1272 cadunt,
808 1205 840 1259 nt
864 1205 970 1279 potens
998 1197 1121 1278 pollens.
1167 1198 1311 1277 quaedam
1338 1198 1496 1278 praeterito

201 1312 317 1379 carent,
348 1311 380 1365 ut
400 1302 501 1365 volens
523 1298 695 1363 ambulans
740 1298 881 1380 quaedam
900 1300 1090 1379 praeteritum
1111 1300 1220 1362 liabent
1241 1301 1355 1376 solum,
1385 1307 1418 1362 ιιι
1438 1301 1496 1361 fre·

202 1413 259 1468 tus.
303 1422 400 1482 neque
423 1402 500 1464 enim
518 1419 660 1482 praesens
681 1409 732 1464 aut
753 1403 884 1463 futurum
903 1401 1037 1464 admittit
1509 1420 1534 1462 u

287 1505 477 1568 dominianus
496 1492 702 1583 grammaticus
724 1504 763 1566 ita
785 1502 822 1564 de
845 1503 998 1584 participio
1021 1503 1147 1578 breviter
1167 1505 1266 1567 relert
1310 1503 1495 1584 participium

201 1617 337 1689 estpars
359 1606 499 1680 emtionis
521 1624 588 1666 ctum
610 1612 742 1686 tempore
763 1616 793 1667 et
814 1624 895 1667 cusu.
939 1606 1123 1687 participium
1150 1616 1248 1667 autern
1275 1605 1386 1668 dictum
1415 1605 1496 1668 vide·

200 1717 264 1785 tur,
294 1708 374 1789 quod
400 1717 514 1790 partem
540 1708 636 1789 capiat
664 1705 791 1769 nominis
818 1716 990 1788 partemque
1015 1709 1103 1770 verbi.
1149 1709 1237 1770 trahit
1257 1707 1335 1769 enim
1356 1726 1495 1770 casuma

201 1809 345 1896 nolmine,
377 1820 493 1893 tempus
515 1831 532 1873 a
552 1810 650 1872 verbo.
695 1809 847 1891 participia
868 1817 965 1872 autem
986 1810 1141 1874 trabuntur
1163 1830 1180 1872 a
1203 1810 1291 1872 verbo
1311 1810 1405 1872 activo
1426 1810 1494 1887 duo,

200 1913 364 1993 praesentis
385 1913 526 1994 temporis
549 1922 578 1974 et
596 1911 701 1987 luturi,
729 1919 761 1973 ut
778 1910 911 1974 scribens
933 1913 1111 1992 scripturus,
1135 1931 1152 1973 a
1174 1912 1290 1993 passivo
1312 1913 1387 1989 duo,
1410 1931 1495 1994 prae·
1510 1929 1534 1971 rs

200 2014 277 2078 teriti
300 2015 440 2096 temperis
462 2023 491 2076 et
512 2014 616 2089 luturi,
638 2020 670 2075 ut
691 2014 818 2094 scriptus
841 2015 1030 2091 scribendus,
1051 2033 1068 2075 a
1090 2012 1213 2075 neuuali
1234 2014 1308 2090 duo,
1331 2017 1496 2096 praesentis

200 2118 341 2198 temporis
362 2125 390 2178 et
412 2104 524 2191 futuri,
543 2123 576 2188 ut
596 2116 703 2178 sedens
729 2135 882 2193 sessurus,
910 2137 927 2179 a
950 2115 1097 2180 communi
1125 2124 1276 2195 quattuor,
1304 2135 1446 2197 praesens
1466 2126 1497 2178 et

199 2220 389 2302 praeteritum
412 2227 441 2280 et
461 2220 520 2282 duo
541 2219 654 2294 lutura,
674 2227 707 2280 ut
729 2217 836 2279 vadaus
854 2221 1011 2283 vadaturus
1034 2220 1153 2283 vadatus
1177 2217 1343 2294 undantius,
1365 2238 1383 2280 a
1404 2219 1496 2301 depo-

200 2322 281 2383 nenti
303 2301 374 2397 tria,
393 2340 551 2402 praesens,
574 2320 762 2416 praeteritum
785 2328 814 2381 et
832 2321 978 2394 luturum,
1002 2332 1034 2383 ut
1049 2322 1164 2384 luctans
1181 2321 1307 2384 luctatus
1320 2320 1494 2384 luctaturus.

200 2432 270 2487 sunt
289 2425 380 2487 multa
402 2423 521 2485 nomina
542 2440 616 2501 quae
637 2424 765 2504 speciem
785 2422 1001 2505 participiorum
1023 2425 1165 2500 babeant,
1184 2433 1217 2486 ut
1234 2422 1381 2485 tunicatus
1396 2424 1494 2503 galea·
1507 2441 1533 2484 aa

199 2531 257 2587 tus.
302 2543 376 2604 quae
395 2543 463 2586 cum
482 2531 595 2604 partem
616 2526 696 2587 verbi
717 2545 778 2588 non
799 2526 941 2603 habeant,
972 2546 1032 2590 uon
1057 2534 1137 2589 recte
1164 2527 1317 2608 participia
1345 2527 1493 2590 donatur.

199 2627 393 2707 nequeenim
421 2625 479 2687 dici
505 2633 603 2706 potest
629 2626 727 2689 tuuico
755 2635 805 2688 aut
827 2629 919 2705 galee.
963 2630 1105 2709 quaedam
1126 2629 1277 2711 partieipia
1299 2630 1405 2692 similia
1425 2639 1496 2693 sunt

200 2728 460 2810 appellationibus,
497 2736 529 2788 ut
550 2746 656 2807 passus
678 2727 757 2790 visus
784 2729 896 2804 cultus,
928 2729 1033 2791 sedin
1061 2731 1301 2794 declinationibus
1329 2732 1495 2813 depreben-

200 2831 318 2891 duntur.
354 2847 422 2890 nam
440 2846 514 2906 quae
534 2828 685 2909 participia
705 2837 774 2891 sunt
792 2830 924 2907 genetivo
945 2850 1014 2893 casu
1035 2833 1064 2893 in
1086 2833 1094 2892 i
1116 2843 1238 2908 exeunt,
1261 2844 1292 2896 ut
1308 2835 1395 2897 huius
1413 2836 1494 2917 passi

199 2930 254 2992 visi
275 2930 360 3007 culti;
399 2918 474 3009 quae
500 2950 566 2992 vero
593 2930 820 3012 appellationes,
849 2934 952 3010 inus,
983 2943 1016 2996 ut
1041 2935 1129 2998 lanius
1154 2922 1261 3016 pa'ssus
1284 2937 1363 3000 risus
1385 2938 1492 3000 cultus.
1506 2955 1534 2999 aa

200 3031 361 3114 participiis
383 3029 537 3117 aelleidunt
557 3053 650 3112 genus
671 3035 764 3113 ligura
787 3053 927 3099 numerus
946 3056 1032 3100 casus
1054 3045 1171 3119 tempus
1194 3037 1326 3117 qualitas.

660 3221 727 3285 Xlll
770 3221 819 3284 ult
840 3223 1028 3286 tuvuuuto

286 3340 459 3403 adverbium
480 3348 526 3401 est
547 3359 616 3421 pars
635 3341 775 3403 orationis
800 3360 875 3420 quae
901 3342 1012 3405 adicem
1043 3343 1131 3406 verbo
1160 3345 1400 3424 significationem
1429 3346 1494 3408 eiras

200 3443 292 3525 inplet
324 3452 411 3523 atque
440 3443 583 3523 explanat.
633 3444 768 3506 adverbia
801 3452 850 3505 aut
884 3463 955 3506 suae
994 3454 1062 3508 sunt
1096 3447 1249 3528 positionis
1282 3457 1333 3509 aut
1363 3449 1399 3510 ab
1429 3449 1494 3510 aliis

199 3665 217 3714 t
227 3693 259 3702 —
268 3664 286 3716 9
301 3666 326 3716 Ν

199 3774 228 3818 ΙΙΙ
244 3777 264 3823 1,
282 3778 290 3817 1
312 3773 373 3822 ltem
391 3772 482 3821 doctus
500 3778 525 3819 et
540 3770 642 3834 sapiens
660 3785 719 3820 nam
736 3771 812 3821 doctir
831 3771 866 3820 ita
885 3778 911 3822 ut
928 3771 1011 3836 peritia
1030 3771 1187 3824 declinamus
1205 3781 1230 3823 et
1246 3787 1275 3822 sa

316 3865 425 3920 utrumq,
435 3857 462 3906 td
470 3855 650 3920 appellationis
659 3858 711 3907 nina
721 3859 819 3923 optinet
827 3864 853 3907 et
864 3857 943 3907 nihilo
955 3845 1039 3907 miuus
1053 3859 1078 3908 in
1090 3860 1224 3925 participia
1476 3861 1493 3912 5

316 3958 331 3991 a
350 3944 400 3994 subo
416 3958 440 4009 ap
457 3945 471 3990 d
487 3943 555 4007 sopit
577 3956 594 3991 ε·
611 3939 636 4009 ll
657 3950 711 3991 trus
734 3943 835 4009 pollens
857 3944 933 4009 (idam
950 3945 1041 4011 pterito
1057 3954 1143 3996 carent
1158 3955 1185 3994 ιιι
1199 3945 1288 3996 uolens
1463 3961 1494 3996 ns
1550 3965 1553 3976 ⁴

315 4031 423 4111 Stqdam
431 4046 567 4114 participia
572 4046 669 4112 psentia
678 4048 822 4113 temporisd
829 4062 875 4097 uec
887 4048 913 4096 in
921 4049 1014 4115 pterltir
1023 4063 1068 4099 nee
1081 4050 1107 4097 iu
1117 4048 1202 4099 lntnrir
1212 4057 1312 4113 ternpus
1323 4048 1452 4098 caduntut
1460 4066 1493 4116 po

199 4187 535 4199 ——.--..-.-

268 4264 284 4314 2
301 4262 377 4313 homo
393 4273 431 4314 eat
449 4264 475 4313 ιι”ι
491 4265 617 4314 animatus
636 4272 660 4314 ot
678 4268 692 4315 d
712 4265 739 4314 ιιῑ
756 4268 798 4316 ani
817 4267 880 4317 benc
898 4269 1025 4319 animatus
1041 4267 1131 4318 deletio
1146 4269 1237 4318 litteris
1254 4268 1296 4316 arri
1312 4267 1337 4316 Ν
1358 4269 1434 4320 bomo
1455 4280 1493 4320 cst

199 4338 294 4382 tanturn
313 4334 453 4400 animatus,
481 4343 505 4384 et
528 4345 566 4385 est
589 4343 684 4384 roratum
707 4336 771 4385 beno
794 4338 920 4388 animatus
937 4356 959 4388 ω
1046 4338 1078 4388 lt
1097 4338 1231 4402 participio
1249 4364 1282 4372 —
1303 4337 1334 4388 19
1354 4338 1492 4391 luctaturus

198 4401 278 4455 Dicar.
296 4419 323 4467 p.
342 4402 397 4467 396Ι
473 4406 508 4455 20
526 4404 591 4455 Sunt
607 4433 644 4444 —
658 4407 692 4456 25
710 4406 791 4456 cultus
806 4409 888 4460 Diem
905 4424 933 4472 p.
951 4406 1016 4461 397:
1034 4408 1069 4471 cf.
1089 4407 1167 4459 Mun.
1192 4409 1290 4457 Victor.
1307 4423 1337 4471 p.
1358 4409 1426 4462 1949

249 4484 264 4524 d
624 4487 739 4529 anominc
766 4489 792 4529 ab
807 4495 899 4543 utroque
925 4492 1059 4554 shuts-oque
1084 4491 1202 4530 anoruino
1227 4492 1321 4533 nuerbo
1348 4494 1442 4533 auerbo

265 4497 277 4523 θ

197 4538 231 4588 ⁴23
253 4539 442 4605 repheuduutur
464 4541 491 4590 N
573 4542 609 4593 211
643 4558 724 4608 gentis
784 4544 865 4611 ligura
951 4562 1011 4596 ιιιιιιι
1115 4559 1167 4593 cus:
1237 4553 1315 4611 temp:
1340 4548 1494 4609 qtralitnsN

266 4610 299 4660 27
321 4609 358 4660 De
376 4610 515 4678 adverbio]
539 4621 662 4676 excerpta
679 4613 801 4664 Parisino
816 4616 839 4680 s.
862 4614 911 4666 119
929 4632 983 4682 epp.
1012 4621 1153 4680 praeterea
1169 4619 1317 4677 praeposito
1334 4621 1429 4668 nonnae
1448 4618 1491 4668 Ca

198 4681 301 4730 mutant
322 4681 444 4742 conplura
459 4681 515 4731 lame
532 4690 640 4746 excepto
658 4692 716 4732 sant
734 4688 759 4734 in
776 4689 906 4752 aamerptie
924 4684 1108 4741 Bonnensibus,
1131 4685 1270 4748 pacilianense
1289 4686 1389 4750 facium
1410 4689 1492 4738 codex

199 4748 332 4800 tetuemo
348 4751 375 4799 V
373 4765 423 4800 osa.
437 4750 480 4801 33.
494 4755 511 4802 t
528 4760 553 4802 et
565 4751 792 4805 Saartuuaoadinue
804 4754 843 4803 M.
856 4758 881 4806 7.
896 4756 925 4814 :33
942 4771 1043 4822 quaeram
1061 4753 1383 4818 libraremus-repentia,
1412 4759 1494 4823 siqrdd

196 4819 319 4868 baterease
335 4818 483 4882 videbatur,
501 4823 636 4886 adscripta
656 4831 696 4873 eet
762 4825 797 4875 29
815 4823 938 4875 adverbia
954 4851 988 4863 ·-
1009 4824 1068 4884 181,
1086 4823 1118 4873 15
1136 4824 1211 4873 debet
1231 4826 1310 4878 Dtoar.
1324 4843 1353 4891 p.
1371 4825 1424 4878 398
1435 4846 1489 4894 app.
