3114 5356
619 255 817 321 EXCERPI'A
1306 259 1369 321 517

1162 372 1319 428 smum

10 454 20 495 Ι
154 442 282 513 Quartae
300 441 504 503 declinationis
524 441 679 504 masculini
697 442 815 521 generis
831 443 1026 519 nominativus
1047 453 1077 507 et
1099 445 1252 523 genetivus
1270 445 1371 524 siugu-

10 578 13 597 ι
64 542 139 606 laris
160 543 190 604 in
213 562 249 607 us
277 543 487 616 terminantur,
521 541 599 604 velut
623 543 672 603 bic
700 551 821 605 senatis
848 544 936 607 huius
964 555 1101 621 senatos,
1135 547 1205 609 item
1229 547 1369 608 feminina

10 664 15 701 t
65 644 143 705 baec
165 643 298 725 porticus
319 644 408 705 buius
430 646 577 723 porticus,
599 643 669 704 item
688 652 792 705 neutm
812 646 871 706 boc
891 665 968 725 genu
987 647 1075 708 huius
1094 665 1171 726 genu
1192 647 1262 709 huic
1281 665 1367 726 genu.

10 764 19 803 v
67 743 205 808 similiter
225 752 255 805 et
277 763 369 806 cornu
391 744 530 824 singulari
554 763 612 805 nou
634 744 814 819 declinatur,
835 747 968 825 quamvis
989 748 1128 810 Lucanus
1150 766 1260 810 cornus
1281 767 1371 828 gene·

10 846 162 913 relisum
190 843 262 905 dixit
288 845 363 906 libro
386 845 451 918 Vll,
479 848 634 908 ‘cornus
663 846 734 909 tibi
762 865 840 908 curn
871 848 1052 910 sinistri'.
1097 848 1194 912 omnis
1216 848 1371 931 appellatio

68 965 148 1026 quae
168 964 204 1007 ex
225 945 321 1008 verbis
343 946 540 1026 proficiscitur
562 955 592 1009 et
610 948 641 1009 in
663 967 699 1009 us
717 947 892 1010 terminatur
908 948 1062 1010 masculini
1076 949 1192 1028 generis
1209 959 1271 1024 est,
1294 949 1369 1012 velut

66 1067 107 1110 er
127 1045 216 1108 verbo
239 1046 388 1108 descendo
409 1046 457 1107 hic
486 1046 658 1110 descensus.
702 1050 735 1111 sit
762 1057 792 1109 et
819 1067 853 1111 ex
881 1068 953 1111 coeo
983 1049 1170 1128 hiccoitus,
1200 1051 1371 1113 ambioulric

66 1149 214 1222 ambitus,
241 1147 345 1209 adticio
376 1144 425 1206 bic
454 1146 598 1211 adtectus.
641 1156 672 1209 et
699 1151 793 1228 quarti
823 1151 934 1213 ordinis
960 1156 1030 1211 sunt
1052 1158 1082 1211 et
1105 1153 1240 1229 genetivo
1259 1172 1313 1234 per
1335 1171 1371 1214 us

68 1252 242 1313 efferuntur.
287 1246 341 1308 sed
363 1246 388 1308 si
409 1246 595 1327 participium
617 1251 688 1324 erit,
718 1251 839 1312 secundi
868 1252 924 1313 erit
949 1250 1061 1313 ordinis
1083 1260 1113 1312 et
1132 1270 1186 1331 per
1206 1253 1216 1314 i
1236 1252 1370 1332 genetivo

23 1380 53 1423 ω
68 1353 254 1434 proferetur,
279 1347 358 1410 velut
385 1348 434 1409 liic
459 1348 576 1410 habitus
598 1350 687 1411 huius
711 1350 818 1425 babiti,
846 1351 895 1411 bic
915 1369 1032 1413 morsus
1053 1353 1141 1415 buius
1161 1353 1262 1416 morsi.
1279 1348 1293 1436 ΙΙ
1307 1353 1371 1426 sed,

68 1452 97 1515 si
117 1471 177 1513 non
197 1450 297 1523 fallor,
317 1449 447 1511 omnium
470 1450 625 1512 verborum
641 1450 852 1530 appellationes
868 1453 956 1514 etiam
975 1452 1005 1513 in
1023 1472 1041 1513 o
1056 1452 1257 1515 terminantur.
1296 1471 1373 1533 quac

68 1569 142 1617 carm
164 1551 194 1613 in
214 1571 232 1613 o
254 1550 407 1612 terminata
427 1551 552 1625 suerint,
577 1551 695 1630 generis
718 1551 849 1614 seminini
871 1560 956 1626 sunt,
978 1553 1057 1614 velut
1077 1553 1153 1615 haec
1174 1553 1278 1628 coitio,
1300 1555 1373 1617 liaeo

67 1652 209 1726 ambitio,
235 1653 309 1714 baec
336 1652 474 1727 scribtio,
502 1653 577 1714 haec
604 1650 747 1728 adlectio,
772 1654 846 1715 baec
870 1653 1041 1729 descensio,
1069 1653 1222 1727 ascensio,
1251 1654 1373 1729 mersio,

68 1753 206 1829 dilectio,
227 1752 334 1815 amatio
358 1761 388 1814 et
403 1761 511 1815 cetera.

25 1887 56 1931 ι,
159 1853 213 1915 Est
235 1862 265 1914 et
284 1853 358 1916 alius
380 1854 453 1916 ordo
475 1853 694 1929 declinationis,
717 1870 805 1931 quem
831 1851 879 1914 alii
901 1854 939 1914 ad
961 1854 1123 1915 secundam
1145 1853 1372 1917 declinationem

68 1954 221 2037 pertinere
244 1955 360 2030 dicunt,
381 1956 520 2034 quoniam
541 1955 709 2034 genetivum
726 1952 757 2014 in
780 1952 791 2013 i
809 1950 936 2014 litteram
955 1954 1039 2028 iacit,
1062 1954 1110 2016 alii
1133 1955 1236 2016 tertiae
1254 1964 1374 2036 putave-

68 2062 159 2129 runt,
181 2056 320 2132 quoniam
341 2057 539 2120 accusativum
566 2056 596 2116 in
621 2074 682 2129 em,
704 2055 774 2115 item
798 2053 926 2116 dativum
950 2064 979 2116 et
1000 2053 1155 2117 ablativum
1174 2055 1318 2138 pluralem
1342 2056 1372 2119 in

70 2157 131 2219 bus
149 2157 237 2235 iacit3
262 2174 351 2235 quem
372 2159 439 2219 ideo
461 2156 532 2218 nulli
560 2157 636 2237 parti
657 2155 821 2217 tribuentes
845 2156 964 2234 quintae
984 2174 1051 2217 esse
1076 2155 1232 2220 dicendum
1253 2166 1375 2239 putave-

69 2265 143 2331 runt
164 2267 277 2319 veteres
299 2259 488 2338 grammatici.
534 2256 683 2337 exempla,
705 2256 754 2317 hic
772 2256 835 2319 dies
857 2259 931 2319 haec
948 2257 1012 2320 dies
1033 2257 1121 2320 huius
1143 2257 1216 2335 diei3
1239 2259 1308 2322 dum
1331 2267 1374 2320 ta·

28 2380 59 2423 ao
72 2376 146 2423 men
177 2359 305 2421 sciamus
331 2359 475 2440 pluralem
503 2359 641 2420 feminine
667 2358 724 2420 bae
749 2357 812 2419 dies
839 2367 869 2420 et
895 2359 949 2420 bas
977 2357 1039 2421 dies
1064 2378 1124 2421 non
1152 2367 1290 2440 oportere
1319 2379 1375 2421 nos

72 2461 190 2534 dicere,
219 2463 351 2539 quamvis
373 2460 561 2540 singulariter
583 2458 721 2521 feminine
744 2459 878 2521 dicimus.
923 2467 1020 2521 cetera
1045 2468 1143 2521 tamon
1165 2459 1376 2521 similiorem

71 2563 146 2625 nino
165 2561 253 2624 modo
272 2565 463 2645 proteruntur
482 2570 611 2635 tantum,
645 2567 678 2621 ut
701 2559 817 2641 species
843 2558 981 2622 materies
1008 2560 1138 2623 luxuries
1164 2559 1288 2623 inluvies
1313 2581 1375 2623 ma·

73 2662 148 2725 cies
192 2680 316 2741 quarum
337 2665 488 2745 specieum
508 2660 652 2741 pluralem
669 2660 835 2740 genetivum
854 2660 1067 2729 consimiliter
1088 2661 1275 2736 observabis,
1299 2662 1376 2725 siem

73 2763 106 2825 in
130 2756 179 2825 die
199 2772 230 2824 et
249 2764 372 2827 meridie
395 2785 448 2847 per
469 2781 535 2825 rum
557 2761 610 2823 sed
631 2774 684 2842 per
707 2779 757 2823 um
787 2760 942 2840 syllabam,
970 2769 1002 2822 ut
1029 2763 1179 2843 specieunr
1203 2765 1375 2826 mater-ioum

32 2881 61 2923 aa
74 2863 250 2927 luxurieum.
295 2866 348 2927 sed
369 2875 482 2927 veteres
511 2864 542 2925 in
571 2864 627 2924 bac
653 2862 752 2944 specie
779 2861 981 2924 declinationis
1006 2864 1172 2941 genetivum
1199 2864 1376 2944 singvrlarem

75 2964 204 3027 servilem
225 2967 402 3029 nominativo
424 2966 574 3039 dicebant,
606 2966 638 3026 in
664 2963 771 3042 quibus
794 2963 897 3025 Cicero
919 2964 1115 3043 pernicies
1141 2984 1212 3028 casu
1241 2965 1375 3044 genetivo

75 3065 149 3127 dixit
180 3066 293 3127 ratione
327 3068 390 3140 illa,
423 3067 517 3145 quod,
551 3083 619 3126 cum
655 3064 851 3127 nominativus
882 3065 1004 3146 pluralis
1032 3085 1048 3126 a
1075 3067 1209 3145 genetivo
1238 3065 1378 3145 singulari

76 3167 282 3248 proficiscatur
304 3169 399 3246 sitque
423 3176 473 3229 out
494 3168 572 3229 idem
592 3173 644 3227 aut
669 3166 830 3228 earundem
858 3166 1051 3246 syllabarum,
1080 3166 1157 3228 velut
1178 3166 1267 3229 buius
1289 3167 1377 3229 scho-

75 3268 125 3331 lae
151 3268 209 3329 bae
236 3269 355 3331 scholae
384 3278 414 3330 et
439 3268 527 3330 huius
548 3267 638 3328 Marci
659 3267 689 3328 bi
708 3266 812 3342 blanci,
838 3268 909 3328 item
931 3265 1082 3344 genetivus
1104 3267 1198 3347 sequi<
1214 3266 1303 3329 debet
1324 3286 1379 3328 no·

32 3388 62 3433 ao
76 3368 249 3431 minaticum
267 3370 426 3450 pluralem,
463 3375 493 3429 et
512 3367 579 3428 ideo
605 3367 708 3428 Cicero
735 3367 925 3448 pernicies
953 3385 1055 3427 casum
1079 3367 1244 3446 genetivum
1266 3366 1377 3428 extulit

75 3470 168 3533 huius
190 3479 289 3534 tamen
310 3470 429 3549 quintae
458 3467 662 3530 declinationis
684 3467 802 3530 nomina
831 3486 906 3547 quae
932 3474 1000 3530 ante
1024 3487 1057 3530 es
1078 3469 1252 3549 productam
1275 3478 1303 3529 et
1324 3486 1379 3548 pu-

74 3591 143 3635 ram
159 3572 271 3635 babent
291 3571 300 3631 i
319 3571 462 3645 litteram,
482 3571 556 3632 haec
574 3570 672 3631 omnia
689 3578 719 3631 et
738 3569 875 3631 feminina
898 3577 967 3632 sunt
988 3578 1019 3632 et
1042 3577 1193 3651 correpta,
1213 3566 1293 3629 velut
1313 3567 1376 3629 dies

75 3673 216 3737 materies
231 3672 368 3735 luxuries.
408 3671 551 3752 excipitur
563 3681 661 3733 autern
679 3671 777 3751 quies,
794 3671 872 3751 quod
888 3670 1022 3750 genetivo
1039 3690 1109 3733 casu
1128 3668 1243 3733 crescit
1273 3668 1379 3748 quietis

77 3777 238 3839 enimfacit
251 3776 322 3837 otfit
334 3772 411 3834 tertii
422 3772 542 3834 ordinis.
565 3790 742 3852 quamquam
759 3773 945 3852 conpositum
956 3791 991 3833 ex
1007 3791 1042 3834 eo
1053 3773 1170 3853 requies
1184 3780 1281 3834 servat
1295 3788 1379 3833 suam

38 3876 213 3957 vsvegnlam
224 3884 255 3939 et
267 3873 380 3953 requiei
392 3872 470 3946 lacit,
490 3871 566 3935 sicut
578 3874 721 3954 Vergilius
740 3874 927 3951 ‘requiem
949 3873 1186 3954 spatiumque
1207 3873 1377 3936 luroris’.

77 3980 125 4043 siu
141 3984 239 4039 autern
253 3977 366 4039 adiecta
375 3993 438 4037 noo
449 3956 535 4038 tuerit
550 3975 646 4037 littera
663 3974 687 4048 i,
703 3974 733 4035 in
747 3973 855 4034 istacit
864 3974 1030 4051 genetivum
1046 3980 1076 4034 et
1085 3975 1118 4036 tlt
1134 3974 1237 4037 tertiae
1251 3973 1380 4037 declina·

78 4080 181 4152 tionis,
197 4078 277 4139 velut
292 4078 387 4141 nubes
405 4079 508 4153 nubis,
524 4077 630 4139 caedes
647 4075 756 4137 caedis.
790 4064 1018 4154 conumpuntur
1034 4082 1131 4136 nutem
1142 4076 1216 4139 baec
1227 4076 1292 4149 tria,
1310 4093 1380 4155 spes

76 4201 129 4245 res
147 4180 238 4255 tides,
260 4198 336 4259 quae
353 4180 464 4242 iaciunt
480 4180 543 4259 spei
560 4179 603 4241 rei
620 4176 697 4239 fidei.
728 4177 764 4238 de
783 4177 859 4237 tame
876 4175 1040 4253 ambigitur.
1073 4176 1192 4254 quidam
1211 4177 1288 4239 enim
1306 4178 1380 4237 haec

75 4286 172 4347 tames
194 4281 282 4342 buius
304 4281 405 4354 tamis,
435 4281 552 4360 quidam
575 4279 662 4340 buius
684 4278 771 4339 famei
794 4287 826 4339 ut
846 4276 913 4337 tidei
935 4275 1162 4356 declinaverunt.

151 4465 446 4533 lomene-agenn
464 4464 655 4531 Glaris.p.18
729 4459 1020 4527 ottbr0v111s.217
1091 4465 1226 4514 omnis-
1245 4462 1277 4512 14
1293 4470 1379 4511 cetera

75 4540 179 4591 cam
188 4555 217 4604 p.
231 4537 266 4589 ³0
337 4536 369 4589 10
382 4533 581 4601 proferentan
652 4534 684 4584 15
702 4534 747 4584 Est
762 4532 842 4584 -26
852 4532 968 4582 (licebant
982 4532 1080 4582 Clurda.
1088 4549 1117 4596 p.
1131 4526 1163 4584 18
1236 4529 1380 4583 lbalineB

149 4605 184 4657 23
199 4621 279 4670 quare
296 4607 425 4672 speeienm
444 4623 458 4655 o
534 4604 568 4655 26
585 4605 611 4653 io
630 4604 723 4667 quibus
734 4631 770 4639 —
780 4601 815 4653 38
825 4602 883 4652 otei
895 4602 994 4652 Gloria.
1004 4617 1032 4666 p.
1043 4601 1077 4651 52
1086 4618 1126 4667 aq.
1204 4595 1309 4664 Cicero]
1326 4616 1378 4663 pro

75 4678 156 4729 llere.
172 4676 257 4726 Amet.
271 4675 313 4736 45,
325 4674 372 4727 131
450 4672 636 4739 35Vergilius]
656 4673 720 4729 Aen.
735 4671 847 4722 1111133
915 4668 950 4722 36
966 4685 1016 4720 non
1034 4686 1082 4722 ova.
1101 4670 1127 4720 B
1197 4670 1223 4719 in
1241 4666 1274 4732 iel
1294 4668 1333 4719 nis
1350 4668 1377 4718 B

149 4744 184 4797 38
201 4745 233 4794 de
253 4743 320 4793 tarne
336 4771 372 4780 -
391 4742 425 4795 39
441 4744 632 4794 declinaverunt
650 4742 749 4792 Clario.
765 4757 794 4805 p.
813 4739 847 4792 26
