3114 5356
175 288 240 353 ott
735 282 919 347 btofflbts

227 417 250 460 l
262 401 411 538 Achlchm
430 470 509 533 aliud
530 471 561 532 in
583 469 703 533 Horatio
726 468 784 531 talc
805 476 862 543 est,

343 592 462 655 pones
484 571 623 635 iambis
642 571 723 634 sivc
743 572 903 633 ilumma.

177 677 227 741 hic
248 676 274 740 si
291 675 383 739 addas
404 674 526 739 verbum
547 674 673 748 torrida,
691 673 748 736 crit
763 671 873 754 plenus
891 669 1034 733 iambicus
1056 669 1109 746 sic,

324 822 327 829 -
344 795 438 858 pones
456 775 562 839 iambis
584 775 645 837 sirc
666 774 785 836 flamma
805 770 923 834 torrida.

180 896 251 961 erpo
272 886 395 958 apparet
412 879 471 940 hoc
489 876 638 939 Aicaicnm
656 875 692 935 ab
715 873 839 936 iambico
864 892 932 937 esso
954 873 1131 956 praecisum.

263 978 412 1047 Alcaicum
433 978 511 1042 aliud
531 979 562 1041 in
580 977 701 1040 Horatio
722 976 780 1038 talc
804 983 859 1050 cst,

346 1099 464 1161 usquc
485 1079 576 1143 meis
599 1077 824 1160 pluviosque
845 1083 991 1139 uentos.

179 1190 213 1246 ut
229 1183 279 1246 hic
300 1184 399 1258 fimat,
425 1181 585 1243 hexametri
607 1177 832 1242 ultramcslium
853 1192 914 1239 cen
936 1174 1082 1257 quotae
1104 1186 1224 1241 exactae
1246 1190 1340 1260 sunt;
1368 1186 1486 1264 queso

179 1285 253 1348 ralis
273 1283 414 1357 reddere,
436 1280 589 1362 supplebis
608 1282 812 1343 hexametrum
833 1277 887 1353 sic,
940 1347 945 1359 ¹

346 1400 441 1462 usque
460 1381 535 1442 meis
557 1383 729 1463 pluviosque
749 1379 849 1461 rapaci
869 1377 987 1441 turbine
1008 1387 1120 1441 ventos.
1494 1419 1515 1458 ¹,

189 1526 193 1535 ,
263 1481 481 1549 Archilochium
504 1480 583 1543 alium
603 1482 635 1544 in
657 1480 778 1543 Horatio
799 1478 859 1542 tale
880 1488 936 1557 cst,

345 1581 501 1658 nullam,
520 1582 626 1658 Varo,
646 1599 752 1643 sacra
772 1581 849 1643 vite
871 1582 978 1663 prius
999 1581 1143 1644 severis
1171 1583 1357 1649 arborem.

184 1684 254 1747 huic
276 1683 344 1747 tolle
363 1682 422 1745 duo
444 1682 532 1745 rerba
553 1681 693 1763 disyllaba
714 1682 793 1744 iuxta
814 1683 1007 1764 principium,
1029 1683 1119 1746 iacies
1140 1684 1370 1766 Asclepiadeum
1390 1691 1443 1765 sir,

346 1784 456 1845 nnllam
478 1784 535 1847 vite
556 1785 638 1865 prius
659 1783 769 1846 severis
791 1784 935 1847 arborem.

181 1886 240 1949 hoc
262 1884 340 1946 enim
358 1886 416 1946 tale
438 1892 483 1948 est
504 1885 590 1965 quale
609 1884 690 1958 illud,
708 1887 715 1961 Ι

348 1985 543 2047 Maecenas
565 1986 686 2049 atavis
707 1985 809 2048 edito
829 1985 992 2065 regibus.

184 2105 254 2167 ergo
276 2094 397 2167 apparet
419 2085 488 2163 quid
505 2084 698 2149 Archilochus
716 2086 933 2168 interposuerit

268 2185 510 2250 Anacreontium
529 2187 685 2250 dimetrum
708 2207 743 2250 cx
761 2186 946 2251 Archilochio
968 2186 1056 2249 huius
1077 2186 1157 2249 modi
1178 2196 1234 2265 est,

351 2287 469 2369 capiunt
489 2288 566 2350 ieras
588 2298 617 2351 et
638 2298 748 2371 aptant.
818 2364 820 2368 .

183 2389 240 2452 hoc
261 2389 319 2452 tale
338 2398 382 2452 ost
404 2388 491 2469 quale
512 2388 594 2466 illud,

882 2489 963 2552 rice
984 2487 1084 2551 reris
1106 2495 1142 2550 ct
1161 2489 1314 2554 Favoni.

266 2589 437 2671 Glyconium
459 2611 494 2653 ex
514 2591 640 2653 iambico
659 2591 815 2653 dimetrum
835 2592 866 2655 in
888 2590 1009 2654 lloratio
1032 2590 1090 2653 tale
1111 2597 1167 2664 est,

346 2711 417 2753 non
439 2692 531 2753 ebur
552 2711 674 2772 neque
693 2710 853 2756 aureum.

181 2792 239 2853 hcc
261 2811 296 2853 cr
316 2793 453 2854 inferiore
474 2793 589 2854 iambici
609 2801 692 2874 parte
712 2792 878 2872 praecisum
900 2801 954 2855 cst.
999 2811 1066 2854 num
1087 2790 1118 2854 ‘si
1147 2793 1255 2856 reddas
1277 2795 1305 2856 ci
1327 2797 1480 2877 principia.

184 2893 337 2973 supplebis
357 2893 514 2955 iambicum
537 2892 590 2967 sic,
1492 2916 1513 2952 rs

345 2993 401 3054 ibis
422 2994 559 3056 Liburnis
582 3013 641 3055 non
664 2993 737 3056 ebur
758 3013 854 3074 nequo
876 3015 1006 3058 aureum.
1552 3075 1553 3079 Ἰ

266 3092 383 3155 lonicus
402 3082 455 3155 ἀπ’
478 3088 634 3169 ἐλάσσονος
656 3096 775 3172 dicitur,
799 3099 866 3177 quia
885 3097 934 3159 hic
952 3115 1005 3177 pes
1023 3103 1140 3158 constat
1158 3096 1328 3160 cannabus
1345 3099 1480 3161 brevibus

182 3202 212 3254 et
232 3194 347 3256 duabus
368 3195 471 3275 longis.
517 3197 603 3260 huius
626 3199 792 3280 exemplum
813 3199 843 3261 in
861 3198 982 3260 Horatio

349 3297 572 3361 miserarum
594 3310 651 3364 est
671 3320 791 3380 neque
813 3299 930 3361 amori
951 3298 1038 3360 darc
1060 3297 1196 3360 ludum.

266 3397 383 3462 Ionicus
410 3388 469 3459 ἀπὸ
494 3399 626 3477 μείζονος
654 3402 798 3482 superiori
827 3399 1001 3463 contrarius.
1045 3417 1114 3460 nam
1135 3417 1170 3460 ex
1190 3399 1305 3463 duabus
1330 3402 1428 3482 longis
1453 3413 1511 3463 ets

182 3499 295 3563 duabus
316 3499 452 3564 brevibus
468 3497 482 3586 ΙΙ
497 3512 627 3575 constat,
650 3503 735 3566 cuius
756 3502 922 3583 exemplum

346 3605 441 3666 Pansa
463 3605 585 3685 optime,
607 3604 689 3666 divos
711 3606 791 3680 cole,
813 3604 838 3666 si
860 3603 904 3664 vis
923 3602 1019 3665 bonus
1042 3622 1117 3665 csse.

182 3705 230 3766 hic
253 3715 283 3768 et
305 3708 449 3769 Sotadeus
469 3716 605 3782 vocatur,
625 3708 693 3785 quia
713 3706 837 3769 Sotades
859 3724 894 3767 co
916 3705 1073 3785 plurimum
1094 3723 1166 3768 usus
1190 3714 1244 3768 est.

267 3807 483 3869 Archilochium
506 3826 540 3869 cr
559 3807 675 3869 iambici
698 3819 781 3889 parte
802 3807 891 3888 priori
911 3807 942 3868 in
961 3807 1082 3869 Horatio
1104 3807 1161 3869 talc
1181 3816 1236 3881 cst,

351 3917 388 3970 ut
409 3909 536 3991 prisca
558 3927 648 3987 gens
671 3909 890 3972 mortalium.

253 4074 265 4124 l
287 4076 311 4125 in
330 4075 444 4142 Horatio]
464 4096 540 4130 curm.
563 4083 572 4131 1
594 4078 668 4140 to‚3
773 4076 916 4145 2iambis]
941 4079 993 4127 iam
1011 4075 1097 4127 ΑΒΜ
1198 4077 1215 4127 3
1239 4077 1347 4128 rrerbum
1367 4095 1384 4137 ς
1406 4080 1478 4129 uerba

181 4146 265 4197 ΑΒΜ
374 4148 391 4197 8
418 4148 443 4195 iu
471 4147 591 4215 Horatio]
619 4164 697 4199 curm.
731 4151 740 4197 1
773 4148 819 4208 17,
849 4149 866 4197 4
978 4147 995 4197 8
1020 4146 1061 4196 hic
1088 4161 1119 4196 nc
1146 4146 1217 4195 lieret
1242 4146 1391 4199 hexameter
1417 4148 1478 4197 ultm

180 4215 291 4266 medium
320 4217 385 4266 duae
408 4216 531 4270 dictiones
560 4227 681 4284 exceptae
709 4227 768 4267 sum
794 4232 811 4275 ς
912 4233 958 4267 sex
987 4216 1100 4280 syllabae
1129 4233 1175 4268 om.
1208 4215 1295 4265 ΑΒΜ
1392 4232 1477 4268 exaec-

182 4294 222 4335 tae
239 4286 266 4336 Β
353 4287 384 4336 ll
404 4288 430 4335 in
448 4286 562 4355 Horatio]
579 4305 656 4340 ccam,
674 4290 685 4338 l
704 4286 745 4349 18,
766 4287 777 4338 l
876 4287 908 4337 12
929 4302 989 4336 ucrc
1007 4294 1121 4335 sacratae
1138 4286 1211 4351 prius
1226 4287 1251 4335 B
1334 4283 1478 4338 arboresB

251 4353 284 4406 18
301 4357 383 4407 atnbia
401 4355 489 4406 ΑΒΜ
575 4359 606 4408 17
634 4357 702 4423 qnod
720 4357 849 4407 archiloctl
869 4357 913 4407 M:
939 4355 1008 4420 quod
1026 4354 1193 4405 Archilochus
1212 4359 1385 4421 amputauerit
1402 4356 1478 4405 (lime

180 4431 246 4473 trum
263 4439 295 4472 ox
317 4424 487 4486 Archilochio,
507 4433 535 4475 ut
554 4437 592 4477 est
610 4427 746 4479 Caesarius
828 4424 861 4475 18
878 4426 1075 4476 Anacreontium
1091 4441 1138 4477 om.
1158 4424 1244 4475 ΑΒΜ
1329 4427 1363 4476 ’22
1381 4424 1476 4489 Glycia-

180 4493 250 4542 nium
268 4491 301 4541 M
318 4492 469 4543 Glutionium
487 4495 512 4542 Α
530 4495 679 4547 Glisionium
696 4496 722 4545 B
826 4497 851 4545 iu
869 4493 989 4559 Horatio]
1013 4511 1090 4545 ccmo.
1110 4493 1196 4551 1118,
1217 4495 1229 4544 l
1338 4495 1373 4547 23
1390 4508 1476 4545 aurum

179 4560 265 4611 ΑΒΜ
332 4563 365 4611 27
384 4563 491 4626 lybiruis
509 4565 595 4614 ΑΒΜ
672 4581 761 4615 aurum
780 4565 867 4615 ΑΒΜ
935 4566 968 4614 27
984 4564 1150 4629 apelassonos
1168 4563 1219 4613 ΑΒ
1237 4565 1432 4631 appellassouos
1450 4560 1479 4612 Μ

248 4631 339 4682 dieitur
357 4632 417 4695 quia
434 4634 458 4682 B
481 4633 572 4684 dicitur
591 4636 635 4698 qui
652 4635 678 4684 A
700 4635 761 4684 dicit
779 4636 822 4697 qui
840 4635 877 4684 M.
901 4635 1018 4696 soruaase
1036 4633 1127 4682 dicitur
1146 4632 1188 4681 hio
1205 4651 1251 4700 pes
1270 4636 1316 4698 qui
1404 4634 1438 4685 ‘28
1454 4636 1478 4683 in

179 4697 291 4828 lioperto]
310 4717 386 4817 οοὲοι.
408 4702 441 4751 111
464 4702 503 4761 lt,
526 4704 538 4753 l
609 4704 643 4755 30
662 4705 828 4770 apomizonos
846 4704 932 4754 ΑΒΜ
1005 4703 1040 4753 32
1056 4702 1150 4753 obtime
1167 4695 1229 4753 ΒΜ
1303 4705 1339 4756 34
1357 4705 1383 4754 in
1400 4704 1478 4754 llore-

180 4765 216 4816 tio
246 4771 320 4831 epod.
357 4771 399 4829 ,2
