3114 5356
614 323 811 386 excusem
1301 323 1364 384 565

1148 450 1169 490 p.
1185 439 1229 478 aaa.
1243 410 1268 478 aa
1284 438 1311 479 v.

10 522 16 563 Ι
62 511 158 582 iterat,
183 520 214 571 ut
234 530 320 571 curro
340 511 465 583 cucurri,
489 510 571 571 disco
589 509 693 583 didici,
716 529 806 581 cano,
826 518 930 588 tango,
955 511 1037 588 pario
1059 510 1138 589 paris
1161 511 1263 589 peperi
1284 507 1365 588 ε’γέν-
1449 548 1454 560 ·

10 624 18 668 t
61 628 153 687 νησα,
179 611 254 691 pello
272 611 386 692 pepuli,
409 611 501 672 tundo
525 609 656 683 tutundi,
679 631 778 691 pungo
802 611 949 691 pupnngi,
972 629 1061 689 parco
1083 609 1201 689 peperci
1223 619 1252 669 et
1275 612 1365 690 parsi,
1422 658 1433 678 .
1505 626 1510 633 ·

14 758 19 767 .
63 733 155 792 posco
183 713 314 792 poposci.
360 712 433 772 ltaec
461 721 574 785 autem,
604 713 628 774 si
653 713 820 792 acceperint
847 712 1110 791 praepositionem,
1139 717 1290 771 mutantur
1317 731 1366 771 ex-

10 832 16 873 t
63 815 158 894 ceptis
190 812 236 874 liis
265 813 396 885 duobus,
435 813 516 874 disco
543 824 572 874 et
596 835 705 894 posco;
737 815 848 877 faciunt
876 814 953 875 euim
982 813 1107 873 dedidici
1138 818 1167 871 et
1194 811 1364 891 depoposci.

10 917 147 976 tstertta
174 917 266 975 forma
293 923 337 974 est
364 933 438 992 quae
464 913 651 977 novissimam
675 917 813 996 syllabam
837 916 958 995 perlecti
981 915 1081 986 iterat,
1110 913 1189 974 relut
1214 912 1290 972 addo
1315 913 1366 972 ad·

10 1036 18 1076 ι
61 1015 138 1088 didi,
166 1015 257 1075 reddo
280 1015 408 1090 reddidi,
437 1016 529 1089 abdo,
550 1004 669 1095 perdo,
697 1018 807 1091 condo,
832 1017 929 1091 uado,
953 1017 1056 1093 credo,
1083 1015 1151 1076 indo
1173 1014 1264 1075 indidi
1287 1011 1364 1073 ἐνδί-

60 1115 138 1193 tupi
164 1127 194 1177 et
220 1117 266 1190 liis
295 1117 409 1177 similia.
454 1125 556 1195 quarta
576 1117 678 1178 ¹lorma
701 1125 746 1178 est
771 1137 846 1196 quae
867 1119 1030 1196 perlectum
1053 1117 1122 1177 lacit
1151 1136 1204 1196 per
1224 1117 1251 1176 xi
1279 1117 1366 1194 sylla·
1399 1135 1401 1138 ’

10 1240 32 1301 μ,
60 1218 146 1290 bam,
176 1218 254 1278 velut
280 1217 430 1295 restinguo
454 1217 589 1291 restinxi,
619 1218 766 1297 distinguo
795 1219 928 1291 distinxi,
959 1236 1086 1294 emungo
1115 1217 1248 1290 emnnxi,
1276 1215 1365 1295 pingo

10 1342 18 1385 ι
60 1318 157 1397 pinxi,
180 1318 246 1378 dico
269 1317 342 1390 dixi,
366 1336 435 1395 rego
456 1318 533 1391 rexi,
554 1319 652 1396 adligo
673 1318 788 1392 addixi,
808 1321 953 1399 pollingo,
977 1317 1097 1397 pollinxi
1117 1308 1261 1393 ια’ριχεύω
1282 1314 1365 1375 ἔντα-

10 1412 175 1494 tupesclu,
196 1438 287 1498 pergo
303 1420 437 1499 perrexi,
462 1420 579 1498 porrigo
601 1421 733 1500 porrexi,
757 1423 842 1498 cingo
862 1422 955 1491 cinxi,
974 1418 1063 1495 diligo
1081 1417 1184 1492 dilexi,
1206 1419 1266 1479 duo
1284 1420 1365 1492 fluxi,

13 1546 18 1573 ι
60 1528 144 1582 struo
168 1521 275 1594 stmxi,
298 1538 371 1597 sugo
394 1520 457 1581 suxi
477 1514 560 1595 μύζω
579 1514 717 1596 aspicito,
742 1523 800 1599 figo
817 1522 881 1594 fixi,
903 1522 967 1581 viro
986 1518 1049 1578 rixi.
1095 1518 1195 1595 quinta
1212 1518 1304 1578 lorma
1321 1528 1366 1578 est

9 1648 17 1689 ι
61 1621 145 1681 cuius
167 1622 328 1700 perlectum
351 1622 381 1681 in
402 1621 426 1681 si
449 1619 561 1683 litteras
580 1623 673 1696 cadit,
703 1620 782 1683 velut
804 1639 892 1701 parco
915 1621 1011 1700 parsi,
1034 1639 1119 1681 sumo
1141 1619 1250 1693 sumsi,
1272 1620 1366 1693 mitto,

10 1754 17 1793 μ
60 1720 162 1793 laedo,
186 1721 299 1794 scribo,
322 1722 419 1783 adlido
442 1722 526 1783 adlisi
549 1717 740 1800 προσρήσσω,
763 1742 869 1801 carpo,
892 1741 1009 1799 mergo,
1032 1720 1139 1800 plaudo
1158 1718 1271 1798 plausi,
1294 1739 1365 1781 cou-

10 1854 14 1891 ι
60 1822 141 1882 cutio
169 1831 198 1882 et
226 1821 339 1882 similia.
385 1832 466 1884 sexta
494 1823 586 1885 forma
616 1832 662 1885 est
690 1824 774 1884 cuius
802 1823 895 1902 prima
925 1822 1032 1901 syllaba
1062 1821 1198 1882 instantis
1223 1823 1365 1901 temporis

10 1946 47 1995 ns
60 1923 236 2002 corripitur,
258 1924 390 2001 perlecto
412 1924 601 2003 producitur,
630 1925 707 1986 velut
730 1922 809 2000 logio
832 1924 911 2001 fugi,
939 1942 1045 2002 mmpo
1068 1922 1150 2001 rupi,
1180 1922 1270 1984 lunda
1293 1923 1364 1995 iudi,

10 2052 16 2097 t
60 2024 138 2085 cudo
166 2024 233 2084 cudi
263 2018 378 2083 ἐλαύνω
404 2024 545 2102 σίδηρον,
575 2027 659 2087 vinco
681 2024 751 2098 vici,
777 2024 844 2103 lego
873 2025 946 2103 legi,
974 2024 1057 2103 capio
1087 2023 1166 2102 cepi,
1195 2024 1279 2085 tacio'
1298 2024 1364 2096 teci,

10 2156 15 2199 Ι
54 2125 136 2203 ¹iacio
159 2125 214 2185 ieci
237 2124 346 2200 dimo,
369 2144 425 2203 ago
445 2128 491 2205 egi
514 2136 543 2186 et
565 2127 617 2188 his-
634 2125 757 2201 similia,
782 2146 871 2188 cerno
894 2124 971 2188 crevi
991 2113 1055 2202 ὁρῶ
1076 2121 1274 2201 προσέρχομαι
1293 2128 1365 2201 κλη-

59 2225 203 2308 ρονομίᾳ,
232 2224 360 2286 decerno
383 2226 508 2288 decrevi.
555 2228 679 2307 septima
705 2228 796 2287 torma
825 2237 871 2288 est
899 2227 983 2287 cuius
1011 2226 1174 2303 perlectum
1196 2226 1275 2287 cadit
1302 2227 1332 2287 iu
1356 2228 1364 2287 i

10 2358 15 2397 ι
59 2328 189 2390 litteram
211 2328 286 2388 duee
308 2347 325 2386 v
347 2346 423 2405 quae
444 2328 510 2389 loco
534 2329 723 2390 consonantis
746 2335 808 2401 est,
831 2327 908 2387 velut
930 2326 1018 2406 cupio
1037 2326 1149 2405 cupiri,
1177 2336 1247 2406 peto
1265 2329 1364 2407 petivi,

10 2450 173 2510 inquaero
196 2428 341 2508 quaesivi,
372 2437 436 2490 tero
464 2429 545 2502 trixi,
575 2429 640 2491 sino
665 2429 718 2490 sivi
745 2437 775 2490 et
803 2429 917 2490 similia.
962 2435 1063 2488 octava
1092 2429 1185 2488 lorma
1214 2437 1261 2490 est
1280 2430 1365 2490 cuins

10 2564 15 2599 ι
59 2534 226 2613 perlectum
253 2531 374 2591 ellertur
402 2550 456 2610 per
481 2528 526 2592 ari
548 2531 666 2609 longam
688 2531 717 2591 in
741 2530 960 2591 similitudinem
983 2528 1138 2591 verbomm
1160 2528 1272 2607 primae
1294 2549 1365 2590 con·

10 2668 13 2695 t
61 2632 236 2710 iugationis,
260 2650 351 2710 pasco
372 2632 471 2711 pascis
492 2633 573 2712 pati,
595 2641 695 2692 sterno
717 2632 815 2693 stravi.
859 2651 936 2693 nona
959 2635 1051 2693 torma
1075 2639 1121 2692 est
1146 2629 1229 2692 cuius
1251 2631 1366 2709 perlec-

10 2768 13 2805 ;
53 2741 123 2824 Ιῑιιιιι
146 2733 272 2793 sumitur
291 2752 307 2792 a
330 2733 459 2794 secunda
482 2753 607 2814 persona
630 2733 768 2795 instantis
787 2729 801 2815 ΙΙ
825 2734 961 2814 adempta
983 2735 1078 2794 littera
1103 2753 1133 2808 s,
1160 2731 1240 2792 velut
1257 2733 1364 2792 mando

10 2890 12 2901 ,
61 2833 179 2895 mandis
202 2833 299 2894 mandi
322 2825 530 2911 ἒμασησιίμην,
558 2835 656 2914 pando
680 2833 784 2913 pandis
802 2834 900 2913 pandi.
946 2836 1060 2897 decima
1087 2836 1179 2895 torma
1208 2841 1255 2895 est
1280 2834 1364 2894 cuius
1471 2873 1475 2881 -

24 2955 49 2997 aa
61 2936 228 3015 perlectum
248 2935 365 3013 passive
386 2936 523 3011 etlertur,
544 2935 622 2996 velot
644 2934 702 2995 fido
724 2936 797 2998 fisus
818 2955 899 3009 sum,
922 2936 1038 2998 conlido
1062 2937 1192 2997 conlisus
1214 2954 1289 2996 sum.

147 3035 277 3106 Quartus
297 3035 369 3096 ordo
391 3037 500 3097 formas
526 3038 614 3098 habet
629 3038 767 3116 quinque.
796 3039 890 3119 pn'ma
913 3040 1006 3100 tonna
1029 3045 1075 3100 est
1098 3037 1182 3098 cuius
1202 3037 1364 3117 perfectum

62 3137 92 3198 in
113 3137 123 3197 i
146 3138 274 3198 litteram
298 3137 376 3197 cadit
397 3137 471 3198 duce
494 3159 525 3214 v,
545 3139 625 3200 velut
647 3139 748 3203 munio
770 3140 895 3214 munivi,
918 3140 1013 3202 servio
1033 3139 1147 3213 serviri,
1169 3139 1247 3200 lenio
1268 3138 1364 3211 lenivi,

61 3239 185 3318 ligurrio
207 3238 345 3317 ligunixi.
391 3232 520 3301 secunda
543 3243 636 3302 torma
660 3248 705 3301 est
727 3240 810 3301 cuius
832 3241 994 3320 perlectum
1016 3241 1078 3300 in‘i
1101 3239 1178 3300 eadit
1195 3238 1274 3299 nulla
1289 3239 1364 3299 duce

61 3341 154 3401 vocali
175 3359 231 3400 nec
253 3350 449 3416 consonante,
471 3342 551 3403 velut
569 3344 668 3424 aperio
687 3341 803 3420 aperui,
827 3341 927 3420 operio
949 3342 1060 3420 operui.
1105 3340 1190 3401 tertia
1211 3339 1303 3399 torma
1319 3349 1364 3400 est

24 3457 120 3522 aqua
144 3444 309 3523 perlectum
332 3443 361 3503 in
380 3444 405 3505 si
429 3443 556 3504 litteram
578 3442 702 3517 desinit,
722 3440 802 3502 velut
824 3442 924 3521 saepiu
943 3442 1058 3522 saepsi,
1082 3441 1176 3502 sare-io
1196 3440 1285 3514 sarsi,
1308 3439 1364 3500 lul·

61 3643 91 3703 iu
115 3643 142 3704 xi
162 3642 291 3717 litteras,
313 3643 391 3705 velot
411 3645 511 3706 sancio
532 3644 631 3717 sanxi,
654 3644 748 3705 xincio
771 3644 857 3704 vinxi.
902 3644 1002 3724 quinta
1021 3644 1181 3732 tormaest
1196 3663 1253 3723 qua
1269 3645 1361 3725 prima

62 3763 190 3823 persona
219 3745 297 3806 cadit
322 3745 353 3806 iu
382 3745 600 3806 similitudinem
631 3745 784 3807 verborum
813 3747 935 3807 secundi
959 3747 1085 3821 ordinis,
1114 3747 1243 3809 secunda
1265 3756 1362 3808 autem

62 3853 210 3917 mutatur,
232 3854 262 3907 et
284 3866 341 3926 quo
363 3849 452 3910 modo
471 3845 565 3928 prima
587 3844 742 3906 declinatio
763 3847 851 3908 huius
872 3846 984 3908 ordinis
1005 3848 1083 3908 cadit
1100 3848 1130 3909 iu
1152 3849 1160 3909 i
1187 3848 1262 3909 duce
1281 3869 1298 3909 v
1316 3848 1363 3908 lit·

26 3954 125 4009 astera
151 3946 197 4006 sic
223 3954 251 4007 et
280 3949 344 4024 hic,
372 3950 450 4010 velut
478 3968 513 4009 eo
541 3947 566 4007 is
594 3946 647 4020 ixi,
677 3967 803 4025 quorum
827 3949 983 4010 verborum
1011 3951 1140 4012 loturum
1163 3952 1193 4011 in
1215 3950 1253 4012 lxo
1275 3950 1362 4021 cadit,

62 4046 127 4119 ilxo,
148 4046 232 4133 quia,
253 4057 285 4109 ut
307 4069 395 4131 supra
416 4050 556 4123 diximus,
581 4048 676 4129 prima
695 4069 822 4128 persona
844 4051 1064 4112 similitudinem
1087 4053 1220 4131 sequitur
1240 4050 1363 4113 secundi

49 4147 185 4208 ordinis.
229 4149 313 4211 aliter
328 4153 432 4224 enim,
459 4159 493 4212 ut
523 4170 611 4231 supra
638 4151 779 4227 diximus,
808 4153 885 4214 tertii
914 4161 943 4214 et
972 4155 1067 4232 quarti
1095 4155 1205 4216 ordinis
1233 4155 1362 4214 lutumm

62 4256 181 4329 tempus
203 4250 233 4310 iu
253 4268 299 4312 am
322 4251 432 4312 litteras
455 4253 643 4330 terminatur,
665 4256 771 4318 addam
792 4255 919 4317 scribam
940 4256 1069 4316 muniam
1091 4256 1225 4316 sentiam.

146 4349 268 4427 Regula.
303 4351 401 4412 omnia
423 4352 509 4413 verba
533 4373 607 4432 quae
630 4366 698 4417 ante
720 4378 737 4418 o
760 4376 777 4418 e
798 4356 924 4418 litteram
948 4355 1073 4432 liabent,
1100 4357 1174 4417 haee
1197 4356 1294 4417 omnia
1317 4376 1364 4416 se·

20 4471 47 4511 4ο
60 4450 151 4511 cundi
174 4450 285 4512 ordinis
306 4460 391 4527 sunt,
424 4453 503 4515 velut
529 4456 621 4516 doceo
650 4458 755 4532 elaces,
791 4457 879 4518 sedeo
908 4458 1010 4532 sedes,
1044 4459 1174 4539 exeeptis
1198 4457 1260 4531 his,
1295 4476 1363 4517 creo

59 4571 164 4626 creas,
187 4552 244 4614 beo
264 4552 349 4629 beas,
372 4543 439 4616 meo
461 4575 558 4632 meas,
580 4577 615 4619 eo
638 4558 679 4632 is,
702 4577 777 4637 quae
799 4567 868 4619 sunt
889 4559 974 4638 primi
998 4567 1027 4619 et
1049 4559 1142 4638 quarti
1165 4558 1285 4635 ordinis.
1302 4555 1316 4642 ΙΙ

43 4680 55 4776 Ἀ
132 4707 167 4757 15
182 4705 387 4762 fundoluudiB
456 4712 490 4761 25
509 4711 1006 4775 lidollrussursum(corr.sussum)B
1075 4710 1181 4776 acqua]
1197 4712 1296 4776 quaeB

55 4777 89 4830 31
115 4775 184 4826 tarto
203 4774 267 4824 laral
284 4777 309 4827 B
378 4780 413 4831 at
430 4781 493 4830 doce
510 4781 536 4831 B
603 4781 636 4830 ‹tt
656 4779 720 4828 belro
739 4781 817 4831 behas
836 4781 861 4829 B

545 4894 633 4902 .—..
647 4896 878 4902 —-.—-———-
