3114 5356
627 295 708 356 mr.
733 295 874 357 carun.
896 296 968 357 un
983 298 1002 393 .¹
1220 302 1222 306 ·
1407 304 1466 366 361

1270 417 1337 459 ,Μ
1352 419 1377 459 ar
1391 419 1415 461 r.

161 479 315 560 praeteriti
335 480 413 556 isse,
433 481 522 542 futuri
544 480 616 541 itum
638 482 681 541 ire
701 481 809 542 iturum
828 499 895 542 esse
920 481 960 564 [et
979 483 1051 544 itum
1074 480 1131 564 icil.
1176 428 1329 567 partibipia
1356 491 1468 552 instan-

162 583 202 643 tis
224 582 274 642 hic
297 583 420 642 ethaeo
442 589 472 641 et
493 581 549 641 boc
570 582 650 656 iens,
680 582 770 642 futuri
798 582 904 643 iturus.
948 592 977 644 et
999 602 1074 662 quae
1099 584 1135 645 ab
1143 605 1191 647 ⁸eo
1213 591 1365 668 conposita
1387 601 1465 665 sunt,

162 684 278 763 prodeo
298 702 370 744 exeo
392 683 540 743 circumeo
569 702 676 762 praeeo
705 681 779 743 abeo
808 701 880 742 coeo
901 683 968 744 ineo
992 703 1083 745 veneo
1105 685 1197 747 subeo
1219 689 1292 750 adeo
1314 708 1390 769 queo
1414 710 1465 751 ne-

162 803 241 863 queo
270 782 360 869 'pereo
390 791 507 845 transeo
533 794 685 864 praetereo
713 792 827 843 auteeo.
871 784 1065 862 prodeuntem
1099 787 1256 849 abeuntem
1288 789 1464 852 subeuntem

129 885 297 946 edicemus
326 893 356 945 et
378 894 491 961 cetera,
525 904 584 947 non
609 885 793 965 prodientem
825 882 921 966 [non]
953 886 1099 948 abientem
1126 888 1307 965 subientem;
1336 891 1464 970 alioquin

161 984 363 1064 peccabimus.
407 987 528 1047 verbum
551 986 738 1066 inpersonale
757 987 817 1046 itur
837 1004 852 1046 a
873 1005 921 1047 me
945 1006 962 1047 a
986 996 1016 1048 te
1043 987 1150 1049 abillo
1179 1009 1196 1050 a
1223 990 1309 1052 nobis
1334 1011 1351 1053 a
1380 993 1463 1054 vobis

161 1088 201 1148 ab
229 1087 303 1160 illis,
331 1088 488 1167 praeterito
515 1089 677 1168 inperfecto
704 1087 815 1162 ibatur,
844 1090 1001 1168 praeterito
1023 1091 1155 1169 perfecto
1179 1091 1253 1151 itum
1275 1100 1321 1153 est
1339 1100 1369 1153 et
1389 1093 1463 1171 fuit,

161 1189 455 1269 plusquamperfecto
485 1189 558 1249 itum
586 1197 648 1250 erat
677 1196 707 1248 et
731 1189 841 1263 fuerat,
871 1192 967 1251 futuro
995 1189 1092 1252 ibitur.
1132 1192 1305 1271 ‚imperativa
1328 1195 1464 1256 instantis

161 1298 258 1351 eatur.
303 1289 431 1370 optativa
452 1290 588 1351 instantis
607 1290 717 1351 utinam
739 1299 838 1366 eatur,
866 1292 1016 1371 praeteriti
1037 1293 1190 1372 inperfecti
1212 1295 1319 1370 iretur,
1349 1306 1466 1377 praete-

119 1415 148 1454 ιο
162 1391 213 1452 riti
234 1391 358 1470 perfecti
376 1391 449 1452 itum
461 1391 510 1467 *sit
532 1401 560 1452 et
582 1391 685 1465 fuerit,
706 1390 986 1471 plusquamperfecti
1003 1394 1075 1454 itum
1091 1402 1171 1454 esset
1186 1402 1216 1454 et
1230 1395 1349 1471 fuisset,
1374 1399 1463 1458 futuri

161 1501 256 1554 eatur.
300 1493 484 1554 subiunctiva
504 1491 646 1572 temporie
667 1492 805 1553 instantis
823 1511 892 1554 cum
914 1503 1012 1569 eatur,
1032 1495 1140 1569 iretur,
1162 1497 1234 1556 itum
1254 1495 1293 1556 sit
1313 1505 1344 1557 et
1366 1499 1463 1572 fuerit,

159 1596 237 1656 itum
259 1602 339 1656 esset
360 1603 389 1655 et
409 1594 529 1666 fuisset,
557 1594 646 1654 futuri
666 1595 739 1656 itum
762 1594 816 1655 erit
842 1602 871 1654 et
889 1596 986 1655 fuerit.
1029 1595 1169 1657 infinitiva
1193 1598 1334 1677 temporis
1355 1599 1466 1660 instan-

161 1697 202 1756 tis
221 1696 277 1771 iri,
306 1694 440 1773 perfecti
459 1695 532 1756 itum
552 1714 634 1769 esse,
656 1695 747 1756 futuri
769 1695 842 1756 itum
863 1696 908 1756 iri.
953 1697 1106 1776 panicipia
1130 1697 1305 1758 nonhabet

250 1796 375 1857 Verbum
392 1807 562 1876 corruptum
584 1798 710 1858 activum
730 1797 867 1859 instantis
882 1797 1023 1876 temporis
1041 1798 1103 1857 fero
1121 1798 1181 1859 fers
1195 1798 1267 1872 fert,
1281 1790 1463 1883 pluraliterss

119 1917 147 1957 15
161 1898 287 1959 ferimus
310 1898 392 1958 fertis
414 1899 526 1973 ferant;
548 1897 702 1978 inperfecti
721 1897 867 1972 ferebam
889 1898 1011 1976 perfecti
1034 1897 1103 1972 tuli;
1123 1897 1402 1979 plusquamperfecti
1417 1910 1464 1961 tu-

160 1999 271 2074 leram;
290 1999 379 2058 futuri
401 2000 492 2059 feram
515 1999 592 2060 feres
614 2001 705 2073 feret,
725 1998 875 2079 pluraliter
890 1999 1018 2059 feremus
1038 1998 1138 2059 feretis
1153 2000 1256 2059 ferent.
1293 2000 1461 2079 imperativa

161 2100 301 2161 instantis
323 2100 367 2159 fer
387 2101 476 2174 ferat,
496 2099 647 2180 pluraliter
662 2101 791 2161 feramus
811 2100 886 2160 ferte
905 2100 1016 2174 ferant;
1042 2100 1132 2160 futuri
1159 2101 1233 2159 ferto
1257 2105 1287 2159 tu
1309 2099 1385 2160 ferto
1403 2099 1462 2170 ille,

159 2201 315 2281 pluraliter
336 2202 465 2263 feramus
487 2202 593 2262 fertote
621 2203 717 2263 ferant
737 2210 766 2262 et
784 2201 911 2262 ferunto.
956 2198 1081 2280 optativa
1102 2200 1240 2261 instantis
1262 2207 1292 2260 et
1310 2200 1461 2279 praeteriti

160 2302 318 2382 inperfecti
337 2302 448 2364 utinam
469 2303 592 2377 ferrem,
614 2303 737 2383 perfecti
752 2303 883 2376 tulerim,
902 2301 1180 2381 plusquamperfecti
1204 2301 1352 2375 tulissem,
1373 2301 1462 2362 futuri

117 2426 146 2465 ro
161 2406 258 2465 feram
282 2406 360 2467 feras
382 2406 464 2467 ferat
509 2403 760 2465 subiunctirorum
783 2405 914 2465 futurum
935 2421 1003 2465 cum
1026 2402 1128 2464 tulero.
1162 2402 1305 2464 infinitiva
1324 2403 1462 2463 instantis

160 2508 256 2580 ferre,
282 2506 431 2585 praeteriti
450 2505 569 2579 tulisse,
592 2504 681 2566 futuri
701 2504 792 2566 latum
811 2504 854 2565 ire
879 2512 909 2565 et
931 2505 1059 2567 laturum
1079 2524 1155 2567 esse.
1199 2503 1396 2585 inpersonalia
1417 2503 1463 2563 in-

160 2608 267 2668 stantis
289 2609 395 2682 fertur,
418 2606 572 2687 inperfecti
592 2607 755 2678 ferebatur,
777 2607 900 2685 perfecti
919 2606 1011 2669 latum
1032 2615 1078 2668 est
1100 2617 1130 2669 et
1149 2607 1219 2680 fuit,
1238 2604 1463 2685 plusquamper-

160 2709 231 2769 fecti
253 2708 344 2769 latum
364 2717 426 2769 erat
448 2717 477 2768 et
497 2710 608 2783 fuerat,
633 2706 722 2768 futtui
745 2707 864 2768 feretur.
901 2709 1023 2786 gerundi
1039 2710 1152 2770 ferendi
1172 2707 1293 2769 ferendo
1308 2706 1461 2767 ferendum

159 2810 252 2871 latum
273 2811 342 2870 latu.
372 2808 537 2890 participia
559 2807 696 2870 instantis
715 2808 764 2868 hic
787 2816 817 2869 et
837 2810 911 2872 haec
928 2816 958 2869 et
975 2809 1032 2869 boc
1053 2810 1151 2870 ferens
1171 2808 1243 2868 baec
1261 2807 1399 2881 ferentia,
1419 2808 1463 2867 fu·

119 2933 146 2972 2¹,
160 2912 220 2972 turi
243 2911 292 2971 liic
312 2911 434 2973 laturus.
480 2921 509 2971 ct
531 2928 606 2988 quae
623 2909 660 2970 ab
686 2929 722 2970 eo
750 2911 903 2991 conposita
926 2918 1012 2984 sunt,
1047 2918 1079 2972 ut
1099 2909 1199 2971 ‹lcfero
1220 2909 1321 2970 adfero
1343 2909 1462 2988 profero

160 3014 296 3093 praefero
321 3015 412 3075 otlero
441 3012 543 3072 differo
569 3010 689 3072 confero
718 3012 815 3073 refero
844 3013 934 3073 effero
961 3011 1092 3073 antefero
1114 3011 1215 3072 aufero
1233 3011 1350 3091 perfero
1369 3009 1463 3070 infero

160 3116 282 3176 suffero.
687 3124 692 3132 '

121 3198 124 3203 ¹
246 3215 357 3278 Passivi
374 3215 456 3275 uerbi
477 3214 641 3276 declinatio.
672 3214 749 3274 feror
771 3214 874 3275 fereris
895 3216 1004 3288 fertur,
1024 3212 1175 3294 pluraliter
1194 3211 1316 3272 ferimur
1336 3210 1461 3271 ferimini

159 3319 310 3393 femntur3
348 3317 502 3398 inperfecti
530 3316 659 3392 ferebam
695 3314 818 3395 perfecti
846 3315 923 3376 latus
944 3334 1011 3377 sum
1034 3323 1063 3376 et
1088 3315 1144 3389 l'ui;
1180 3313 1460 3392 plusquamperfecti

118 3446 145 3485 ao
158 3418 238 3480 latus
260 3437 339 3480 eram
361 3425 391 3478 et
412 3419 539 3492 fueram;
561 3418 650 3479 futuri
673 3419 750 3478 ferar
772 3416 875 3477 fereris
898 3417 1016 3476 feretur.
1047 3414 1216 3494 imperativa
1239 3414 1316 3473 ferre
1338 3413 1458 3483 feratur,

157 3519 249 3580 futuri
272 3521 371 3580 sertor.
416 3519 542 3598 optativa
566 3520 676 3580 utinam
698 3519 804 3593 ferrer,
840 3517 988 3597 praeteriti
1013 3517 1136 3596 perfecti
1161 3516 1237 3578 latus
1266 3514 1320 3574 sim
1344 3522 1374 3573 et
1395 3515 1459 3574 fne-

156 3621 230 3694 rim,
267 3620 545 3700 plusquamperfecti
572 3620 648 3682 latus
676 3638 772 3681 essem
794 3627 824 3680 et
851 3618 989 3692 fuissem,
1024 3619 1113 3680 futuri
1139 3621 1224 3679 ferar.
1275 3614 1457 3676 subiunctiva

156 3740 225 3782 cum
250 3722 343 3795 ferar,
370 3721 519 3801 praeteriti
539 3721 692 3801 inperfecti
716 3724 823 3794 ferrer,
852 3720 975 3801 perfecti
995 3721 1072 3782 letus
1096 3721 1150 3781 sim
1173 3728 1201 3780 et
1223 3716 1345 3791 fuerim,
1376 3717 1458 3796 plus·

156 3823 370 3902 quamperfecti
392 3823 467 3885 latus
489 3841 585 3884 essem
609 3833 639 3885 et
665 3825 804 3898 fuissem,
833 3823 922 3884 futuri
949 3822 1026 3884 latus
1049 3841 1100 3883 ero
1128 3831 1157 3881 et
1183 3822 1275 3881 luero.
1317 3819 1457 3881 infinitiva

119 3946 143 3984 u
156 3926 246 3998 ferri,
268 3926 389 4005 perfecti
408 3924 498 3985 latum
519 3944 601 3998 esse,
622 3926 710 3987 futuri
735 3926 825 3986 latum
853 3924 898 3985 iri.
943 3922 1094 4005 participia
1122 3922 1269 4001 praeteriti
1297 3922 1346 3985 bie
1369 3921 1457 3988 latus,

154 4026 247 4086 futuri
264 4026 313 4086 bic
332 4027 478 4088 ferendus.
524 4006 628 4107 supina
650 4027 740 4089 latum
766 4027 841 4088 latu.

228 4230 240 4279 l
265 4231 328 4280 itum
345 4232 382 4281 ire
400 4232 493 4280 iturum
512 4231 587 4294 (itum
606 4232 643 4281 ire
659 4233 776 4282 initurum
795 4231 831 4295 Α)
850 4246 907 4282 esse
922 4241 947 4282 et
963 4234 1056 4282 iturum
1074 4233 1104 4282 iri
1122 4232 1253 4300 participia
1269 4230 1354 4280 ΑΒΜ
1361 4247 1368 4280 z
1393 4229 1455 4279 itum

154 4303 192 4350 ire
211 4300 251 4349 vel
270 4301 364 4349 iturum
384 4316 440 4350 esse
456 4301 593 4364 Charisius.
618 4303 681 4350 itum
699 4303 730 4350 iri
748 4320 783 4352 eae
799 4304 968 4352 declinatione
985 4303 1056 4353 verbi
1077 4306 1248 4368 inperronob’e
1271 4301 1322 4350 itur
1343 4303 1455 4363 intepe-

153 4372 227 4419 ra'trme
245 4385 302 4420 eree
319 4371 417 4420 videtur
485 4369 582 4420 dedeo
596 4371 726 4421 Charisius
743 4372 806 4421 odeo
825 4370 850 4419 Α
873 4371 948 4433 uideo
968 4370 1011 4434 M,
1032 4389 1079 4423 om.
1101 4373 1125 4422 B
1194 4373 1211 4422 b
1233 4369 1346 4419 dicemus
1365 4367 1453 4418 Chari-

154 4442 208 4489 sius
231 4437 325 4488 dicitur
340 4437 426 4487 ΑΒΜ
500 4440 624 4488 abientem
643 4439 669 4488 B
686 4439 820 4490 obeuntem
839 4439 898 4489 ΑΜ
966 4441 1160 4506 dpercabimus
1177 4441 1204 4490 B
1220 4438 1382 4505 peecaulmus
1397 4436 1455 4484 AM

222 4506 240 4557 9
256 4505 385 4571 instantis]
399 4507 537 4573 inperfecto
550 4508 583 4567 A,
596 4524 642 4559 om.
654 4507 714 4557 ΒΜ
783 4509 813 4559 11
834 4518 905 4559 eatur
923 4522 940 4564 ς
963 4510 1039 4559 ibitur
1057 4510 1142 4561 ΑΒΜ
1208 4507 1242 4558 26
1259 4504 1363 4555 confero
1380 4505 1453 4567 (eon-

156 4573 225 4624 feror
238 4575 283 4640 M)
301 4575 385 4624 refero
403 4575 517 4625 antefero
542 4576 601 4625 ΒΜ
622 4578 725 4626 confero
743 4578 821 4628 effero
838 4576 953 4628 antefero
972 4579 1004 4627 A.
1035 4578 1119 4630 refero
1138 4589 1162 4630 et
1179 4578 1257 4626 edero
1274 4574 1349 4624 babet
1365 4575 1453 4624 Obari-

154 4646 207 4694 siue
278 4643 312 4694 28
331 4643 421 4693 fereris
438 4645 463 4693 B
479 4654 502 4695 et
520 4647 653 4697 Diomedes
667 4663 695 4711 p.
714 4645 764 4697 381
791 4647 875 4696 feritis
895 4645 953 4695 ΑΜ
974 4647 1049 4696 ferris
1071 4649 1111 4697 uel
1133 4648 1199 4698 ferre
1220 4647 1397 4710 promotione
1421 4645 1455 4693 de

154 4713 231 4765 uerbo
243 4730 271 4777 p.
295 4711 343 4762 180
361 4713 400 4762 ed.
424 4714 532 4764 Vindob.
605 4712 639 4766 30
665 4713 733 4764 ferre
749 4715 858 4765 ferratur
876 4715 902 4765 B
970 4713 1003 4765 35
1021 4715 1161 4781 praeteriti]
1179 4714 1298 4764 instantis
1314 4713 1397 4761 ΑΒΜ

156 4778 188 4830 36
212 4783 307 4847 supina
324 4781 348 4829 B
367 4783 484 4846 supinam
504 4782 535 4831 M
553 4785 672 4848 supinum
690 4783 715 4832 A
794 4785 845 4832 latu
862 4801 909 4834 om.
928 4782 1012 4833 ΑΒΜ

207 4885 415 4927 onnuunrrcr
438 4887 547 4927 nnrmr
573 4889 593 4928 1.
1205 4867 1244 4928 24
