3114 5356
612 272 693 340 aar.
716 277 855 340 amun.
883 242 954 338 nin.
979 277 1004 337 u
1393 278 1455 338 tas

862 419 866 426 .
1241 391 1416 452 amem

108 498 118 539 ι
147 468 253 533 iacens
274 467 370 527 versui
395 475 424 525 et
445 467 549 526 inflexa
572 466 609 526 ad
631 464 812 544 superiorem
837 470 949 542 partem
972 495 1027 521 υ.
1069 463 1124 521 hac
1145 461 1338 522 notasuhter
1360 463 1455 542 posita

108 602 116 642 ι,
149 572 308 648 utriusque
331 566 410 627 rerhi
432 566 580 646 proximas
599 565 710 626 litteras
732 566 761 626 in
783 583 841 625 arna
867 560 1122 653 prollnuntiatione
1145 561 1324 640 colligimus,
1353 564 1392 624 ita
1412 573 1456 625 ta·

108 710 114 735 t
150 691 223 735 men
244 679 304 732 tum
328 687 394 728 cum
417 669 455 728 ita
478 687 526 728 res
546 666 675 744 exegerit
694 668 879 746 copulamus,
904 674 936 727 ut
957 675 1003 726 est

321 771 470 864 Turnps
493 778 531 830 ut
552 768 776 829 antevolans

119 882 182 940 set

617 972 800 1032 antetulit
825 989 994 1048 gressum

152 1085 185 1138 et

322 1192 427 1253 quam
450 1171 609 1232 simulac
631 1172 700 1233 tali
722 1172 915 1252 persensit
936 1192 964 1251 p.
978 1181 1008 1230 t.
1032 1191 1057 1232 c.
1082 1173 1103 1232 1.
1127 1191 1152 1231 c.

152 1287 184 1340 et
209 1277 288 1357 apud
311 1274 479 1336 Sallustium
508 1273 596 1332 ‘iam
623 1272 779 1351 primum
804 1272 978 1332 iuventus
1008 1272 1164 1332 simulac
1190 1271 1282 1332 helli
1304 1271 1455 1351 patiens

109 1402 139 1444 ιο
153 1381 268 1441 erat’:
291 1375 413 1437 simulac
429 1375 546 1453 hyphen
558 1372 723 1450 legendum.
751 1381 797 1435 est
813 1368 891 1433 enirn
904 1393 961 1434 una
973 1393 1042 1452 pars
1053 1373 1202 1434 orationis.
1228 1374 1296 1436 huic
1311 1379 1456 1438 contraria

108 1469 110 1480 ¹
153 1488 203 1542 est
223 1477 363 1551 diastole,
383 1476 501 1536 dextera
524 1492 593 1552 pars
613 1473 714 1535 circuli
733 1474 770 1534 ad
792 1475 878 1534 imam
901 1474 1027 1535 litteram
1045 1475 1187 1555 adposita.
1223 1477 1278 1536 hac
1297 1485 1365 1538 nota
1380 1479 1456 1540 male

153 1579 342 1643 cohaerentia
365 1579 588 1649 discernuntur,
610 1581 643 1633 ut
661 1581 707 1634 est

872 1683 1024 1757 ereptae
1045 1676 1205 1767 virginis
1227 1676 1290 1737 ira

154 1792 186 1844 et

112 1910 140 1951 ,5
552 1876 742 1953 viridique
762 1877 798 1938 in
821 1879 936 1939 litore
955 1880 1195 1960 conspicitur
1216 1898 1289 1941 sus.

154 1984 354 2064 apostrophos
376 1981 444 2040 itern
466 1977 567 2039 circuli
588 1996 657 2055 pars
676 1977 809 2052 dextera,
839 1980 892 2040 sed
914 1981 951 2040 ad
971 2000 1116 2042 summam
1139 1981 1265 2042 litteram
1291 2000 1456 2043 consonan-

154 2095 214 2148 tem
244 2083 378 2162 adposita
408 2080 455 2141 cui
480 2079 590 2139 recalis
617 2078 765 2139 subtracta
794 2087 848 2141 est.
898 2089 927 2140 et
956 2082 1013 2143 hac
1046 2091 1114 2144 nota
1141 2083 1246 2144 deesse
1273 2083 1456 2145 ostendimus

156 2186 233 2268 parti
256 2183 395 2247 orationis
418 2182 549 2243 ultimam
570 2179 714 2254 vocalem,
738 2181 822 2243 cuius
840 2200 1007 2244 consonans
1026 2192 1172 2258 remanet,
1195 2192 1227 2244 ut
1246 2193 1291 2245 est

695 2283 842 2343 tanton'
863 2303 918 2344 me
940 2285 1097 2347 crimine
1119 2282 1291 2364 dignum?

114 2413 142 2453 m
156 2396 288 2450 ceterum
316 2385 437 2445 δασεῖαν
469 2391 498 2444 et
523 2378 618 2459 ψιλήν
645 2383 723 2463 apud
751 2402 806 2443 nos
836 2384 855 2444 h
882 2385 974 2446 vocali
996 2387 1092 2448 addita
1115 2388 1159 2447 rel
1181 2387 1311 2447 detracta
1335 2385 1457 2445 demon·

108 2492 116 2505 ⁰
156 2496 245 2562 strat,
269 2489 362 2548 idest
385 2486 494 2564 scripta
514 2485 759 2564 adspirationem,
782 2505 842 2546 non
864 2486 974 2565 scripta
995 2488 1199 2566 levigationem
1216 2486 1370 2574 significat.

243 2605 316 2666 lllud
340 2605 427 2665 etiam
445 2620 551 2680 magna
579 2621 649 2662 cura
672 2603 829 2665 videndum
857 2613 903 2664 est
932 2605 1011 2682 quod
1037 2614 1151 2667 veteres
1177 2605 1274 2667 omnia
1301 2604 1346 2665 rel
1369 2605 1456 2666 verha

157 2709 201 2768 rel
222 2708 340 2767 nentina
361 2723 436 2784 quae
458 2724 475 2762 o
498 2703 591 2763 littera
621 2704 779 2777 liniuntur,
808 2704 879 2766 item
908 2701 1042 2768 adverbia
1069 2707 1114 2767 rel
1143 2706 1364 2768 coniunctiones
1388 2725 1457 2785 pro-

158 2809 245 2868 ducta
268 2817 394 2868 extrema
415 2805 523 2884 syllaba
543 2805 747 2884 proterebant,
775 2807 848 2867 adeo
867 2815 902 2867 ut
923 2809 1065 2886 Vergilius
1087 2827 1204 2887 quoqne
1224 2808 1301 2869 idem
1325 2825 1458 2869 servave-

119 2933 144 2971 as
158 2909 213 2981 rit,
241 2908 270 2967 in
294 2908 358 2968 aliis
382 2915 480 2968 autem
502 2907 641 2985 refugerit
670 2906 796 2967 incultae
820 2909 972 2970 vetustatis
991 2910 1144 2971 horrorem
1168 2918 1196 2970 et
1217 2927 1335 2970 carmen
1356 2903 1457 2968 contra

157 3029 269 3070 morem
291 3018 420 3069 veterum
447 3008 620 3087 levigarent.
666 3007 813 3069 invenitur
834 3017 932 3070 autem
954 3011 1031 3090 apud
1055 3010 1212 3089 Vergilium
1234 3011 1265 3071 in
1293 3010 1381 3071 verho
1405 3028 1458 3088 po·

159 3110 215 3170 sita
237 3109 348 3181 brevis,
372 3117 404 3167 nt

327 3228 423 3269 nunc
444 3209 525 3270 scio
548 3210 636 3288 quid
660 3210 710 3271 sit
732 3229 835 3271 amor

159 3317 188 3369 et

122 3421 146 3461 ao
326 3395 395 3455 hoc
420 3402 478 3454 sat
499 3395 586 3468 erit,
613 3395 692 3456 scio
715 3415 769 3457 me
789 3396 927 3458 Danais
950 3417 975 3457 e.
997 3417 1022 3458 c.
1044 3417 1071 3458 u.

158 3496 235 3571 quod
257 3495 322 3572 quia
353 3496 382 3555 in
408 3516 466 3557 uno
495 3497 584 3559 verbo
611 3498 741 3574 videtur,
775 3498 975 3580 episynaliphe
1002 3500 1178 3561 contrahunt
1207 3501 1257 3580 qui
1285 3498 1456 3562 servandam

230 3716 241 3765 l
269 3725 328 3773 εις
352 3734 383 3766 ex
402 3718 487 3768 ABM
572 3721 589 3769 2
612 3723 646 3771 ito
664 3730 748 3771 tamen
768 3732 795 3772 nt
813 3738 869 3771 enm
888 3737 930 3771 res
949 3723 982 3770 ita
1006 3723 1122 3787 exegerit
1143 3722 1289 3787 copulemus
1310 3722 1455 3770 Caesarius.

155 3789 221 3836 duas
238 3788 412 3848 definitiones,
431 3806 536 3854 quaram
552 3793 634 3840 attera
653 3799 690 3841 est
707 3794 778 3855 apud
794 3793 926 3849 Daremma,
943 3794 1025 3841 alteru
1043 3792 1114 3856 apud
1129 3791 1268 3840 Marianum
1290 3792 1315 3839 V
1315 3792 1454 3847 ictorireum,

152 3859 272 3920 positione
289 3859 387 3907 videtur
405 3860 539 3909 Diomedes
608 3860 695 3910 3tu1n
714 3878 759 3911 om.
778 3862 804 3911 B
874 3861 981 3925 exigerit
995 3860 1047 3908 AB
1063 3859 1179 3925 elligeret
1192 3861 1224 3909 M
1292 3860 1418 3908 dturnus
1432 3857 1457 3906 Β

155 3926 252 3974 turrius
271 3925 295 3972 A
314 3929 420 3976 castrius
437 3927 476 3976 M.
511 3929 588 3991 Verg.
608 3929 675 3978 Aen.
694 3929 764 3979 Vllll
781 3931 816 3981 47
905 3938 1059 3978 anteuocans
1077 3927 1102 3976 A
1188 3925 1454 3993 Cantetulit]·Verp.

154 3995 221 4043 Aen.
243 3994 275 4041 Vl
296 3994 347 4043 677
426 3994 547 4059 8qnanr]
571 3999 649 4061 Verg.
668 3999 735 4048 Aen.
757 4001 803 4048 llll
822 3999 856 4050 lli)
938 3999 1078 4063 praesentit
1095 4007 1165 4062 peste
1182 4000 1298 4054 teneris
1380 3997 1455 4048 ilsu-

156 4064 260 4112 hrstium
280 4063 345 4113 ΒΜ.
366 4066 475 4116 Caritt
546 4067 654 4128 primum
674 4068 794 4116 iuuentus
812 4069 863 4118 AB
880 4069 986 4133 primaru
1004 4067 1123 4115 iubentur
1142 4067 1174 4115 M
1251 4067 1284 4117 10
1303 4064 1458 4132 yphenBM

155 4132 233 4197 iphen
248 4132 273 4179 A
345 4132 374 4182 ll
396 4134 485 4184 dextra
503 4133 554 4182 AB
572 4134 660 4184 delera
680 4136 713 4185 M
779 4137 887 4187 litteram
904 4145 1085 4186 consonantem
1103 4134 1220 4200 adposita
1238 4135 1271 4185 M
1347 4132 1403 4199 hae]
1425 4149 1454 4181 ac

155 4201 242 4251 ΑΒΜ
324 4201 355 4251 13
374 4201 486 4268 creptae]
510 4205 588 4268 Verp.
608 4205 673 4254 Aen.
695 4204 787 4255 11413
865 4209 904 4255 ira
921 4223 966 4258 om.
986 4203 1078 4263 ABM,
1098 4205 1159 4254 add.
1179 4208 1302 4263 Donatus,
1323 4204 1454 4253 rumonus

157 4272 316 4329 Victorinus,
335 4273 440 4336 Sergius
530 4271 561 4321 15
581 4271 719 4339 viridique]
744 4276 823 4339 Verp.
843 4275 907 4326 Aen.
927 4276 985 4325 Vlll
1005 4272 1040 4324 83
1127 4273 1157 4323 lll
1176 4276 1267 4324 dextra
1285 4273 1336 4323 AB
1421 4271 1455 4320 18

154 4340 263 4389 renranit
282 4339 342 4387 AM
412 4342 445 4391 tu
463 4350 532 4391 tanto
549 4341 614 4393 AM.
639 4344 717 4408 Verp.
736 4344 802 4395 Aen.
823 4343 847 4392 X
865 4343 918 4395 668
992 4341 1027 4392 20
1044 4341 1134 4392 dasian
1153 4352 1177 4392 et
1199 4350 1268 4404 enen
1288 4341 1413 4392 Bdnnan
1430 4349 1455 4388 ct

157 4417 225 4466 uaen
237 4407 271 4456 M
278 4408 367 4458 dasian
379 4418 403 4458 et
413 4411 518 4473 sycilian
531 4411 556 4460 A
625 4414 659 4462 22
670 4412 734 4462 lllud
745 4439 779 4449 —
789 4411 1026 4472 leucotheam
1039 4411 1138 4461 Charis.
1144 4414 1257 4478 p.5sqq.
1324 4410 1359 4458 24
1370 4418 1452 4460 utorn.

152 4476 246 4535 ΑΒΜ,
265 4480 326 4529 add.
348 4479 478 4529 Charisius
551 4480 892 4532 minutissimum
911 4481 994 4531 ianilis
1012 4479 1044 4529 M
1120 4480 1154 4530 28
1173 4479 1250 4546 nunc]
1273 4481 1353 4542 Verp.
1372 4479 1453 4529 bucol.

152 4547 180 4607 8,
199 4546 234 4596 43
316 4547 350 4597 30
369 4544 423 4612 hoc]
450 4550 527 4615 Verp.
546 4549 613 4601 Aen.
634 4550 738 4602 111602
820 4551 910 4602 dunas.
930 4552 955 4601 d.
974 4565 999 4599 u.
1020 4549 1044 4598 A
1062 4548 1144 4598 danae
1162 4566 1204 4600 ou.
1223 4550 1255 4598 M
1270 4550 1350 4598 denas
1367 4548 1393 4597 B
1409 4546 1455 4595 da·

151 4617 208 4665 nais
227 4630 241 4663 e
260 4615 385 4664 classibus
404 4632 482 4666 utinm
501 4633 517 4675 ς
602 4619 635 4671 31
654 4621 721 4683 quod
740 4621 800 4683 quia
816 4621 841 4670 in
860 4635 911 4670 uno
929 4618 1007 4669 uerbo
1024 4625 1076 4677 est,
1101 4618 1202 4668 uidetur
1220 4615 1397 4684 episynalipha
1413 4615 1454 4664 his

151 4685 232 4748 qui-3
304 4685 427 4748 esgnalile
447 4687 471 4736 A
489 4696 514 4736 et
531 4688 682 4751 eynalileB
698 4687 834 4753 synaliphe
853 4689 883 4738 M
900 4691 926 4739 in
944 4684 1096 4751 synaliphen
1113 4689 1198 4738 codex
1213 4688 1324 4738 Charisii
1393 4699 1454 4735 con-

150 4751 257 4803 trahunt
278 4754 320 4815 qui
339 4755 468 4805 Charisius
487 4765 574 4806 eontra
592 4756 660 4807 hunc
678 4759 738 4821 quia
753 4757 805 4807 AB
822 4767 909 4808 contra
925 4757 992 4807 hune
1010 4769 1060 4817 qua
1078 4754 1112 4804 M
