3114 5356
160 262 242 361 'ies
744 298 904 362 cunmsu

248 413 412 457 aaa-me.
1285 415 1421 460 aaron

181 429 277 561 laub,
314 486 451 548 feminina
466 482 480 570 ΙΙ
495 486 681 564 singulariter
708 496 788 549 tanta
824 498 921 550 tantae
952 495 1049 548 tautae
1078 494 1187 547 tantam
1218 428 1298 547 tauba
1330 506 1347 548 a
1379 496 1473 565 tanta,

180 588 365 668 singulariter
393 596 494 650 neutra
523 598 635 650 tantum
662 590 734 651 tanti
763 599 843 652 tanm
872 598 983 652 tantum
1011 597 1121 650 tantum
1145 606 1164 651 a
1191 597 1286 664 tanto;
1320 588 1475 669 pluraliter

180 691 467 769 masculinigeneris
487 690 557 751 tanti
581 699 725 753 tantorum
748 693 836 754 tantis
865 700 960 753 tantos
987 693 1056 753 tanati
1078 712 1095 752 a
1118 692 1222 766 tantis,
1255 691 1407 770 pluraliter
1430 695 1473 754 le-

179 793 287 855 minina
307 802 404 855 tantm
424 802 569 855 motarum
591 795 679 856 tantis
699 803 794 857 tantas
816 803 912 856 tantae
932 813 948 853 a
970 795 1072 869 tantis,
1099 795 1249 874 pluraliter
1266 802 1369 856 neutra
1391 803 1472 857 tanta

180 903 327 959 tantorum
348 896 435 958 tantis
456 903 534 957 tanta
555 904 632 958 taram
655 899 789 959 alantis.
1485 918 1499 960 a

264 999 435 1064 Communia
452 998 633 1061 subiunctiva
647 1000 808 1062 masculina
831 1006 859 1057 ct
881 997 1018 1058 feminina
1041 997 1225 1074 singulariter
1245 996 1309 1059 talis
1331 997 1398 1060 talis
1422 998 1471 1061 tali

179 1102 266 1164 talem
289 1103 354 1164 talis
376 1124 392 1164 a
416 1101 481 1174 tali,
510 1100 659 1181 pluraliter
686 1100 757 1161 tales
780 1100 878 1161 talium
901 1100 1006 1161 talibus
1028 1099 1102 1160 tales
1120 1099 1192 1160 tales
1215 1116 1230 1160 a
1251 1099 1373 1176 talibus3
1398 1121 1472 1163 neu-

180 1211 224 1265 tra
243 1204 428 1282 singulariter
448 1204 504 1265 talc
527 1203 592 1265 talis
614 1202 663 1264 tali
688 1201 745 1262 tale
767 1200 824 1262 tale
842 1218 864 1261 a
882 1201 948 1275 tati,
971 1201 1120 1282 pluraliter
1143 1201 1208 1263 talia
1235 1201 1335 1264 talium
1361 1204 1471 1266 talibus

180 1306 247 1368 talia
268 1307 335 1368 talia
357 1328 373 1368 a
394 1306 509 1367 talibus.

265 1410 339 1469 Sunt
367 1418 395 1469 et
419 1407 473 1468 alia
501 1405 673 1487 pronomina
688 1414 774 1483 qnae
803 1404 888 1467 sinuli
911 1407 998 1468 modo
1020 1405 1217 1483 declinantur,
1251 1407 1375 1488 quisque
1405 1409 1471 1487 qui·
1486 1428 1511 1470 n

180 1512 306 1589 curiaque
326 1509 515 1589 quiscumque
527 1552 709 1569 ............
729 1504 734 1591 Ι

676 1696 738 1757 Vlll
780 1694 830 1757 DE
852 1695 976 1758 vEnBt)

263 1817 387 1880 Verbum
417 1825 553 1897 estpars
580 1815 718 1877 orationis
743 1815 1021 1877 administrationem
1047 1818 1089 1877 rei
1116 1817 1282 1895 significans
1306 1836 1372 1879 cum
1395 1827 1469 1880 tenr-

178 1939 250 2001 pore
277 1928 306 1980 et
327 1938 452 2000 persona
480 1915 665 1994 riurnerisque
687 1935 791 1977 carens
821 1937 900 1980 casu.
945 1918 1032 1979 verlio
1061 1918 1196 1980 accidunt
1221 1918 1345 1999 qualitas
1373 1902 1468 1998 genus

180 2025 272 2102 ligura
294 2041 434 2084 nurnerus
455 2021 559 2083 modus
583 2030 697 2098 tempus
717 2037 841 2098 persona
860 2019 1033 2099 coniugatio.
1484 2045 1508 2085 15

262 2123 393 2196 Qualitas
409 2124 561 2185 verborum
584 2130 638 2184 out
658 2124 737 2183 linita
759 2129 875 2187 ostent
903 2123 1021 2183 mlinita.
1067 2123 1190 2202 qualitas
1213 2122 1367 2185 verborum
1385 2125 1468 2186 finita

179 2233 224 2289 est
246 2243 320 2304 quae
341 2235 422 2288 notat
443 2235 554 2289 certum
576 2244 745 2300 numerum,
768 2232 880 2286 certum
901 2224 1035 2300 modum,
1063 2235 1174 2286 certum
1196 2234 1326 2307 tempus,
1357 2238 1468 2290 certam

178 2346 349 2407 personam,
376 2338 407 2389 ut
429 2328 493 2407 lego
514 2328 638 2390 scribo.¹
663 2327 774 2388 infinita
796 2335 841 2389 est
861 2347 935 2407 qnae
958 2328 1029 2390 nihil
1055 2336 1165 2389 certum
1189 2326 1290 2405 babet,
1317 2338 1349 2391 ut
1369 2330 1469 2410 legero

179 2430 314 2493 scribere.
348 2431 421 2492 haec
441 2431 522 2491 enim
544 2430 573 2491 in
598 2427 732 2491 omnibus
753 2431 883 2491 numeris
905 2429 1083 2510 temporibus
1100 2431 1233 2510 personis
1251 2430 1364 2493 infinita
1387 2442 1467 2495 sunt

178 2539 305 2594 ceterum
326 2531 432 2609 legisse
459 2531 612 2611 scripsisse
634 2532 770 2594 dicuntur
793 2533 909 2611 quidem
932 2533 1027 2608 linita,
1056 2534 1107 2596 sed
1136 2542 1266 2613 ternpore
1293 2535 1357 2596 solo
1385 2537 1468 2599 sanita
1482 2556 1510 2597 ao

178 2642 254 2695 sont.
630 2636 633 2643 ’

261 2735 420 2795 Verbmum
452 2753 557 2811 genero
587 2744 655 2797 sunt.
684 2737 827 2815 quinque,
859 2739 997 2807 activum,
1029 2749 1059 2799 ut
1081 2738 1146 2816 lego
1165 2738 1276 2813 scribo,
1306 2741 1467 2819 passivum,

179 2846 210 2899 ut
232 2837 313 2915 logor
333 2836 461 2908 scribor,
483 2845 634 2911 neutrum,
657 2846 689 2899 ut
708 2838 796 2899 sedeo
817 2858 920 2911 curro,
939 2858 1106 2913 commune,
1130 2850 1161 2902 ut
1183 2841 1294 2917 adulor,
1317 2844 1466 2919 criminor,

177 2939 343 3019 deponens,
373 2946 404 2997 ut
428 2938 522 3000 luctor
550 2941 692 3003 cortvivor.
737 2950 884 3021 praeterea
915 2950 1032 3003 suntet
1055 2942 1263 3022 inpersonalia,
1295 2954 1326 3004 ut
1348 2946 1468 3008 sedetur

176 3040 234 3101 itur
267 3040 387 3102 violetur.
432 3061 491 3102 non
517 3042 612 3104 minus
643 3051 670 3104 et
693 3042 743 3104 illa
773 3043 967 3125 inpersonalia
1002 3045 1152 3118 «licuntur,
1188 3053 1220 3105 ut
1249 3047 1344 3119 madet
1372 3050 1506 3130 putletaf,

176 3143 314 3222 paenitet.
1324 3170 1327 3175 ·

260 3245 440 3316 Quibusdam
462 3248 571 3328 placuit
594 3248 747 3310 verborum
767 3267 872 3327 genera
892 3269 957 3311 esse
977 3258 1128 3328 quattuor,
1149 3269 1240 3328 agens
1253 3252 1368 3330 patiens
1384 3250 1465 3315 eoni-

175 3366 264 3409 mune
282 3357 425 3411 nouitium.
470 3370 559 3430 agens
582 3349 701 3412 verbum
723 3349 898 3427 intellegitur
916 3352 994 3430 quod
1016 3375 1033 3414 o
1057 3352 1149 3412 littera
1172 3353 1344 3414 tonninatur
1364 3362 1393 3415 et
1413 3358 1465 3417 ail-

176 3458 291 3529 sumpta
312 3470 327 3511 r
350 3451 442 3514 littera
462 3452 544 3531 fucit
561 3455 693 3535 patiens,
717 3461 748 3512 ut
768 3471 872 3514 moneo
895 3454 1007 3514 scribo:
1036 3453 1187 3534 partieipia
1207 3454 1295 3515 babet
1313 3456 1388 3531 (luo,
1420 3458 1465 3519 in-

176 3553 280 3614 stantis
313 3555 453 3635 temporis
486 3564 515 3618 ct
546 3558 648 3631 tutori,
682 3565 714 3617 ut
743 3574 866 3617 monens
899 3556 1045 3632 scribens,
1076 3552 1255 3640 monitullrus
1290 3560 1461 3640 scriptiuus.
1477 3588 1505 3629 aa

180 3809 326 3863 1-12Ν

310 3915 341 3980 pl
364 3914 456 3980 m.ge1i
478 3915 540 3964 toriti
555 3915 591 3962 .1'·
616 3916 638 3962 is
658 3928 686 3963 os
710 3917 728 3964 u
750 3917 816 3965 otis
835 3917 864 3982 pl
882 3899 980 3984 lteratq
998 3953 1004 3966 .
1019 3919 1050 3967 i.
1065 3920 1097 3968 tis
1121 3933 1150 3969 as
1174 3920 1255 3984 eatis

309 4020 342 4067 tis
360 4026 385 4068 tn
402 4028 428 4069 ta
446 4035 461 4068 a
478 4021 511 4069 tis
531 4032 546 4069 :·
565 4013 757 4084 sstale.lis.li
772 4058 778 4069 .
794 4019 914 4070 lo.le‘.li
929 4020 975 4085 .pl
994 4021 1153 4071 tolio.ii1.b:
1174 4039 1222 4072 aa
1444 4029 1460 4077 5

312 4156 459 4206 Communia
476 4157 636 4207 subiunctivo
656 4157 679 4207 m
699 4168 723 4208 et
746 4143 761 4208 f
778 4159 836 4224 sing
854 4160 912 4209 talis
925 4197 931 4209 .
943 4159 974 4208 lis
984 4195 990 4207 .
1001 4159 1018 4209 li
1032 4197 1038 4207 .
1050 4159 1100 4209 lem
1111 4198 1116 4210 .
1128 4163 1150 4210 is
1173 4119 1212 4211 alb
1233 4161 1278 4227 plu

310 4243 380 4310 sin
397 4261 447 4311 alia
464 4260 532 4324 μιῇ
549 4264 566 4325 q
583 4262 660 4312 simili
676 4265 751 4314 modo
762 4258 898 4314 declinant
906 4263 1128 4329 quisq,quicun1q.
1146 4269 1285 4330 quiscumq.
1391 4262 1461 4323 ,ni
1545 4272 1553 4286 ·

173 4365 198 4418 N
206 4377 262 4428 nr,
280 4377 288 4418 1
309 4371 346 4421 lie
365 4372 442 4423 uerbo

244 4616 275 4666 10
293 4616 355 4665 Suiu
373 4643 403 4653 —
420 4619 585 4681 quiscumque
602 4635 646 4668 oni.
667 4636 688 4668 ω
761 4618 792 4669 ll
812 4621 887 4671 verbo
902 4647 936 4656 -
948 4621 983 4671 20
999 4620 1067 4670 linita
1086 4628 1144 4670 siant
1161 4637 1218 4674 aar.
1233 4621 1295 4672 noo.
1305 4639 1332 4686 p.
1347 4624 1408 4675 llil:
1425 4624 1460 4689 es.

174 4680 249 4733 lium.
266 4687 387 4736 Victoriis.
399 4701 426 4748 p.
442 4673 552 4753 l'tlliiaq.
625 4688 656 4738 lll
675 4697 717 4738 aiat
733 4698 791 4738 rante
807 4691 876 4739 linita
894 4706 939 4739 om.
953 4691 985 4749 N,
995 4690 1090 4740 0de
1166 4692 1197 4742 111
1209 4690 1271 4741 nibil
1282 4696 1341 4743 certi
1351 4694 1425 4743 babet
1436 4694 1462 4743 B

172 4752 234 4802 nibil
254 4754 343 4804 bonini
361 4766 454 4805 certum
476 4758 550 4807 babet
574 4757 649 4807 Mum.
675 4761 819 4809 Victorinus
909 4762 940 4809 ltt
964 4760 1057 4810 infinito
1077 4761 1207 4810 Fabricius
1232 4762 1298 4811 lioba
1319 4763 1343 4811 N
1367 4766 1461 4814 interna

172 4819 248 4872 inas.
271 4826 413 4876 Victorinus
483 4828 517 4877 ab
535 4827 617 4877 littero
632 4827 636 4893 1
654 4831 753 4894 potiens
772 4830 799 4878 Ν
816 4829 898 4878 littera
919 4830 944 4877 tlt
963 4831 1062 4893 patiens
1080 4831 1210 4880 Fabricius
