3114 5348
761 318 970 381 PRAEFATIO

422 508 517 578 succ,
539 522 597 564 rex
616 505 722 564 Carole
742 506 923 579 armipotens
946 507 992 564 ao'r
1007 520 1129 577 maesse,
1153 506 1276 578 valeque

423 616 512 680 atque
531 609 575 666 tui
595 607 715 665 tramitis
730 606 816 664 aare
830 622 996 665 memorme
1015 623 1073 680 per
1095 621 1199 664 aevum

422 711 537 783 respice
558 709 597 767 de
618 710 695 767 celso
712 708 892 781 populorum
912 710 1040 767 culmine
1058 711 1202 782 princeps

422 811 570 868 amorium
592 809 689 867 Adam
711 809 850 868 humilem
871 810 980 869 tibimet
999 812 1112 868 sertore
1127 815 1282 883 parerem.

417 911 517 982 cloria
532 925 644 983 maere
664 911 718 969 tibi
735 911 823 969 terris
841 919 869 969 er
885 913 985 985 cloria
1005 913 1097 971 caelis

418 1017 547 1083 constat,
565 1015 597 1068 ut
617 1011 781 1071 aerbertum
802 1015 909 1088 copias
925 1029 984 1087 per
998 1013 1099 1070 secula
1114 1027 1255 1086 reprom,

415 1096 502 1186 pdcr's
519 1110 570 1169 ubi
588 1112 697 1184 iupiter
713 1130 825 1188 perpes
844 1112 1006 1172 cmwordia
1026 1121 1148 1186 rebrat,

420 1214 522 1272 ducto
538 1214 682 1284 stellieert
698 1215 837 1287 caudens
855 1230 1046 1289 perperene
1067 1217 1133 1275 ccli.

210 1310 329 1376 deinde
352 1308 499 1395 sequitur
526 1306 550 1370 f.
576 1309 753 1374 tto-218
776 1310 860 1375 liber
879 1311 997 1394 Probi,
1026 1312 1082 1397 qui
1110 1309 1171 1375 hoc
1196 1312 1267 1396 ipso
1290 1310 1401 1374 codice
1431 1332 1504 1376 con-

209 1411 276 1475 lato
297 1410 405 1475 editus
431 1417 483 1472 est
504 1409 543 1472 'in
569 1409 728 1476 analectis
753 1414 975 1498 grammaticis
996 1410 1325 1492 Vindoboncnsihus,
1346 1416 1509 1475 INCIPIT

212 1513 448 1576 I'RAOI'ATUS
465 1514 597 1574 PROBI
616 1517 881 1578 GRAMMATICI
898 1514 903 1601 Ι
923 1517 981 1579 llll
1005 1516 1110 1577 UOCII
1128 1548 1172 1563 ·-
1192 1518 1295 1576 eodem
1321 1518 1408 1576 ntodo
1434 1525 1504 1576 lem·

208 1635 283 1694 pore
307 1616 415 1690 futuro
441 1620 573 1677 numera
598 1621 762 1693 menteris
787 1637 855 1681 cum
882 1622 932 1679 uel
959 1621 986 1678 si
1010 1622 1056 1700 (p.
1080 1615 1260 1677 rra-436
1291 1614 1343 1677 ed.
1373 1614 1503 1700 vinu).

210 1736 285 1779 nam
302 1712 429 1800 reliqua
450 1698 526 1777 una'
534 1714 724 1780 membrana
741 1715 874 1781 abscisa
893 1717 1071 1804 perierunt.
1115 1716 1150 1779 in
1172 1715 1236 1779 fine
1259 1714 1335 1779 libri
1355 1713 1503 1777 additum

209 1824 260 1879 est
277 1813 496 1899 fragmentum
516 1815 677 1880 Prisciani
701 1817 832 1882 saeculo
853 1818 1094 1883 tertiodecimo
1116 1816 1290 1902 scriptum,
1315 1822 1458 1890 (morsiam
1474 1823 1503 1878 in

209 1927 278 1980 aare
291 1921 433 1995 expositis
445 1921 529 1981 libris
544 1955 587 1967 —
601 1925 685 1983 istrie
702 1926 871 1985 similemen
889 1926 951 1984 dici
965 1926 1054 1984 uellet
1070 1920 1116 2004 (p.
1135 1919 1360 1998 1035-1154,
1380 1917 1417 1978 m
1437 1916 1502 2002 R).

150 2017 156 2028 ’
209 2018 341 2104 saepius
356 2038 494 2102 eaquae
511 2019 601 2103 prior
617 2020 770 2085 librarius
786 2022 963 2106 scripserat
981 2017 1125 2084 secunda
1140 2038 1238 2081 manu
1253 2026 1399 2081 correcta
1414 2024 1501 2098 aunt,

201 2140 314 2208 'neque
330 2120 410 2183 satis
431 2128 520 2182 certo
540 2118 621 2184 mihi
642 2130 712 2188 tum
730 2144 805 2187 cum
832 2121 952 2186 librum
980 2117 1160 2183 tractabam
1189 2118 1369 2204 adparebat
1393 2127 1502 2182 utrum

208 2220 250 2286 ab
282 2241 347 2285 uno
378 2219 509 2285 homine
542 2222 652 2286 omnia
682 2223 830 2308 profecta
857 2229 966 2286 essent
994 2241 1037 2283 an
1058 2242 1078 2282 a
1100 2218 1260 2306 pluribus.
1305 2241 1501 2307 quamquam

208 2321 275 2387 alia
303 2320 521 2409 antiquiorem
548 2322 615 2385 alia
639 2324 852 2388 recentiorem
879 2331 1021 2387 aetatem
1047 2323 1171 2387 referre
1200 2322 1409 2387 videbantur.
1461 2322 1501 2386 de

208 2431 314 2488 aetate
339 2431 448 2486 autem
466 2423 591 2487 codicis
615 2423 700 2489 falsa
716 2425 795 2492 olim
817 2427 965 2489 narravit
983 2423 1192 2490 Gaisfordius
1221 2425 1333 2509 script.
1347 2421 1427 2485 Lat.
1451 2413 1528 2487 rei'

207 2532 301 2589 metr.
317 2546 356 2610 p.
375 2523 444 2605 XI,
463 2545 542 2606 cum,
553 2547 669 2589 versus
692 2548 791 2612 supra
813 2528 951 2613 scriptos
967 2533 1098 2590 secutus
1120 2546 1206 2589 anno
1222 2527 1283 2590 780
1305 2544 1379 2587 eum
1400 2523 1500 2610 scrip·

207 2632 276 2688 tum
294 2645 367 2688 esse
392 2622 526 2688 diceret.
569 2625 637 2690 illis
665 2631 751 2690 enim
785 2650 851 2692 non
872 2627 1014 2692 Parisini
1042 2626 1164 2690 codicis
1186 2627 1376 2712 scriptorem
1395 2645 1500 2708 genus

208 2731 241 2786 et
261 2743 380 2787 nomen
402 2744 495 2787 suum
515 2724 676 2809 profiteri,
703 2728 762 2792 sed
782 2730 890 2814 potius
912 2750 954 2792 ex
976 2727 1158 2814 antiquiore
1188 2724 1386 2811 exemplari,
1415 2725 1502 2812 quod

207 2821 263 2886 ille
284 2822 320 2886 in
340 2821 502 2887 Diomede
522 2825 697 2891 scribendo
719 2838 849 2892 secutus
870 2839 938 2911 est,
960 2850 1075 2893 versus
1102 2828 1317 2912 transcriptos
1341 2815 1413 2891 csse
1435 2849 1502 2891 non

207 2923 312 2990 solnm
334 2926 496 3012 scriptura
518 2925 657 3010 codicis,
687 2951 784 3016 quam
809 2937 940 2994 centum
968 2930 1038 2994 iero
1065 2930 1160 2993 annis
1187 2930 1401 2993 recentiorem
1429 2949 1502 2991 esse

206 3033 331 3090 certum
357 3035 424 3110 est,
456 3026 634 3092 sedetiam
659 3031 875 3116 ipsi·versus,
902 3032 937 3097 ni
959 3031 1071 3114 fallor,
1094 3030 1227 3112 docent,
1254 3029 1372 3116 quibus
1401 3031 1429 3093 si
1460 3029 1502 3093 de
1543 3065 1548 3077 ·

208 3149 268 3192 sua
289 3148 388 3214 opera
408 3126 560 3193 librarius
580 3131 771 3216 praedicare
793 3131 966 3215 voluisset,
989 3133 1048 3196 vix
1062 3153 1118 3196 cos
1136 3132 1170 3195 in
1189 3131 1298 3195 madia
1311 3139 1404 3217 parte
1426 3153 1501 3217 ope·

206 3231 253 3294 ris
281 3231 540 3316 interposuisset.
584 3233 694 3320 itaque
715 3233 797 3298 illud
812 3234 997 3322 exemplum
1013 3232 1099 3320 quod
1120 3231 1173 3296 hic
1191 3231 1344 3296 librarius
1368 3253 1500 3319 expres-

207 3333 265 3414 sit,
286 3352 351 3396 non
374 3332 480 3418 ipsum
495 3332 681 3399 Parisinum
696 3336 842 3401 codicem
857 3335 1057 3401 Wormatiac
1078 3333 1120 3397 ab
1136 3334 1265 3398 Adamo
1280 3332 1395 3397 Alaato
1414 3354 1500 3396 anno

207 3433 269 3496 780
289 3433 444 3518 scriptum
465 3455 537 3500 esse
554 3437 768 3523 conperimus.
813 3435 1006 3502 coenobium
1026 3443 1134 3498 autem
1150 3434 1391 3518 Masunvilare,
1413 3433 1500 3521 quod

206 3529 262 3595 ille
285 3530 349 3604 sibi
368 3554 388 3596 a
407 3534 531 3620 Karolo
553 3559 630 3623 rege
652 3537 764 3603 datum
785 3561 858 3604 esse
877 3537 1006 3616 scribit,
1035 3534 1198 3624 Hauptius
1222 3558 1262 3600 ea
1281 3537 1321 3602 de
1343 3540 1499 3601 retnter·

205 3642 340 3718 rogatus
361 3656 413 3698 me
434 3635 545 3701 docuit
572 3659 644 3704 esse
665 3643 898 3708 monasterium
925 3640 960 3703 in
981 3638 1112 3703 Aisatia
1132 3639 1241 3721 situm,
1270 3637 1358 3724 quod
1379 3639 1499 3702 Latino

206 3734 336 3798 nomine
356 3732 490 3800 abbatia
508 3738 542 3801 in
564 3738 652 3804 valle
667 3741 814 3807 Maeonis
829 3741 1006 3824 diceretur,
1029 3739 1128 3805 hodie
1148 3737 1321 3803 Masunval
1344 3737 1398 3802 vel
1412 3737 1499 3802 Mas·

205 3859 331 3903 sevaux
347 3861 366 3902 a
381 3835 502 3920 Gallis,
524 3838 744 3907 Masmiinster
758 3864 778 3905 a
794 3844 914 3907 nostris
932 3841 1146 3929 appellatum,
1168 3839 1372 3926 eundemque
1393 3839 1499 3905 locum

205 3936 447 4025 Mazoniwilare
466 3939 532 4004 dici
553 3942 588 4005 in
607 3942 841 4007 traditionibus
856 3941 1193 4029 Winenburgensibus
1215 3963 1235 4004 a
1246 3941 1384 4005 Zeussio
1400 3939 1498 4005 editis

204 4060 237 4102 n.
262 4041 322 4103 188
344 4062 377 4127 p.
405 4045 481 4126 1763
504 4042 608 4109 fuisse
630 4052 739 4108 autem
760 4042 837 4108 olim
857 4045 1091 4108 monasterium
1105 4045 1272 4127 virginum
1286 4041 1498 4127 Augustinia-

203 4160 319 4203 narum
327 4189 336 4224 ,
357 4144 450 4208 cuius
467 4144 676 4232 praefectura
688 4142 818 4209 Adamo
831 4143 908 4208 data
922 4165 993 4208 esse
1005 4143 1183 4209 videretur.
1228 4143 1317 4208 unde
1329 4142 1497 4207 Puteanus

203 4238 390 4307 Parisinum
411 4245 557 4311 codicem
570 4246 734 4332 acceperit
750 4268 816 4310 non
831 4254 973 4329 constat,
996 4244 1060 4309 nisi
1076 4245 1160 4310 forte
1175 4266 1249 4309 eum
1266 4241 1386 4307 librum
1400 4263 1497 4329 quem

187 4341 281 4428 ¹olim
302 4342 463 4411 Oorbeiae
491 4347 593 4411 fuisse
623 4345 750 4410 indicat
774 4346 989 4412 ‘breviarium
1017 4344 1166 4410 codicum
1189 4343 1454 4410 corbeiensium’
1477 4363 1498 4405 a

103 4487 106 4493 -
203 4440 291 4509 Maio
312 4446 436 4512 editum
463 4449 498 4512 in
520 4443 697 4533 Specilegii
718 4446 857 4511 Romani
877 4446 1041 4512 volumine
1067 4448 1180 4533 quinto
1207 4444 1250 4510 ab
1274 4443 1335 4509 hoc
1361 4467 1427 4510 non
1450 4444 1498 4508 di·

203 4566 334 4609 versum
356 4547 459 4613 fuisse
480 4545 642 4633 suspicari
659 4545 822 4611 volumus.
866 4549 902 4611 in
929 4571 968 4613 eo
989 4548 1076 4612 enim
1100 4568 1133 4632 p.
1156 4548 1215 4610 211
1244 4543 1437 4611 ‘Diomedis
1465 4553 1498 4609 et

202 4643 303 4711 Probi
324 4648 557 4732 grammatica'
586 4667 652 4711 uno
683 4647 796 4713 codice
823 4648 1049 4736 conprehensa
1069 4645 1221 4713 refertur.
1265 4667 1329 4734 quo
1351 4656 1499 4732 tempore

202 4744 284 4810 haee
303 4747 427 4834 scripta
448 4747 517 4813 sint
536 4768 602 4812 non
621 4746 783 4815 indicavit
796 4748 922 4832 Maius,
942 4748 1007 4813 nisi
1029 4746 1117 4835 quod
1138 4756 1172 4812 et
1191 4747 1278 4813 hunc
1299 4755 1332 4811 et
1352 4745 1497 4834 reliquos

199 4847 382 4933 priscarum
401 4846 678 4914 bibliothecarum
695 4848 823 4915 indices
843 4870 925 4937 quos
945 4847 1060 4915 eodem
1082 4847 1153 4915 loco
1175 4848 1327 4915 exhibuit
1351 4868 1396 4913 ex
1418 4846 1498 4914 dno·
