3114 5356
507 303 588 364 tttt.
612 304 752 365 Glidllbl.
780 305 852 366 tttt.
878 305 903 365 ll
1296 311 1359 372 437

1148 422 1230 473 4444
1244 423 1307 465 444.

636 507 714 550 cum
739 446 886 550 Turni
878 491 1018 552 iniuria
1042 502 1194 552 matrem

224 590 416 651 admonuit
438 588 586 650 ratibus
610 608 742 650 sacras
764 589 960 668 depellere
983 591 1121 652 taedas.

52 691 106 752 hic
129 691 205 751 enim
229 699 322 751 mater
345 710 412 752 cnm
433 691 532 751 Turno
559 691 658 752 444444
684 698 746 765 444,
780 709 855 768 quae
881 691 1080 768 ambiguitatis
1108 694 1243 756 vitandae
1269 718 1358 761 44444

52 789 187 871 separari
209 790 311 866 debet,
342 802 373 853 44
396 794 436 854 444
458 792 566 870 agnitio
595 810 669 870 quae
696 800 824 865 444444;Ι
841 800 870 851 44
894 810 1024 853 444444
1061 796 1189 857 taedas
1221 818 1358 921 expresse

20 891 231 970 relegendum,
252 902 283 953 ut
302 875 513 956 abominandas
535 892 689 967 ostendas,
709 900 742 953 ut

223 995 307 1055 auri
328 1014 435 1056 44444
458 996 583 1055 sames.

53 1095 162 1155 taedae
184 1096 262 1155 enim
286 1113 431 1172 nusquam
451 1094 662 1155 abominandae
684 1103 755 1155 sunt
781 1113 869 1172 quam
897 1095 956 1155 44444
982 1096 1031 1157 ubi
1056 1098 1190 1159 incendia
1217 1101 1358 1176 iacturae,

55 1196 196 1272 qnoniam
211 1192 225 1279 ΙΙ
240 1205 309 1257 4444
331 1197 413 1276 ipsae
435 1196 607 1258 naturaliter
624 1196 716 1257 sacris
736 1195 984 1258 adcommodatae.

612 1387 649 1428 ott
669 1386 812 1432 Postrvnts

12 1510 43 1551 44
143 1485 276 1547 Lectioni
296 1485 444 1564 posituras
466 1487 607 1547 accedere
629 1485 673 1546 444
695 1485 899 1546 distinctiones
924 1495 1056 1565 oportet,
1085 1506 1158 1566 quas
1180 1489 1282 1552 Graeci
1305 1489 1358 1553 ot-

56 1602 120 1656 σεις
147 1594 265 1660 vocant,
294 1603 369 1662 quae
392 1587 469 1647 inter
490 1588 646 1666 legendum
670 1589 739 1648 dant
762 1587 876 1665 copiam
897 1585 1017 1664 spiritus
1038 1589 1204 1664 4444444444,
1230 1585 1273 1653 ne'
1289 1613 1360 1655 con·

56 1687 219 1746 tinuatione
238 1687 362 1750 (44444444.
398 1690 453 1749 bae
474 1697 535 1751 tres
557 1698 641 1762 sunt,
663 1688 830 1761 distinctio,
850 1686 1070 1761 subdistinctio,
1094 1691 1189 1752 media
1210 1693 1359 1756 distinctio

57 1789 120 1848 sive
140 1807 222 1847 mora
243 1788 304 1862 444,
333 1799 365 1850 44
387 1790 562 1868 quibusdam
587 1790 716 1861 ridetur,
739 1787 899 1849 submedia.
945 1807 1069 1867 quarum
1093 1791 1244 1853 diversitas
1265 1795 1359 1857 tribus

58 1889 178 1968 punctis
198 1889 312 1949 diverso
334 1889 523 1969 locopositis
545 1891 698 1951 indicatur.
743 1888 891 1949 distinctio
914 1889 983 1966 quid
1005 1888 1072 1949 4444
1093 1893 1227 1971 apposito
1243 1904 1358 1973 ‚puncto

18 2008 44 2048 rs
58 1999 128 2050 nota
152 1990 224 2051 liniti
246 2009 352 2051 sensus
374 1991 418 2051 rel
441 1992 597 2070 pendentis
619 2009 710 2052 mora.
749 1998 821 2068 quot
842 1990 914 2050 locis
935 1989 1074 2067 ponitur?
1095 1990 1198 2053 tribus.
1229 1995 1359 2072 quibus?

58 2109 193 2166 summo,
221 2111 288 2153 cum
309 2110 430 2153 sensum
454 2093 604 2166 terminat,
634 2101 664 2153 et
691 2099 811 2151 vocatur
837 2089 932 2150 444444
961 2089 1103 2163 anonis,
1131 2110 1147 2152 a
1171 2093 1289 2156 Graecis
1312 2117 1356 2156 τε-

57 2191 138 2266 letam
160 2193 272 2266 medio,
296 2211 363 2253 cum
384 2193 549 2272 respirandi
568 2195 695 2274 spatium
715 2190 822 2268 legenti
845 2190 912 2261 dat,
939 2197 968 2249 44
988 2190 1095 2251 dicitur
1113 2192 1224 2268 media,
1247 2197 1357 2258 Graece

57 2289 149 2369 μέση;
186 2293 260 2367 imo,
295 2312 361 2353 cum
383 2293 519 2354 lectionis
550 2293 745 2371 interruptum
770 2298 901 2350 tenorem
925 2289 1003 2349 aliud
1026 2290 1121 2352 adbuc
1143 2293 1269 2357 44444444
1290 2316 1357 2358 sus-

57 2377 177 2469 pendit,
197 2402 226 2453 44
247 2403 401 2456 44444444
425 2394 543 2456 Graecis
560 2385 749 2472 ὑποστιγμή,
768 2410 785 2452 4
808 2390 917 2451 nostris
938 2389 1153 2453 subdistinctio.

22 2522 47 2570 44
144 2494 299 2556 9444444444
321 2505 366 2556 est
387 2495 494 2556 silentii
516 2504 585 2557 nota
608 2514 675 2556 cum
698 2510 787 2553 44444
809 2490 980 2565 terminato,
1006 2490 1055 2551 ubi
1080 2500 1124 2553 444
1145 2494 1269 2558 libemm
1292 2516 1356 2559 ces·

62 2613 127 2654 sare
145 2594 301 2674 prolixius,
323 2597 362 2656 444
384 2605 417 2656 44
437 2606 541 2658 444444
562 2598 607 2658 444
628 2596 770 2673 indigeat,
793 2599 826 2653 ut
847 2599 891 2651 444

227 2697 375 2759 numina
395 2697 496 2758 44444
518 2704 706 2777 premunt,
729 2691 880 2791 mortali
900 2710 1099 2770 urguemur
1119 2696 1161 2756 ab
1183 2697 1293 2758 boste

225 2798 412 2861 mortales.
827 2805 831 2811 '

62 2907 91 2957 44
113 2906 159 2956 444
178 2898 264 2960 444444
286 2908 354 2961 nota
377 2907 517 2979 punctum
537 2918 625 2979 supra
647 2917 765 2959 versum
785 2899 820 2959 ad
844 2904 931 2977 caput
947 2896 1060 2956 44444444
1076 2899 1214 2976 positum.
1253 2902 1356 2962 distin·

22 3025 46 3063 44
61 3018 152 3077 gnere
171 3007 266 3059 autem
288 3008 404 3079 oportet
425 3008 492 3060 ante
515 2998 733 3073 similitudines,
762 3017 836 3077 qtras
857 2998 959 3059 Graeci
982 2992 1155 3075 παραβολάς
1176 3010 1298 3074 vocant,
1327 3013 1356 3062 et

23 3100 27 3109 '
61 3108 129 3160 4444
155 3099 281 3160 44444444
309 3091 537 3172 ἀνταποδόσεις,
576 3107 606 3160 44
633 3099 658 3159 44
687 3099 803 3176 quando
826 3119 842 3159 a
865 3116 991 3178 persona
1014 3098 1050 3158 ad
1070 3118 1227 3178 personam
1248 3103 1356 3164 transi-

60 3210 110 3262 tus
133 3200 221 3261 444444
241 3202 351 3274 444444,
381 3210 409 3261 44
430 3210 498 3262 4444
520 3208 571 3260 444
590 3200 845 3272 coniunctionem,
874 3200 899 3259 si
920 3199 1037 3276 quidem
1056 3219 1117 3261 non
1140 3221 1175 3263 ex
1196 3203 1355 3264 abundanti

60 3303 195 3383 ponitur,
218 3310 246 3362 et
268 3311 334 3362 ante
356 3322 457 3363 casum
479 3302 658 3371 vocativum,
681 3311 711 3361 et
729 3307 797 3360 ante
820 3300 888 3371 sed,
916 3308 945 3360 et
966 3310 1034 3362 ante
1056 3304 1211 3379 quoniam,
1238 3313 1267 3365 et
1287 3313 1356 3366 ante

60 3415 133 3466 44444
160 3410 295 3465 cessante
326 3403 453 3476 reddita,
491 3404 543 3463 sed
570 3402 772 3483 superioribus
800 3402 991 3480 praepositis,
1026 3412 1145 3483 etpost
1171 3405 1357 3481 interrogati·

17 3531 44 3571 ao
58 3527 141 3580 vam,
169 3514 201 3566 ut

228 3604 311 3681 quis
333 3603 438 3676 deus,
460 3625 477 3663 o
497 3604 639 3678 blusao,
663 3606 724 3683 qui
749 3605 857 3665 nobis
879 3605 1029 3665 extudit
1050 3602 1185 3665 4444444

228 3705 322 3765 unde
344 3723 435 3764 nova
456 3705 653 3782 ingressus
676 3706 861 3767 bominum
882 3706 1122 3784 experientia
1146 3702 1268 3783 cepit?

59 3806 108 3865 bic
131 3805 209 3864 enim
231 3814 348 3884 oportet
366 3806 545 3884 distinguere
567 3815 596 3866 44
617 3807 661 3867 444
682 3807 800 3878 interm,

131 3955 231 4021 44444]
255 3960 333 4022 Verp.
353 3958 419 4009 Aen.
439 3959 511 4010 Vtttt
531 3959 581 4008 408
667 3961 781 4008 2444444
794 3959 880 4008 ΑΒΜ
960 3958 1049 4008 rhedas
1069 3956 1154 4006 ABM
1232 3957 1354 4007 4444444444

58 4027 83 4074 Α
171 4025 269 4091 dauri]
291 4028 553 4093 Verpden.11157
640 4027 728 4077 74444
746 4043 821 4090 quam
840 4029 865 4077 B
953 4027 986 4077 to
1002 4027 1177 4077 distinctiones
1195 4040 1213 4083 5
1229 4027 1354 4077 dictiones

57 4094 158 4144 ABM:
177 4096 213 4158 es.
232 4098 370 4161 Donatp.
391 4097 458 4147 1742
546 4104 644 4161 oportet
661 4110 678 4152 5
696 4111 730 4161 op
731 4098 789 4145 ortit
807 4096 892 4145 ΑΒΜ
972 4094 1052 4146 thesis
1070 4096 1155 4146 ΑΒΜ
1238 4080 1268 4146 44
1289 4098 1354 4147 inter

58 4164 196 4228 legendum
219 4179 236 4221 ς
260 4166 423 4231 intellegendi
446 4166 534 4215 ΑΒΜ
616 4163 648 4213 14
670 4112 902 4215 4444444444-19
923 4164 1098 4215 subdistinctio
1125 4167 1202 4217 Μαω.
1228 4166 1353 4216 Verona

54 4251 84 4297 p.
107 4232 173 4282 4942
244 4235 306 4296 qnid
322 4244 360 4284 444
373 4235 424 4284 ΑΒ
443 4235 544 4299 quidem
558 4232 589 4282 M
659 4232 691 4283 15
706 4233 774 4296 qnod
793 4234 855 4283 loeis
868 4232 953 4282 ΑΒΜ
1022 4232 1055 4283 144
1071 4250 1087 4282 4
1104 4237 1204 4299 graecis
1223 4235 1282 4284 44444
1297 4230 1354 4281 ΑΜ

57 4303 160 4366 sgreci
179 4302 276 4366 (grecis
294 4302 322 4363 44)
343 4303 417 4352 stelin
435 4304 461 4353 B
549 4302 581 4353 18
605 4317 675 4351 mese
692 4301 775 4351 ΑΒΜ
863 4301 894 4350 49
919 4303 1064 4366 ypostignre
1086 4302 1138 4352 ΑΒ
1155 4310 1307 4368 ypostygme
1324 4299 1357 4348 Μ

127 4369 163 4420 29
180 4371 264 4420 silenti
281 4372 315 4421 M
389 4373 520 4422 4444444444
538 4370 619 4422 ΑΒΜ
694 4370 729 4420 22
746 4371 847 4419 nomina
865 4371 898 4419 B.
926 4371 1006 4434 Verg.
1026 4371 1091 4421 Aen.
1110 4369 1134 4418 X
1152 4368 1204 4421 3744
1278 4383 1353 4434 prae-

56 4446 126 4487 444444
145 4438 246 4488 ΒΜ·
289 4440 323 4489 25
344 4443 435 4518 oportit
453 4442 505 4492 ΑΒ
586 4439 721 4504 parabolas
740 4438 825 4488 ΑΒΜ
905 4436 939 4487 244
958 4437 1069 4488 redditas
1087 4437 1253 4502 antapodosis
1271 4435 1355 4487 ΑΒΜ

31 4506 199 4566 ,4444444444
217 4506 265 4556 boc
282 4518 320 4558 est
338 4498 542 4567 ἀνταποδόσεις
560 4509 697 4559 Caesarius
777 4507 810 4556 27
831 4504 885 4586 put]
905 4514 1026 4562 autem5
1106 4507 1140 4558 29
1158 4515 1183 4556 44
1199 4513 1258 4554 ante
1276 4507 1354 4555 inter·-

56 4577 202 4640 rogatiuum
219 4576 249 4624 Α
267 4588 292 4626 et
309 4585 366 4626 onte
382 4578 591 4643 interrogetiuum
609 4575 680 4625 BM:
709 4583 733 4624 et
755 4584 814 4624 ante
831 4575 1055 4638 interrogetinem‚
1080 4583 1108 4624 nt
1126 4574 1198 4624 Musa
1215 4573 1278 4625 milri
1294 4589 1353 4622 444-

56 4658 100 4691 sas
124 4657 252 4701 memore,
278 4660 328 4708 quo
352 4647 454 4695 numine
478 4647 561 4707 laeso,
591 4654 616 4694 et
632 4652 692 4709 post
708 4643 904 4707 interrogation,
928 4651 955 4691 nt
972 4642 1030 4705 quis
1053 4658 1110 4708 sqq
1129 4657 1147 4699 5
1232 4640 1264 4692 34
1285 4639 1368 4706 qnis]'

59 4712 259 4829 4144ρὲ394444
265 4712 312 4762 4444
327 4711 378 4763 345
449 4711 472 4779 4]
493 4713 593 4769 henes
664 4711 721 4774 quis
739 4711 848 4766 4444444
916 4709 951 4760 32
967 4723 1060 4760 nouem
1076 4711 1161 4761 ΑΒΜ
1229 4711 1312 4777 coepit
1328 4710 1356 4759 B

179 4776 272 4842 oportit
289 4778 375 4830 ΑΒΜ
533 4806 536 4813 ·
