3114 5356
208 295 267 357 170
772 288 928 399 emersu

256 408 447 464 prro-or.
1282 401 1433 456 preren

581 498 745 541 oecurnxrro
768 496 850 539 remu
872 495 975 538 onoms
997 493 1114 536 sacrum

289 582 415 644 Verbum
440 580 590 660 pereum
617 581 728 643 ordinis
757 579 876 642 secundi
904 579 1021 640 actirmn
1046 577 1185 658 temporis
1215 576 1352 639 instantis
1371 582 1487 643 numeri

205 668 502 764 singularisexerceo
528 702 646 746 exerces
676 688 791 744 exercet
817 688 846 742 et
868 680 1011 762 pluraliter
1035 696 1204 740 exercemus
1233 679 1376 742 exercetis
1403 700 1488 744 exer-

205 795 288 863 cent;
324 786 472 867 praeteriti
499 786 652 866 inperfecti
680 782 865 857 exercebam,
898 779 1012 861 perfecti
1039 779 1169 852 exercui,
1206 779 1487 863 plusquamperfecti

205 909 407 966 exercueraxt,
436 886 524 948 futuri
544 887 694 948 exercebo.
739 884 903 966 imperative
929 881 1060 944 instantis
1082 901 1199 955 exerce,
1226 882 1315 944 futuri
1339 892 1512 947 exercetos

204 992 330 1074 optabra
356 990 492 1054 instantis
515 998 545 1049 et
574 988 725 1068 inperfecti
753 996 786 1048 ut
811 1003 981 1059 exercerem,
1013 985 1134 1064 perfecti
1158 985 1268 1046 utinam
1294 987 1486 1063 exercuerim,

203 1091 479 1177 plusquamperfecti
496 1098 529 1152 ut
543 1092 748 1165 exercuissem,
762 1089 853 1152 futuri
864 1088 968 1151 utinam
982 1106 1140 1150 exerceam.
1176 1087 1358 1149 subiunctiva
1372 1089 1487 1151 instan-

203 1198 242 1259 tis
253 1196 395 1277 temporis
410 1213 477 1257 curn
489 1212 655 1269 exerceam,
672 1194 821 1274 praeteriti
834 1191 989 1271 inperfecti
1000 1208 1066 1252 cum
1080 1208 1261 1265 exercerem,
1280 1189 1404 1269 perfecti
1417 1210 1486 1253 eum

143 1368 145 1372 Α
204 1298 397 1373 exercuerim,
422 1294 697 1378 plusquamperfecti
719 1313 784 1356 cum
808 1292 1011 1367 exercuissem,
1032 1292 1122 1355 tutum
1141 1308 1208 1353 cum
1230 1310 1398 1355 exercuero.
1440 1294 1486 1355 irr-

203 1401 285 1463 flnita
311 1398 446 1460 instantis
470 1398 561 1460 activa
592 1374 742 1471 exercere,
773 1393 920 1478 praeteriti
941 1395 1114 1469 exercuisse,
1150 1393 1238 1455 futuri
1259 1394 1418 1456 exercitum
1441 1396 1485 1457 ire
1499 1416 1524 1457 ro

203 1502 397 1565 exerciturum
419 1518 495 1560 esse.
539 1498 689 1578 participia
711 1498 847 1561 instantis
872 1517 1018 1573 exercens,
1041 1496 1129 1558 futuri
1145 1494 1333 1557 exerciturus.
1350 1492 1364 1581 ΙΙ
1378 1498 1485 1578 supina

203 1604 247 1666 vel
270 1601 405 1665 adverbia
433 1599 585 1661 exercendi
612 1599 773 1661 exercendo
801 1598 988 1661 exercendum
1009 1599 1164 1660 exercitum
1185 1597 1321 1660 exercitu.
1366 1601 1484 1682 passive

202 1705 338 1769 instantis
366 1703 505 1784 temporis
530 1703 683 1764 indicativo
707 1703 795 1763 morlo
829 1720 962 1763 exerceor
987 1701 1126 1764 exerceris
1154 1708 1305 1762 exercetur
1333 1701 1486 1783 plmaliter

203 1826 372 1871 exercemur
385 1804 560 1867 exercemini
575 1812 760 1880 exercentur,
783 1805 898 1885 passiva
915 1803 1058 1885 inperfecti
1074 1802 1241 1877 exercebar,
1263 1804 1386 1882 perfecti
1402 1825 1486 1868 exer·

201 1912 277 1973 citus
296 1928 380 1983 sum,
403 1906 679 1989 plusquamperfecti
701 1907 846 1969 exercitus
865 1925 943 1969 eram
962 1909 1084 1979 fueram,
1107 1905 1194 1967 futuri
1216 1906 1383 1968 exercebor.
1428 1908 1485 1970 irn-
1501 1926 1525 1968 rs

201 2011 327 2095 perxtiva
349 2008 463 2091 passiva
483 2009 622 2090 temporis
644 2008 779 2069 instantis
797 2027 931 2071 exercere
954 2016 1131 2083 exerceatur,
1162 2007 1249 2069 futuri
1275 2019 1426 2072 exercetor
1452 2019 1484 2072 tu

200 2122 350 2177 exercetor
366 2112 424 2174 ille.
444 2108 449 2196 Ι
468 2130 485 2171 o
538 2111 593 2172 tiva
614 2111 729 2192 passiva
746 2109 882 2173 instantis
906 2121 935 2173 ct
951 2111 1096 2193 inperfecti
1114 2118 1146 2172 ut
1165 2130 1331 2187 exercerer,
1359 2116 1485 2194 perfecti

200 2223 233 2279 ut
250 2215 393 2278 exereitus
417 2215 472 2276 sim
543 2213 612 2288 rim,
642 2211 918 2293 plusquamperfecti
940 2222 973 2275 ut
993 2214 1132 2276 exereitus
1151 2232 1247 2274 essem
1267 2215 1404 2290 fuissem,
1438 2219 1485 2281 fu-

201 2317 257 2379 turi
273 2324 304 2379 ut
323 2336 468 2380 exercear.
503 2315 685 2378 subiunctira
702 2315 817 2395 passiva
839 2317 978 2397 temporis
997 2316 1125 2378 instantis
1147 2335 1213 2377 cunr
1236 2335 1381 2394 exercear,
1397 2340 1484 2400 prae·

200 2418 277 2483 teriti
301 2419 453 2501 inperfecti
479 2438 545 2481 curn
573 2435 739 2508 exercerer,
772 2417 892 2497 perfecti
922 2436 988 2480 cum
1010 2420 1147 2481 exercitus
1167 2421 1222 2481 sim
1243 2419 1363 2495 fuerim,
1400 2422 1484 2502 plus·
1497 2447 1527 2490 se

198 2523 408 2603 quamperfecti
432 2539 499 2584 cum
521 2521 665 2583 exercitus
684 2539 780 2581 essem
800 2518 939 2593 fuissem,
963 2519 1047 2583 futuri
1067 2540 1130 2583 curn
1152 2522 1295 2584 exercitus
1316 2542 1367 2584 cro
1388 2525 1483 2589 fuero.

111 2653 117 2662 ·
198 2624 311 2687 infinita
333 2625 467 2686 instantis
488 2622 604 2703 passiva
626 2623 769 2696 exerceri,
804 2622 951 2702 praeteriti
972 2624 1123 2686 exereitum
1144 2643 1225 2699 csse,
1258 2626 1347 2688 futuri
1372 2630 1485 2691 exerci-

199 2735 261 2789 tum
282 2725 325 2787 iri.
363 2723 514 2806 partieipia
535 2723 683 2804 praeteriti
705 2723 813 2804 passivi
836 2725 995 2799 exercitus,
1015 2726 1098 2787 futuri
1120 2727 1308 2789 exercendus.
1353 2728 1485 2809 appella·

197 2828 240 2889 tio
261 2827 443 2903 exercitatio;
466 2844 571 2888 nomen
592 2823 772 2886 exercitator.

283 2930 315 2991 ln
344 2928 472 2990 secundo
501 2927 602 2988 orrline
629 2926 841 2989 observandum
868 2934 914 2987 est
942 2927 1020 3005 quocl
1048 2931 1169 2992 semnrla
1195 2944 1321 3011 persona
1343 2931 1483 2996 instantis
1498 2955 1528 2996 es

198 3050 252 3112 per
274 3051 306 3093 es
326 3030 409 3105 facit,
443 3040 475 3092 ut
497 3049 618 3092 exerceo
641 3048 774 3105 exerces,
807 3048 883 3108 quae
911 3047 928 3088 e
954 3029 1048 3091 littera
1076 3052 1124 3112 per
1147 3041 1236 3095 totam
1259 3035 1485 3098 declinationem

197 3131 293 3194 media
321 3131 483 3206 invenitur,
517 3131 606 3193 futuri
633 3133 727 3213 prima
754 3153 880 3215 persona
902 3151 994 3210 aeque
1016 3141 1048 3194 ut
1073 3134 1100 3195 in
1119 3136 1213 3215 primo
1236 3136 1338 3198 ordine
1360 3158 1414 3219 per
1433 3139 1483 3214 bo,

199 3243 230 3297 ut
252 3234 409 3309 exercebo,
438 3234 563 3315 optativo
586 3253 666 3311 eam,
695 3236 875 3298 subiunctira
903 3254 945 3297 ro.
990 3236 1172 3316 imperativus
1191 3238 1296 3300 modus
1321 3241 1483 3304 elitteram

196 3337 286 3399 lrabet
303 3337 416 3400 sublata
437 3357 467 3411 s,
491 3345 521 3398 ut
544 3356 661 3416 exerce3
685 3340 731 3400 cui
754 3340 877 3419 inpones
899 3358 931 3399 re
952 3339 1062 3400 litteras
1082 3348 1109 3399 ct
1133 3340 1220 3401 facies
1241 3341 1429 3419 infinitivum,
1453 3358 1485 3409 ut

197 3458 341 3502 exercerc.
356 3437 370 3524 Η
1002 3470 1005 3475 ·
1497 3464 1526 3506 so

587 3566 750 3609 nrcxrnxrro
772 3567 853 3610 romu
874 3567 984 3610 ouomrs
1005 3567 1093 3610 runnu
1176 3558 1181 3567 '

280 3651 406 3713 Verbum
433 3650 573 3712 frnitivum
598 3649 708 3711 ordinis
729 3651 806 3712 tertii
828 3651 952 3712 activum
976 3652 1112 3730 temporis
1132 3652 1267 3715 instantis
1289 3656 1402 3716 numeri
1423 3638 1498 3719 siu-¹

106 3826 110 3831 ¹
195 3752 303 3834 gularis
326 3771 425 3833 premo
445 3753 555 3834 premis
581 3753 687 3832 premit
712 3760 741 3814 et
767 3753 917 3834 pluraliter
937 3755 1095 3837 premimus
1114 3753 1245 3835 premitis
1265 3767 1417 3835 premunt,
1439 3759 1484 3819 iu·

195 3855 317 3936 perfecti
343 3855 526 3935 premebam,
564 3852 685 3935 perfecti
718 3857 829 3935 pressi,
866 3856 1141 3938 plusquarnperfecti
1174 3874 1355 3937 presseram,
1394 3860 1482 3922 futuri

195 3976 335 4039 premam.
379 3955 547 4037 imperativa
568 3957 703 4019 instantis
726 3977 826 4038 preme
848 3966 977 4037 premat,
1009 3960 1096 4021 frrtrui
1111 3959 1243 4040 premite.
1288 3960 1413 4041 optativa
1438 3962 1481 4023 in·
1495 3988 1523 4028 as

196 4058 300 4121 stantis
321 4065 350 4118 et
368 4059 516 4140 praeteriti
541 4057 693 4140 inperfecti
716 4066 749 4123 ut
772 4078 951 4139 premerem,
989 4062 1107 4143 perfecti
1134 4070 1166 4123 ut
1192 4062 1366 4143 presserim,
1401 4064 1483 4145 plus-

196 4160 405 4242 quamperfeetl
428 4168 462 4222 et
486 4162 676 4242 pressissem,
707 4161 795 4224 futuri
817 4169 850 4223 ut
870 4183 1008 4243 premam.
1054 4165 1233 4227 subiunctiro
1257 4165 1394 4227 instantis
1416 4186 1483 4229 cum

195 4282 341 4344 premam,
361 4263 509 4343 praeteriti
530 4264 683 4344 inperfecti
705 4283 770 4325 cum
791 4286 969 4347 premerem,
992 4270 1110 4348 perfecti
1127 4288 1191 4330 erun
1210 4269 1383 4348 pressciim,
1403 4270 1485 4352 plus-

194 4365 403 4445 quamperfecti
425 4384 491 4427 cum
512 4367 704 4446 pressissem,
730 4369 819 4431 futuri
842 4388 908 4431 cunr
931 4389 1076 4452 pressero.
1120 4372 1232 4433 infinita
1254 4372 1390 4434 instantis
1411 4381 1485 4433 tenr-

196 4568 208 4618 1
245 4569 302 4619 Nll
318 4576 366 4626 ut
406 4569 574 4645 Decliuxtio·

217 4743 262 4803 ,2
276 4741 400 4792 finitivum
418 4760 463 4796 om.
479 4744 505 4794 N
575 4742 805 4809 {imperfectione
824 4745 850 4794 N
920 4748 953 4800 10
971 4748 1110 4800 exereitum
1125 4750 1162 4800 irc
1180 4751 1320 4801 exercitum
1335 4767 1393 4804 esse
1407 4750 1433 4800 N

194 4807 227 4860 32
243 4813 352 4866 actirrum
371 4818 395 4861 et
412 4815 543 4881 pessiuum
562 4815 644 4867 deleto
661 4831 685 4866 o.
702 4815 834 4880 pessinum
849 4813 876 4863 N
943 4817 975 4870 37
994 4826 1023 4870 ut
1039 4833 1085 4870 orn.
1102 4819 1129 4869 N
1196 4827 1224 4870 ut
1241 4835 1287 4870 om.
1305 4821 1333 4869 N
