3114 5356
139 268 201 333 348
698 262 881 326 blottttttrs

139 382 397 518 inlliiitiiowuiodo
423 454 484 514 sire
512 459 655 532 perpetuo
684 451 796 512 adiecta
823 449 859 511 ad
890 444 1092 529 imperativum
1122 448 1246 510 modum
1276 469 1310 512 re
1337 450 1439 530 syllaba

139 558 347 631 terruinantur,
370 564 402 616 ut
423 573 486 616 arua
506 573 619 629 amare,
642 562 727 615 canta
747 559 875 613 cantare.
913 551 1025 631 primae
1047 551 1267 629 coniugatiouis
1290 553 1379 614 rerba
1398 554 1438 614 iu·

139 657 262 720 dicatiso
282 656 369 717 modo
392 665 525 736 ternpore
545 656 707 735 inperfecto
728 653 828 735 specie
846 653 1011 713 inchoativa
1029 652 1142 713 adiecta
1166 651 1204 712 ad
1234 653 1435 734 imperativum

138 760 259 822 modum
281 757 347 818 bam
371 756 479 836 syllaba
502 755 709 829 terminantur,
738 762 770 815 ιιι
791 773 857 816 ama
881 754 1031 830 amabam,
1059 763 1145 815 canta
1170 746 1340 815 cantabam.
1383 755 1435 834 pri

138 880 203 922 mae
225 858 438 937 coniugatiouis
460 857 546 918 rerba
568 856 832 919 indicativo-modo
858 864 992 936 tempure
1018 856 1150 936 perlecto
1179 855 1282 935 specie
1307 854 1456 916 absolutas

138 963 250 1024 adiecta
269 960 305 1022 ad
328 959 531 1039 imperativum
552 958 672 1019 modum
694 959 720 1020 vi
739 957 849 1043 syllaba
869 957 1079 1031 tenninantur‚
1102 965 1134 1018 ut
1156 974 1221 1017 ama
1243 956 1350 1017 amavi.
1389 955 1436 1017 sed

138 1058 321 1126 consuetudo
344 1080 433 1141 saepe
454 1058 625 1121 brevitatem
640 1060 782 1139 adpetens
799 1078 816 1119 a
837 1057 964 1119 litteram
982 1057 1130 1119 subtrahit
1149 1065 1179 1118 et
1199 1058 1209 1118 i
1227 1056 1265 1117 ab
1288 1076 1308 1118 ιι
1331 1057 1437 1119 disiun

138 1166 197 1241 git,
217 1173 251 1226 ut
271 1173 342 1224 tono
361 1162 458 1234 tonui,
478 1161 580 1222 intono
601 1159 729 1232 intonui,
754 1167 786 1220 ut
807 1159 885 1239 apud
907 1159 1065 1237 Vergilium

305 1262 476 1324 intonuit
497 1261 650 1321 laevum.

138 1365 250 1444 primae
278 1362 491 1439 coniugationis
517 1361 603 1421 rerba
629 1360 784 1422 indicativo
806 1360 894 1421 modo
922 1369 1053 1440 ternpore
1079 1359 1238 1439 praeterito
1269 1358 1465 1439 plusquam-u

139 1465 272 1543 perlecto
297 1462 397 1541 specie
425 1470 526 1522 exacta
552 1461 673 1523 adiectis
695 1462 731 1522 ad
750 1462 952 1542 imperativum
975 1461 1093 1522 modum
1117 1479 1216 1521 reram
1238 1461 1361 1540 syllabis
1381 1472 1433 1523 ter

61 1550 70 1559 ⁸
139 1563 303 1635 minantur,
326 1571 358 1623 ut
380 1580 445 1622 ama
467 1581 640 1623 amaveram.

211 1662 377 1724 ·Sccundae
399 1663 612 1741 coniugatiouis
630 1665 717 1725 verba
739 1664 894 1724 indicativo
916 1663 1002 1724 modo
1022 1672 1152 1742 tempore
1172 1664 1324 1743 praesenti
1345 1665 1433 1744 prima

139 1785 266 1848 persona
288 1784 304 1824 e
326 1763 422 1824 littora
443 1772 510 1826 aute
532 1785 550 1827 o
573 1767 781 1840 terminantur,
807 1773 838 1826 ut
860 1762 949 1825 sedeo
970 1783 1092 1840 moneo,
1124 1773 1247 1844 excepto
1270 1784 1331 1826 uno
1350 1765 1432 1825 verbo

138 1868 234 1929 ethis
257 1882 384 1946 quaeex
407 1882 442 1924 eo
465 1869 617 1946 conposita
638 1875 721 1941 suut,
755 1886 830 1945 quae
856 1865 1016 1926 secuudum
1047 1865 1164 1926 tertium
1188 1867 1324 1927 ordinem
1350 1866 1463 1927 deciis

138 1979 261 2043 uantur,
284 1988 319 2028 eo
341 1985 442 2027 veneo.
487 1970 634 2030 secundae
656 1968 870 2046 coniugationis
894 1967 977 2027 verba
1002 1967 1171 2046 imperativo
1195 1967 1285 2027 modo
1305 1975 1432 2047 ternpore

138 2070 287 2150 praesenti
314 2070 442 2130 secunda
472 2088 597 2148 persona
623 2091 639 2131 e
664 2072 760 2131 littera
782 2070 924 2149 producta
947 2069 1155 2142 terminantur,
1189 2077 1224 2128 ut
1243 2069 1335 2129 sedeo
1358 2068 1432 2139 sede,

139 2190 245 2232 moneo
270 2190 366 2233 moue.
411 2172 558 2233 secundae
586 2172 798 2249 coniugationis
825 2174 914 2236 rerba
938 2170 1112 2253 promissivo
1141 2169 1229 2230 modo
1260 2170 1374 2231 adiecta
1399 2169 1432 2230 ad

140 2273 341 2353 imperativum
364 2274 484 2335 modum
513 2274 551 2333 bo
581 2270 688 2349 syllaba
717 2275 923 2348 tenuinantur,
956 2279 988 2332 ut
1016 2271 1085 2332 sede
1107 2270 1233 2341 sedebo,
1265 2290 1355 2332 arrone
1375 2290 1433 2331 mo-

139 2375 224 2436 nebo.
271 2375 418 2436 secundae
448 2359 661 2450 coniugatiouis
687 2373 772 2434 rerba
800 2376 950 2437 infinitivo·
967 2372 1054 2433 modo
1082 2371 1194 2432 adiecta
1222 2371 1258 2431 ad
1289 2367 1464 2453 imperati-rr

138 2496 206 2538 rum
225 2477 343 2538 modum
364 2495 396 2536 re
419 2474 528 2553 syllaba
550 2480 686 2533 manente
709 2474 899 2550 productione
917 2474 1127 2547 terminantur,
1148 2482 1181 2533 ut
1202 2492 1291 2534 mone
1306 2493 1431 2545 mouere,

139 2579 209 2640 sede
235 2579 347 2639 sedere.
392 2575 540 2636 secundae
562 2572 775 2649 coniugationis
797 2575 883 2633 verba
907 2573 1061 2635 indicativo
1082 2576 1170 2636 modo
1196 2583 1331 2655 tempore
1353 2596 1432 2657 prae·

138 2681 224 2740 terito
246 2679 377 2758 perlecto
392 2672 407 2759 ΙΙ
422 2674 520 2756 specie
542 2672 676 2735 absoluta
699 2684 735 2760 ot
749 2681 849 2734 exacta
867 2673 1010 2736 interdum
1031 2678 1157 2739 retinent
1177 2679 1302 2738 sormam
1321 2679 1432 2755 geneds

138 2781 199 2853 sui,
226 2788 258 2839 ut
286 2778 369 2838 virleu
396 2776 469 2848 vidi,
499 2795 604 2836 moueo
626 2777 743 2849 mouui,
771 2774 918 2836 interdum
940 2775 1060 2837 sormam
1082 2780 1199 2856 regmine
1222 2798 1281 2839 nou
1306 2787 1429 2851 servant,

139 2880 190 2940 scd
214 2880 311 2958 potius
334 2877 536 2938 consuetudini
560 2876 603 2936 vel
627 2877 790 2956 euplrouiae
811 2894 898 2954 quam
919 2875 1024 2936 rationi
1040 2879 1242 2939 succumbmrt
1284 2882 1465 2942 resolvas-²⁵

139 2988 187 3041 tur
206 2979 282 3038 oniru
305 2979 336 3039 in
361 2979 483 3039 sormam
505 2976 688 3058 passivorum
710 2985 740 3037 et
760 2976 969 3056 deponentium
992 2977 1043 3037 sio.
1088 2981 1120 3038 ιιι
1141 2981 1216 3040 euim
1239 2981 1276 3041 ab
1300 3002 1335 3043 eo
1358 2981 1431 3061 quod

139 3088 185 3141 est
205 3080 298 3140 audeo
321 3098 410 3141 ausus
431 3098 497 3142 sum
520 3101 552 3140 es
575 3088 635 3155 est,
668 3080 695 3140 iu
724 3087 825 3140 exacta
849 3057 949 3157 specie
972 3098 1062 3139 ausus
1083 3098 1160 3138 eram
1183 3100 1248 3143 eras
1269 3092 1341 3143 erat
1389 3102 1432 3143 sr-

139 3181 252 3241 cuudae
281 3182 494 3260 coniugatiuuis
523 3183 609 3242 rerba
634 3181 787 3242 irulirativo
816 3180 903 3241 modo
929 3189 1061 3260 tempore
1087 3181 1243 3259 praeterito
1271 3184 1433 3263 iuperlerto

139 3283 237 3362 specie
262 3283 424 3343 inchoativa
449 3283 560 3344 adiecta
582 3284 618 3344 ad
643 3283 844 3363 imperativum
867 3281 984 3343 ιιιοιιιιιιι
1008 3282 1074 3342 lauru
1101 3281 1208 3360 syllaba
1232 3286 1431 3357 terminantur,

139 3392 170 3444 ut
192 3383 262 3445 sede
285 3384 431 3445 sedebam.
476 3393 545 3445 suut
567 3386 707 3463 qrraedaur
731 3384 816 3445 verba
840 3385 869 3443 iu
892 3382 999 3460 quibus
1026 3391 1136 3444 tautum
1157 3384 1327 3463 imperativo
1348 3387 1466 3446 modom

137 3486 317 3547 declinamus
330 3485 359 3546 iu
373 3486 501 3548 secunda
524 3487 673 3546 dumtaxat
695 3505 818 3565 persuua
843 3485 1028 3563 singulariter
1050 3495 1078 3545 et
1101 3485 1266 3564 pluraliter,
1291 3489 1359 3548 item
1372 3490 1433 3548 iuli·

138 3587 225 3646 uitiro
259 3589 345 3648 modo
374 3585 537 3666 praesentis
566 3594 677 3646 tanturm
707 3588 856 3665 temporis.
902 3594 931 3646 et
963 3594 1032 3648 suut
1058 3587 1131 3646 baec
1160 3586 1232 3657 duo,
1266 3586 1433 3666 imperativo

136 3687 224 3746 modo
243 3707 295 3746 ave
318 3689 412 3761 salve,
436 3696 465 3747 ot
486 3688 638 3766 pluraliter
658 3697 740 3748 avete
763 3689 886 3763 salvete3
912 3689 981 3749 item
1002 3686 1143 3746 infinitivo
1165 3688 1253 3746 ruodo
1272 3690 1434 3766 praesentis
1463 3746 1465 3750 ,

137 3788 277 3866 temporis
297 3807 381 3848 avere
404 3796 432 3847 te
455 3787 519 3848 volo
542 3796 572 3847 et
592 3808 643 3847 vos
668 3798 697 3848 et
720 3788 802 3861 illos,
827 3790 959 3850 similiter
980 3788 1099 3849 salvere.
1138 3787 1225 3848 babet
1242 3789 1300 3849 lroc
1318 3792 1434 3851 ιἰϊΙιιιιιι

137 3895 166 3945 et
188 3888 372 3960 adverbium,
396 3909 461 3950 cum
485 3889 609 3948 dicimus
631 3889 725 3961 salve,
755 3890 783 3948 id
806 3900 851 3951 est
874 3891 1003 3951 ‘satisne
1026 3888 1103 3948 salvo
1125 3886 1241 3947 ‹lorrri'l’
1446 3906 1468 3943 :u

221 3988 335 4047 Tertiae
358 3973 571 4066 coniugatiouis
593 3998 745 4068 correptae
767 3992 854 4053 verba
881 3992 1034 4053 indicativo
1067 3990 1154 4049 ruudo
1187 3998 1320 4069 tempore
1351 4011 1433 4071 prae-

135 4088 210 4149 seuti
234 4088 326 4166 prima
348 4107 473 4166 persona
496 4098 546 4150 aut
567 4109 585 4147 o
608 4088 701 4150 littera
724 4090 802 4152 uulla
826 4095 879 4154 alia
903 4091 1096 4172 praecedente
1117 4090 1208 4150 vocali
1226 4092 1433 4160 terruinautur;

135 4206 222 4266 quam
247 4188 396 4248 nonnulli
418 4198 595 4269 postremam
619 4190 746 4251 vocalem
771 4194 917 4272 corripere
937 4200 1073 4272 oportere
1095 4198 1233 4263 eeuseut,
1258 4192 1345 4253 veluti
1369 4193 1433 4251 dieu

134 4288 199 4366 lego
221 4298 251 4349 et
273 4290 318 4351 lris
342 4289 446 4351 similia
472 4294 543 4365 (cur
569 4291 597 4351 id
623 4292 663 4351 ita
687 4294 782 4352 lacere
803 4301 936 4372 oporteat
956 4300 1006 4353 aut
1031 4310 1120 4370 quare
1143 4311 1202 4351 nou
1225 4300 1254 4352 et
1276 4292 1306 4351 iu
1328 4291 1433 4352 ceteris

203 4474 219 4521 2
236 4482 263 4521 ut
278 4489 334 4522 ιιιιιιι
347 4476 371 4523 Α
389 4484 416 4523 ut
431 4489 487 4523 auro
501 4476 561 4525 Bal!
627 4476 644 4526 8
662 4478 730 4542 apud
743 4476 894 4543 Vergilium]
909 4479 972 4528 Aru.
984 4479 1006 4525 ll
1016 4475 1076 4526 693.
1089 4476 1158 4525 Vllll
1168 4477 1217 4527 031
1290 4481 1325 4528 22
1344 4479 1429 4528 souin·

134 4541 244 4603 gotiouis
258 4544 391 4593 Prrtscltirm
403 4543 577 4594 declinationis
590 4546 673 4594 ΑΒΜ
741 4547 775 4595 ‘24
794 4546 901 4596 sormam
914 4564 959 4599 om.
971 4547 1014 4595 M:
1036 4545 1141 4594 lor-ruam
1156 4561 1172 4593 u
1185 4548 1288 4610 regulae
1303 4550 1328 4596 Α
1396 4546 1429 4594 30

134 4617 192 4656 ιιιιιι
204 4611 414 4671 ‹prunedum—35
425 4613 493 4660 donni
504 4614 602 4664 Oloris.
611 4631 639 4678 p.
652 4615 703 4664 225
773 4614 806 4665 33
825 4617 890 4665 haue
910 4627 935 4666 et
952 4616 1022 4666 salue
1041 4615 1065 4663 B
1134 4613 1225 4663 hauete
1239 4617 1263 4665 B
1334 4616 1367 4666 34
1387 4615 1429 4663 ιιιι-

134 4688 193 4722 uere
206 4677 231 4724 B
249 4678 340 4726 lauberc
353 4681 376 4727 A
446 4680 479 4729 35
499 4683 561 4730 satis
580 4682 650 4732 salue
668 4683 768 4731 rlorruiuc
782 4684 815 4732 M
830 4685 901 4734 saltis
920 4685 990 4734 salue
1008 4683 1109 4731 ιιοιιιιιιι·
1120 4683 1171 4731 AB
1190 4686 1285 4733 satisne
1304 4685 1373 4734 salve
1393 4692 1429 4731 est

133 4741 201 4790 domi
220 4744 350 4795 Charisius
423 4747 457 4797 38
473 4763 547 4810 quam
565 4765 614 4800 nou
635 4752 696 4800 nulli
715 4779 749 4787 -
767 4752 827 4814 349,
846 4755 858 4803 l
879 4768 975 4817 nequeo
994 4753 1075 4802 Biora.
1093 4767 1120 4813 p.
1140 4751 1190 4800 351
1268 4752 1304 4803 39
1322 4767 1386 4815 quur
1406 4751 1430 4799 Α
