3114 5356
144 270 205 329 379
703 268 886 331 ntensbts

195 397 217 439 p.
230 384 269 424 591
277 384 335 422 -db'
348 382 371 425 Ρ.

141 462 173 517 ct
190 455 290 534 sapui,
313 464 383 533 peto
402 454 504 534 petivi,
530 472 639 532 quaero
659 456 804 533 cyrenensi,
832 464 894 517 tere
919 456 1001 530 trivi,
1028 464 1058 517 et
1078 456 1167 516 lnuni
1190 459 1341 536 temporis
1361 460 1437 540 perti

141 557 250 637 cipium
272 555 403 616 trituras.
420 551 434 638 ΙΙ
449 555 572 635 septima
595 557 688 617 torma
714 566 760 617 est
786 574 862 636 quac
884 556 993 618 desinit
1014 557 1043 617 in
1066 555 1074 616 i
1097 557 1218 634 quidem
1241 556 1387 632 littelam,
1405 559 1436 620 ita

140 666 239 720 umen
260 664 294 719 ut
312 657 449 718 instantis
468 655 577 734 syllaba
600 659 694 737 prime
721 666 857 738 correpte
881 660 1014 738 perlecto
1034 667 1168 739 tempore
1187 660 1391 740 producetur,
1410 668 1437 721 ct

141 778 231 822 cerne
253 758 346 832 crevi,
369 757 454 837 cepio
475 758 555 837 cepi,
577 778 642 819 erne
664 759 737 833 emi,
761 759 850 820 lnndo
872 759 951 833 ludi,
979 760 1083 837 frango
1105 759 1195 836 fregi,
1223 758 1303 822 iecio
1324 762 1396 823 iecrri
1412 769 1437 821 et

140 963 219 1037 sevi,
239 963 304 1023 sine
326 959 396 1035 sivi;
418 970 447 1021 et
468 959 502 1021 sii
524 960 644 1022 dicitur:
666 961 727 1022 line
748 960 813 1036 livi,
835 959 928 1021 relino
945 959 1043 1032 relivi,
1065 959 1222 1022 Terentius

304 1056 415 1124 relisi
438 1062 538 1123 delia
561 1062 701 1138 emnia;

140 1165 172 1226 in
195 1163 333 1244 patiendo
355 1162 424 1223 litus
449 1161 533 1236 lecit,
557 1171 591 1223 ut
612 1162 755 1241 Vergilius

874 1263 941 1324 lita
963 1280 1122 1341 corpora
1143 1263 1276 1339 guttis.

140 1374 242 1428 octava
265 1367 357 1425 ferma
380 1371 426 1423 est
447 1380 522 1441 qtrae
544 1362 651 1426 desinit
672 1365 701 1426 in
721 1364 729 1424 i
752 1366 868 1444 quidem
888 1364 1029 1437 litteram,
1051 1363 1090 1424 ita
1104 1370 1203 1422 umen
1219 1372 1253 1425 ut
1273 1384 1293 1425 ι
1315 1366 1463 1428 secundun

141 1487 267 1548 persona
289 1463 427 1526 instantis
450 1464 590 1543 temperis
612 1467 711 1527 venire
733 1467 880 1539 rideatur,
908 1471 941 1526 ut
967 1463 1075 1524 mando
1103 1463 1217 1538 mandi,
1247 1474 1332 1529 verte
1360 1467 1436 1537 verti,

140 1566 291 1647 suspendo
321 1566 476 1645 suspendi,
508 1566 632 1626 extendo
662 1567 793 1638 extendi,
829 1585 953 1646 capesso
987 1566 1116 1645 capessi,
1156 1565 1219 1626 viso
1250 1566 1316 1628 risi.
1365 1586 1435 1628 nona

140 1670 234 1729 forma
256 1675 301 1727 est
322 1683 397 1743 qnae
419 1667 526 1728 desinit
546 1667 576 1726 in
599 1668 628 1727 di
651 1666 807 1746 syllabam,
826 1668 866 1728 ita
888 1674 985 1726 temen
1009 1673 1041 1726 ut
1055 1665 1169 1726 iteratio
1184 1667 1302 1728 mediae
1315 1668 1435 1748 syllabae

140 1772 204 1844 llat,
237 1770 312 1830 eddo
338 1767 451 1839 addidi,
484 1768 560 1828 abdo
581 1768 693 1842 abdidi,
717 1769 812 1829 conde
834 1768 968 1840 condidi,
991 1766 1080 1827 crede
1099 1766 1225 1840 credidi,
1251 1767 1434 1838 inuoluunt,

139 1872 231 1952 perdo
249 1869 378 1951 perdidi,
406 1867 499 1947 prodo
521 1869 654 1948 prodidi,
681 1869 771 1931 reddo
798 1869 927 1943 reddidi,
956 1869 1039 1930 trado
1066 1866 1180 1928 tradidi.
1226 1869 1331 1931 scinde
1350 1869 1461 1929 scidirn

140 1973 197 2034 bec
215 1979 312 2032 etitem
332 1969 453 2030 verbum
475 1979 503 2031 et
526 1971 623 2049 siquid
645 1989 681 2030 ex
702 1990 737 2031 ee
760 1971 886 2050 conponi
909 1978 1022 2050 petest,
1045 1968 1117 2028 nulli
1133 1969 1245 2030 termae
1260 1976 1361 2049 peret,
1381 1968 1432 2029 nisi

139 2073 214 2132 lerte
236 2072 266 2132 in
287 2081 418 2133 octavam
442 2072 566 2132 sormam
588 2071 819 2132 contruserimus
839 2070 868 2129 id
893 2068 1028 2143 verbum,
1051 2068 1212 2132 conscinde
1234 2067 1387 2129 conscindi
1407 2086 1434 2141 cr

140 2173 286 2247 conscidi,
309 2173 439 2233 detracta
463 2193 517 2234 usu
538 2173 686 2252 uisendam
703 2192 723 2232 n
744 2170 858 2233 scilicet
878 2177 1069 2232 consonante.

225 2276 322 2344 Quare
343 2283 440 2335 autem
462 2274 651 2354 praeteritum
671 2281 788 2352 tempus
811 2280 860 2333 ιιιι
883 2271 1001 2350 syllabis
1023 2279 1136 2331 crescat
1155 2278 1205 2329 eut
1220 2268 1369 2329 rninnatur
1387 2274 1434 2328 ιιιι

140 2375 251 2457 parsit
273 2394 333 2435 non
356 2383 402 2435 est
426 2375 542 2435 inventa
569 2375 658 2447 retie,
694 2393 749 2434 nec
773 2392 826 2433 cur
853 2391 869 2432 ι
896 2372 1039 2452 correptis
1064 2371 1256 2451 producatur,
1296 2377 1328 2430 ut
1352 2369 1462 2430 nonos

140 2478 228 2551 traxi,
261 2484 312 2538 aut
334 2495 350 2536 a
368 2475 519 2555 productis
541 2475 729 2554 corripiatur,
756 2483 789 2536 ut
809 2482 855 2534 ste
878 2473 960 2545 steti,
989 2473 1028 2532 do
1048 2471 1128 2545 dedi,
1152 2477 1202 2530 aut
1222 2479 1349 2548 unoque
1368 2489 1431 2550 pro

138 2578 276 2651 ducatur,
308 2584 341 2637 nt
360 2576 400 2636 llo
421 2576 501 2649 ssavi,
534 2582 585 2635 aut
603 2583 727 2652 utroque
750 2574 940 2654 corripiatur,
974 2581 1006 2633 ut
1032 2573 1112 2634 iaceo
1140 2570 1224 2631 iacui.
1269 2573 1324 2632 sed
1348 2570 1431 2632 lectio

138 2688 290 2740 acrcternm
309 2675 493 2736 observantia
505 2694 564 2769 'stra
586 2695 641 2736 reos
660 2676 800 2737 certiores
819 2677 856 2736 de
878 2675 1016 2754 perlectis
1037 2671 1170 2734 instituit

225 2775 443 2854 Ceniugutionis
466 2776 567 2836 tertiae
591 2778 765 2857 productae,
787 2795 874 2855 qcranr
896 2777 1013 2854 quidam
1036 2784 1167 2852 quartam
1189 2772 1358 2846 nominent,
1377 2774 1432 2832 lor·

140 2898 204 2940 ntae
232 2885 301 2937 sunt
329 2877 465 2954 quinque.
510 2878 602 2956 prima
632 2885 677 2937 est
705 2896 780 2956 qliae
805 2877 913 2939 desinit
935 2877 964 2937 in
987 2877 1013 2936 ιι
1035 2873 1188 2954 syllabam,
1220 2874 1261 2934 ita
1285 2883 1382 2935 tamen
1403 2881 1463 2933 ut²⁵

139 2979 311 3059 plerumque
334 2977 540 3058 paenultimam
564 3000 579 3037 r
600 2980 725 3041 litterani
744 2979 925 3040 consuetude
947 2979 1098 3057 decerpet,
1128 2984 1160 3034 ut
1182 2975 1269 3036 audio
1292 2976 1387 3036 eucliri
1406 2983 1432 3034 et

140 3080 237 3156 audii,
260 3079 356 3140 ambio
380 3080 483 3142 curbici
507 3079 609 3155 aterbii,
633 3082 728 3159 garrio
750 3081 854 3160 garrivi
876 3080 979 3160 garrii,
1002 3078 1095 3158 gestie
1117 3076 1219 3156 gestivi
1242 3075 1344 3154 gestii,
1371 3077 1432 3137 bin-

138 3182 188 3242 nie
209 3181 318 3242 binniri
340 3182 449 3254 lrinnii,
479 3183 603 3261 grunnio
628 3182 761 3260 grrtnnivi
782 3191 812 3242 et
833 3182 963 3260 grunnii,
993 3180 1083 3241 hircio
1106 3178 1204 3239 birriri
1227 3178 1327 3251 hirrii,
1358 3178 1431 3238 lenio

138 3284 224 3344 lenivi
254 3284 339 3357 lenii,
376 3286 476 3345 munio
504 3285 611 3346 rrrrmivi
640 3282 746 3357 nnmii,
782 3280 897 3372 mungio
925 3283 1030 3361 mugili
1057 3282 1162 3360 mugil,
1200 3280 1300 3341 mollio
1328 3278 1430 3340 molliti

139 3385 245 3458 rnellii,
268 3385 345 3465 pelio
367 3387 453 3465 polivi
481 3387 566 3467 polii,
594 3387 691 3448 saevio
711 3386 815 3446 saeviri
839 3385 942 3457 scetii,
968 3384 1062 3444 sertio
1087 3383 1189 3444 serviri
1211 3380 1314 3456 servii,
1343 3381 1461 3441 restio-n

137 3487 237 3548 vestiri
254 3488 351 3561 vestii,
370 3487 484 3548 insanio
505 3489 626 3549 insanivi
646 3476 766 3561 insanii,
789 3487 893 3566 ligurio
913 3485 1025 3564 ligurini
1047 3484 1158 3563 ligurii,
1182 3484 1337 3564 praesagio
1352 3501 1430 3563 prec-

137 3657 181 3722 pni
200 3657 281 3721 placet
299 3657 362 3717 dici,
387 3656 501 3706 tllrnrisio
523 3660 596 3722 sepul
614 3658 653 3707 vel
673 3660 768 3723 sapivi,
794 3659 878 3722 Aspre
897 3658 977 3723 sopiri
997 3665 1020 3705 et
1039 3657 1105 3721 sepii
1124 3658 1264 3707 seeundum
1283 3659 1429 3718 Varronem,

137 3726 204 3788 synod
224 3725 358 3774 Diomedes
377 3726 451 3774 ctinrn
472 3728 594 3790 approbat
612 3729 761 3777 I’ricu'mncs
775 3745 803 3792 p.
823 3727 887 3785 819;
914 3728 980 3777 unde
1004 3727 1086 3791 sapivi
1110 3735 1134 3775 et
1152 3728 1218 3791 sepii
1237 3731 1344 3778 coniecti
1361 3730 1430 3778 Stru-

136 3796 239 3846 eiusde
257 3796 347 3844 deelin.
367 3802 391 3844 et
409 3797 506 3858 ‹terrinp
527 3797 627 3858 butyr.
645 3796 695 3845 295
799 3797 909 3845 deceno
927 3795 1014 3845 cernui
1029 3793 1060 3842 M
1146 3797 1217 3861 ceepi
1236 3796 1262 3845 B
1286 3799 1359 3863 coepi
1377 3795 1430 3846 AM

206 3862 285 3911 lcrrrdo
310 3863 382 3912 leudi
399 3863 431 3911 M
453 3871 477 3912 et
497 3880 565 3915 cerr.
591 3863 645 3912 ludi
665 3864 689 3912 B
777 3867 846 3914 iaceo
872 3864 904 3913 M
989 3865 1117 3930 birreipio
1139 3866 1216 3930 incipi
1234 3866 1259 3915 B
1345 3881 1430 3932 rumpe

136 3933 222 3997 rumpi
242 3931 271 3979 M
360 3933 432 3981 uinco
457 3933 525 3981 ulrici
549 3950 617 3982 corr.
642 3934 691 3981 nicl
708 3933 733 3981 B
820 3948 876 3983 sero
901 3934 968 3982 serui
994 3935 1049 3982 sino
1073 3934 1140 3983 sinnl
1165 3942 1189 3982 et
1210 3935 1360 3986 subducitur
1381 3937 1429 3985 line

136 4002 181 4051 lini
202 3998 234 4047 M
290 4000 414 4066 ·bline]
435 4004 563 4052 Priscian.
578 4019 605 4066 p,
625 4002 684 4052 sne.
703 4002 754 4052 899
825 4001 969 4067 Terentius]
991 4005 1109 4054 Heauton
1127 4007 1176 4053 tim.
1199 4006 1230 4053 lll
1256 4007 1277 4059 l,
1296 4005 1328 4055 51
1414 4004 1429 4053 8

136 4066 276 4135 Vergilius]
293 4086 381 4135 peorp.
400 4072 445 4119 llll
465 4070 499 4121 99
572 4072 603 4120 12
622 4086 713 4136 cupeso
732 4073 811 4138 cepisl
832 4072 874 4121 M:
900 4071 961 4121 lmee
982 4072 1071 4121 eedem
1089 4072 1228 4122 secundnm
1250 4075 1391 4124 Diomeden
1408 4084 1429 4122 et

136 4138 277 4190 l'lrerisinnr
301 4154 315 4188 o
339 4140 364 4187 iu
384 4140 392 4187 i
411 4141 582 4188 convertentia
599 4141 693 4189 lercinnt
715 4143 875 4204 praeteritum
896 4140 1049 4207 perlectum,
1075 4142 1174 4191 incesso
1193 4141 1301 4197 incessi,
1327 4157 1429 4209 cnpesse

135 4209 243 4273 capessi,
266 4209 319 4256 vise
331 4209 379 4257 visi
393 4210 543 4259 Priscianus
552 4227 579 4274 p.
593 4210 644 4260 992
718 4211 748 4259 ll
765 4211 856 4259 ubdedi
870 4211 901 4259 M
973 4210 1003 4259 15
1018 4211 1122 4275 perdcdi
1135 4212 1165 4260 M
1235 4213 1323 4262 scindo
1338 4213 1428 4266 scidis

135 4276 223 4331 scindo
242 4277 322 4325 scindi
341 4276 400 4325 BM
414 4278 502 4326 scinde
521 4279 628 4327 scindidi
647 4279 680 4328 A.
697 4280 812 4341 serenasse
828 4280 916 4328 scindo
934 4280 1029 4329 scindis
1048 4281 1127 4329 scidi:
1154 4281 1187 4341 rs.
1209 4281 1309 4333 Clario.
1326 4299 1354 4346 p.
1372 4282 1426 4330 ete.

135 4346 199 4396 scidi
219 4355 243 4395 et
257 4346 344 4395 seicidi
361 4349 511 4397 I’rt'eeionnc
526 4365 553 4411 p.
571 4348 623 4398 899
642 4357 666 4398 e!
680 4348 729 4399 551
751 4350 845 4399 Gellius
863 4350 897 4396 Vl
916 4347 941 4407 9,
962 4349 993 4398 15
1072 4350 1103 4399 lb
1126 4358 1209 4398 ornem
1227 4350 1288 4399 AM
1307 4349 1428 4400 tnmcnll

205 4416 255 4464 nisi
273 4417 295 4465 si
314 4415 379 4465 lorte
391 4416 416 4463 A
494 4415 524 4465 tr
544 4417 679 4467 conscinde
698 4419 827 4467 conscindi
846 4419 957 4467 detractu
970 4418 1021 4466 AB
1037 4420 1174 4468 conscinde
1191 4420 1304 4469 conscidi
1322 4421 1428 4469 cletrncta

78 4539 83 4549 ,
134 4483 184 4533 dM
255 4484 287 4533 19
305 4500 433 4549 quare—
450 4486 484 4534 ‘2⁸2
503 4487 567 4536 inciti
588 4488 685 4537 Clean-tr.
702 4505 730 4552 p.
750 4488 801 4537 '22¹8
872 4495 913 4535 ιιιι
933 4488 1038 4550 syllabis
1054 4489 1079 4538 B
1102 4500 1128 4538 ut
1149 4488 1253 4551 syllabis
1271 4488 1296 4536 A
1322 4497 1364 4537 run
1379 4487 1427 4550 syl-

134 4551 191 4602 lube
211 4552 242 4602 M
309 4554 344 4604 20
361 4569 405 4603 cur
424 4570 439 4602 e
458 4557 579 4622 correptis
598 4557 727 4608 Cdcrn'siur
745 4572 805 4605 curu
823 4557 887 4605 inter
903 4557 1027 4621 correptis
1045 4557 1103 4606 AM
1122 4574 1165 4605 eur
1184 4557 1249 4606 inter
1267 4559 1389 4623 correptis
1405 4554 1428 4603 B

187 4623 218 4671 21
238 4637 253 4670 e
271 4641 318 4673 ern.
333 4623 357 4670 A
428 4623 461 4674 ⁴23
480 4624 512 4673 de
531 4624 650 4691 perlectis
670 4626 775 4675 instituit
789 4625 813 4673 A
833 4625 939 4675 delectis
956 4626 1063 4676 instituit
1077 4627 1107 4674 M
1123 4628 1164 4676 dut
1179 4628 1210 4674 de
1223 4626 1342 4692 perfectis
1356 4626 1379 4676 B

134 4688 168 4737 25
187 4690 279 4739 desinit
292 4692 349 4741 BM
363 4692 496 4742 desinetA
565 4695 599 4745 26
617 4696 796 4761 peneultinnrm
815 4696 839 4744 A
910 4694 940 4745 3l
961 4696 1085 4760 liggurrie
1107 4697 1228 4762 ligguriui
1246 4696 1364 4763 liggnrrii
1381 4692 1427 4743 AB

136 4755 246 4823 liggerie
265 4759 385 4827 liggeriui
405 4761 508 4828 liggerii
526 4763 559 4812 M
1224 4806 1233 4820 .
