3114 5356
614 312 697 374 llll.
721 310 863 374 Glllllll.
885 310 959 372 LlB.
982 308 1010 370 ll
1399 306 1462 368 443

1246 432 1269 473 ρ.
1283 417 1330 460 aa
1343 418 1369 461 ιι
1381 420 1407 462 r.

241 503 283 564 lle
311 501 491 582 protheseon
519 497 675 578 parallage.
719 497 901 558 Prothescon
935 493 1082 575 parallage
1112 502 1160 553 εει
1190 509 1256 560 euin
1291 490 1347 554 alia
1373 509 1462 570 quam

154 625 232 686 quae
251 605 340 666 dehet
358 599 539 681 praepositio
559 598 693 677 ponitur,
713 606 747 657 ut

327 702 390 764 eui
413 709 556 761 tantum
576 697 620 758 oe
641 707 676 759 te
698 695 832 759 licuit?

158 827 215 890 pro
236 809 267 867 in
288 814 327 866 te.

130 987 144 1025 5
639 948 688 1010 DE
716 946 976 1012 senentnssvs

243 1076 417 1146 Schemate,
440 1088 516 1149 quae
534 1067 638 1129 Latine
653 1069 763 1145 ilgmae
780 1076 936 1144 vocantur,
959 1069 1036 1130 sieut
1054 1072 1173 1133 nomina
1189 1074 1256 1154 ipso
1271 1083 1368 1154 patet,
1387 1096 1459 1139 can-

156 1176 349 1239 formationes
370 1181 440 1234 sunt
461 1170 604 1250 quaedam
630 1168 793 1229 sententiae
812 1177 943 1229 remotae
965 1188 982 1230 a
1005 1173 1153 1234 communi
1176 1203 1196 1238 a
1216 1175 1291 1250 hae,
1311 1184 1344 1238 ut
1365 1178 1460 1250 Quin-

157 1279 276 1341 tilianus
297 1275 458 1346 existimat,
482 1271 555 1332 adeo
577 1268 672 1349 tropis
691 1269 756 1349 ipsa
776 1270 820 1332 rei
843 1278 948 1333 natura
969 1272 1143 1335 coniunctae
1159 1285 1229 1338 sunt
1248 1285 1281 1339 ιιι
1299 1297 1317 1339 a
1337 1278 1459 1356 quihus·

156 1379 226 1439 alam
249 1387 400 1456 troporum
423 1391 531 1435 nomen
553 1371 738 1451 acceperint,
771 1371 831 1432 sive
853 1371 931 1449 qnod
953 1373 1081 1434 forment
1102 1376 1264 1439 orationem
1293 1379 1355 1441 sive
1379 1380 1459 1457 qnod

119 1497 144 1538 ιο
159 1485 289 1552 vertant;
328 1474 406 1537 unde
443 1481 473 1534 et
505 1479 605 1533 motus
632 1472 778 1534 dicuntur.
822 1474 916 1552 ligura
942 1474 1032 1553 igitur
1065 1485 1111 1539 est
1139 1487 1202 1541 arte
1229 1479 1327 1558 ahqoa
1353 1489 1459 1541 novata

155 1578 264 1657 formo
286 1576 413 1638 (licendi.
449 1575 537 1636 huius
558 1580 659 1654 partes
680 1572 753 1635 duas
774 1573 859 1649 lacit,
878 1574 1035 1651 dianoeas,
1058 1579 1137 1657 qnod
1160 1591 1206 1643 est
1224 1581 1411 1659 cogitationis
1431 1590 1460 1641 et

158 1699 284 1755 sensus,
311 1684 340 1739 et
366 1678 451 1756 logo,
480 1675 558 1754 quod
581 1682 627 1735 est
649 1674 824 1736 elocutionis
846 1682 935 1753 atque
956 1677 1121 1740 verborum.
1166 1681 1220 1743 scd
1242 1700 1309 1745 cum
1333 1683 1371 1744 ad
1394 1701 1460 1743 ora·

158 1781 249 1842 lorias
272 1779 395 1841 virtutes
417 1778 564 1858 pertineat
584 1775 704 1837 schema
721 1774 876 1850 (ιιιιιιιεεε,
897 1796 953 1839 nos
972 1777 1010 1839 tle
1029 1798 1065 1840 eo
1080 1780 1228 1858 loquimur
1241 1781 1322 1860 quoti
1339 1783 1459 1843 schema

158 1881 259 1942 lexeos
277 1879 401 1953 dieitur,
425 1878 508 1940 cuins
527 1877 620 1939 linitio
643 1883 689 1937 est
710 1875 792 1950 talis,
815 1876 935 1937 schema
955 1877 1055 1943 lexeos
1076 1887 1122 1943 est
1141 1882 1213 1943 ordo
1234 1882 1389 1945 verborum
1406 1882 1460 1944 ali·

119 2002 144 2041 ιε
159 1991 204 2042 ter
227 1999 314 2059 quam
336 1979 424 2041 debet
450 1980 593 2058 liguratm
613 1977 698 2039 metri
724 1985 775 2039 ant
803 1976 918 2039 decons
945 1987 998 2040 aut
1026 1981 1202 2060 emphaseos
1225 1983 1326 2061 gratia.
1370 1983 1459 2045 huius

158 2081 275 2162 species
297 2088 367 2141 sunt
386 2082 512 2156 multae,
541 2079 593 2141 sed
614 2077 799 2140 necessariae
819 2078 990 2154 traduntur,
1019 2098 1072 2159 per
1093 2098 1166 2158 quas
1188 2082 1298 2145 similes
1317 2084 1460 2161 colligen-

159 2193 222 2255 tur,
245 2181 392 2262 prolepsis
417 2200 539 2261 zeugma
560 2178 738 2260 hypozeuxis
762 2177 896 2259 syllepsis
917 2179 1078 2258 asyndeton
1099 2182 1279 2262 anadiplosis
1297 2184 1458 2263 anaphora,

159 2285 216 2345 alia
234 2264 402 2363 anaphora,
424 2282 609 2363 epanalepsis
631 2280 780 2361 epizeuxis
798 2279 1019 2361 paronomasia,
1044 2281 1159 2344 schesis
1172 2291 1351 2358 onomaton,
1371 2303 1460 2364 paro·

159 2405 265 2447 moeon
284 2383 540 2446 homoeoteleuton
559 2384 788 2462 homoeoptoton
809 2380 981 2461 polyptoton
1000 2379 1113 2447 hirmos
1135 2383 1347 2465 polysyndeton
1367 2384 1460 2464 dialy-

119 2508 146 2546 ιι
161 2496 212 2549 hin
233 2487 348 2548 climax

245 2588 289 2648 lle
313 2585 452 2666 prolapsi.
497 2584 647 2666 Prolepsis
669 2594 714 2649 est
735 2581 933 2666 pronuntiatio
960 2602 1060 2645 rerum
1087 2584 1190 2646 ordine
1216 2593 1401 2659 secutarum,
1428 2583 1458 2644 iel

160 2698 205 2749 est
228 2694 383 2748 comante
405 2702 546 2748 uumerus
569 2688 658 2751 verbo
680 2686 811 2749 redditio
834 2703 921 2763 quam
942 2704 1089 2766 personne
1109 2686 1300 2761 definiantur,
1322 2695 1355 2747 ut
1377 2695 1423 2745 εει

327 2787 510 2849 continuo
533 2806 659 2868 reges,
681 2785 828 2867 ingenti
849 2783 946 2845 mole
968 2785 1128 2849 Latinus

170 2886 179 2897 ’
242 2899 245 2902 ’
327 2889 554 2968 quadriiugo
576 2890 726 2977 vehitur
746 2907 875 2963 cnrrn,

777 2989 878 3068 bigis
901 2987 929 3049 it
951 2989 1097 3053 Turnus
1118 2994 1155 3054 in
1177 2994 1293 3069 alhis,

326 3097 398 3152 tum
421 3100 528 3172 pater
545 3092 703 3166 Aeneas,
725 3091 910 3153 Romanae
931 3091 1069 3172 stirpis
1091 3095 1213 3171 origo,

327 3199 362 3251 et
383 3193 485 3253 iuxta
506 3191 709 3264 Ascanius,
730 3189 861 3268 ma'gna
883 3210 970 3270 spes
993 3190 1116 3254 altera
1139 3194 1287 3270 Itomae,

325 3292 536 3373 procedunt
559 3291 712 3353 castris.
726 3287 741 3375 ΙΙ

159 3406 188 3455 et
208 3395 293 3456 aliter
310 3395 347 3489 ile
368 3393 497 3473 prolapsi
522 3392 703 3473 disputatur,
735 3411 801 3453 cnm
826 3391 855 3452 io
884 3394 962 3470 qnod
988 3394 1136 3474 posterius
1160 3396 1266 3457 accidit
1289 3406 1365 3458 ante.
1385 3409 1459 3460 tem-

120 3524 145 3563 :n
159 3516 216 3577 pos
238 3495 410 3568 ascribitur,
434 3503 465 3555 ut

662 3608 681 3646 0
940 3577 1171 3658 Laviniaque
1193 3577 1295 3641 venii

323 3662 446 3724 litora.

231 3832 242 3880 1
269 3847 416 3881 amasenus
435 3832 519 3883 ΑΒΜ
604 3834 733 3899 parallege
752 3832 785 3881 M
869 3833 919 3881 alia
938 3847 1048 3898 quamq
1072 3836 1158 3899 aliqua
1177 3849 1252 3899 qaam
1270 3834 1357 3885 ΑΒΜ
1440 3836 1457 3887 3

158 3904 199 3951 eui
216 3902 241 3949 Α
260 3917 316 3949 enni
336 3901 368 3949 M
383 3917 427 3950 eur
442 3903 474 3951 B.
498 3903 575 3965 Verg.
601 3904 665 3952 Aea.
686 3904 720 3951 Vl
739 3902 790 3952 502
877 3903 894 3951 5
914 3918 946 3952 os
964 3903 1149 3969 scansuriars]
1169 3904 1266 3955 Charis.
1280 3921 1311 3968 p.
1330 3902 1382 3954 2411
1398 3922 1455 3971 sqq.

159 3975 253 4021 Donat.
272 3987 298 4033 p.
322 3970 387 4020 1773
405 3990 460 4036 sqq.
552 3973 600 4019 'la
618 3988 634 4027 ς
653 3987 682 4020 ει·
699 3973 722 4019 Α
741 3987 771 4021 aa
789 3971 815 4020 B
832 3969 895 4020 haec
915 3972 957 4021 M:
984 3974 1080 4039 ligura,
1101 3975 1165 4022 sieut
1184 3975 1285 4022 nomine
1303 3974 1359 4038 ipso
1377 3985 1455 4039 putet,

158 4040 326 4089 conformatio
345 4043 469 4103 (quaedum
489 4041 610 4089 orationis
629 4050 725 4090 remota
743 4056 757 4090 a
775 4040 902 4089 conininni
921 4052 945 4089 et
964 4043 1072 4107 primum
1092 4058 1120 4090 se
1139 4042 1260 4092 offerente
1274 4043 1457 4105 ratioueQnin·

157 4112 259 4159 tilianae
277 4110 335 4158 inst.
352 4108 422 4158 vllll
443 4109 464 4166 1,
480 4111 512 4163 l:
531 4110 597 4159 aenda
613 4114 726 4160 incanam
743 4110 857 4159 indicaui
933 4108 1113 4175 Quintilianus]
1131 4113 1189 4162 inst.
1210 4110 1280 4161 Vllll
1299 4111 1322 4172 l,
1343 4111 1355 4160 l
1439 4112 1456 4161 8

158 4177 307 4226 exaestimat
328 4177 354 4226 B
435 4178 561 4226 {laomen
580 4179 606 4228 Β
627 4178 902 4237 saulaumonis
987 4179 1016 4228 11
1035 4178 1116 4228 iorrna
1135 4196 1182 4230 aaa.
1202 4180 1293 4240 ΑΒΜ,
1312 4179 1403 4232 addidi
1420 4197 1455 4230 em
1524 4211 1528 4217 -

158 4247 259 4308 Quat.
287 4247 345 4296 tm.
367 4246 438 4296 Vllll
459 4247 481 4307 l,
503 4246 534 4296 14
623 4248 723 4297 diaulus
741 4246 798 4297 BM
822 4247 929 4311 dyaniss
947 4248 973 4296 Α
1060 4249 1223 4313 cogitationis
1247 4262 1264 4305 ς
1287 4249 1455 4315 cogitationes

158 4313 245 4364 ΑΒΜ
332 4314 362 4364 1²
385 4324 409 4364 et
425 4313 502 4380 logo]
527 4315 583 4364 loen
602 4317 664 4376 AB,
683 4333 731 4368 om.
752 4315 785 4365 M
801 4325 826 4365 ει
843 4309 941 4377 λέξεως
960 4317 1128 4379 Quintilianus
1144 4320 1202 4369 inst.
1222 4317 1292 4367 Vllll
1312 4317 1335 4377 l,
1356 4317 1386 4366 17

157 4381 294 4432 elocutioni
313 4383 338 4430 Α
361 4383 523 4447 eloquntioue
543 4384 576 4433 Μ
659 4385 705 4434 sed
730 4399 788 4433 curn
811 4385 942 4437 Ohmisim
964 4401 1087 4436 sensnum
1103 4384 1190 4436 ΑΒΜ
1274 4384 1307 4435 la
1330 4386 1455 4450 pertineat

158 4452 261 4501 schema
276 4449 407 4503 Charisius
429 4454 571 4517 pertineant
588 4458 755 4518 (perteneant
773 4454 843 4518 ΑΒ)
862 4455 888 4503 id
906 4464 945 4505 εει
963 4455 1090 4505 seinamma
1105 4455 1193 4505 ΑΒΜ
1275 4454 1375 4503 (lianias
1398 4452 1458 4504 ΒΜ

156 4521 265 4583 ‹lyanias
285 4518 310 4566 Α
399 4521 467 4585 quoti
486 4530 524 4570 est
542 4521 644 4571 schema
662 4522 749 4571 lexeos
766 4523 857 4572 dicitnr
875 4523 936 4574 AM
1022 4524 1054 4574 lh
1077 4523 1178 4574 decoris
1200 4530 1244 4573 snt
1261 4522 1457 4573 emlaseos'AB

157 4590 263 4637 decores
283 4585 369 4639 lassos
389 4589 422 4638 M
509 4589 731 4640 lautiusculam
750 4591 783 4641 M
804 4591 854 4641 aila
871 4592 962 4642 nalcra
979 4594 1019 4654 B,
1043 4609 1090 4644 oni.
1108 4593 1134 4642 Α
1220 4593 1251 4642 21
1272 4589 1455 4658 pronuntiatio]

158 4656 331 4722 praesumptio
351 4661 466 4709 Donatus
551 4659 586 4709 23
604 4657 734 4725 continuo]
754 4661 851 4710 interes
867 4662 1011 4713 ansmias.
1038 4664 1116 4726 Verg.
1136 4661 1200 4711 Aen.
1214 4660 1263 4710 llll
1281 4659 1327 4711 161
1414 4676 1455 4709 re-

158 4728 200 4791 gis
218 4725 250 4775 M
320 4724 413 4776 latinos
431 4730 454 4774 A
525 4728 560 4779 26
579 4737 605 4777 ιιι
624 4728 650 4777 Β
719 4729 818 4777 romani
834 4728 869 4778 M
940 4730 1140 4796 timagorae
1216 4729 1252 4780 29
1268 4729 1360 4780 aci-iilic
1377 4743 1394 4786 ς
1413 4743 1456 4778 sc-

157 4794 224 4844 ccdit
243 4793 329 4844 ΑΒΜ
396 4795 428 4846 31
445 4795 612 4862 Laviniaque]
638 4798 716 4862 Verg.
735 4797 800 4848 Aen.
820 4798 863 4847 12

1181 4879 1248 4945 29‘
