3114 5356
502 326 633 388 lNSTlT.
658 327 767 389 uma.
790 328 861 390 LlB.
885 329 896 390 Ι
1296 325 1337 388 49

105 438 204 493 sna
1136 439 1286 495 smus

59 509 196 588 quaedam
215 508 370 571 ablativum
392 530 446 591 per
469 512 478 572 i
505 514 630 577 litteram
653 515 764 595 fucere
786 512 1022 586 observabimus,
1050 529 1123 591 quae
1145 513 1247 586 etiam,
1270 531 1337 575 cum
1397 510 1402 518 ’
1433 557 1440 573 .

60 611 92 671 dc
112 608 234 671 ablativo
258 611 478 675 adnotaremus
499 616 548 696 qui
571 617 579 677 i
602 617 696 678 littera
718 618 766 688 su,
789 617 964 696 excepimus.
990 612 995 697 Ι

136 709 215 772 Sunt
242 713 335 774 ctiam
361 717 487 778 nomina
511 735 591 798 quac
617 716 704 778 multi
725 734 746 777 a
768 717 947 797 participiis
968 718 1088 796 figurata
1111 716 1336 797 appellaverunt,

61 815 131 876 reiut
150 815 387 879 lacrimabundus
409 819 644 893 anhelabundus,
665 818 886 881 luctuabundus
902 817 1101 899 furibundus,
1125 818 1193 879 item
1213 819 1337 893 hiulcus,

42 917 86 977 sid
105 926 150 978 cst
170 918 219 995 qui
238 917 314 992 hiat,
338 920 472 999 petulcus
492 923 540 1000 qui
560 923 648 1002 petit;
671 939 751 1002 quae
772 922 1023 1001 conparationem
1044 938 1106 982 non
1125 918 1246 982 babent.

135 1017 211 1080 item
242 1025 315 1079 sunt
340 1021 393 1081 tria
421 1030 530 1084 tantmu
566 1023 652 1086 simili
685 1025 935 1103 pronuntiatione,
967 1022 1114 1085 intellectu
1149 1021 1336 1096 dissonantia,

60 1120 168 1184 adom
189 1140 318 1184 amuorus
341 1141 474 1185 canorus.

136 1221 213 1285 item
234 1224 390 1305 quaedam
408 1228 534 1287 nomina
555 1227 730 1290 nominativo
750 1227 875 1308 duplicia
894 1235 977 1300 suut,
999 1244 1073 1305 quae
1088 1245 1147 1288 non
1168 1245 1203 1287 es
1216 1233 1337 1306 utroque

58 1326 228 1388 nominativo
251 1326 485 1389 declinationem
512 1329 672 1410 accipiunt,
698 1329 749 1390 sed
771 1348 805 1391 cx
827 1329 933 1404 alteru,
953 1329 1031 1391 velut
1050 1328 1138 1392 satias
1157 1337 1186 1389 et
1210 1329 1336 1390 satietas.
1390 1328 1395 1335 '

33 1443 153 1488 aruum
178 1435 275 1489 mmeu
301 1446 363 1488 non
392 1447 431 1490 cc
455 1449 491 1492 eo
518 1430 602 1511 quod
629 1438 675 1492 est
698 1432 814 1507 sanas,
843 1431 901 1492 sed
920 1448 960 1491 cc
981 1448 1017 1491 eo
1035 1415 1125 1512 'quod
1145 1435 1191 1491 est
1210 1430 1337 1504 satietas,

56 1527 194 1589 ademtis
215 1530 293 1592 lacit.
338 1531 406 1593 item
426 1533 480 1593 iter
498 1543 527 1593 et
547 1533 632 1594 itiner
653 1553 711 1595 uon
725 1551 759 1593 ex
779 1532 905 1611 eoquod
924 1533 1057 1609 estitcr,
1078 1532 1136 1594 aed
1152 1550 1192 1593 cc
1207 1530 1340 1612 co'quod

56 1636 96 1689 cst
116 1630 226 1704 itiner,
246 1630 358 1693 itineris
379 1634 456 1694 lacit.
501 1641 529 1695 et
550 1635 616 1697 alia
639 1641 725 1711 sunt,
752 1634 810 1695 sed
827 1635 900 1696 baec
923 1634 1046 1716 exempli
1073 1653 1160 1697 causa
1181 1631 1337 1695 sufficiunt.

134 1730 184 1792 Dc
204 1731 449 1797 declinationibus
471 1736 547 1798 binis
568 1737 671 1799 litteris
692 1755 767 1816 quae
785 1738 971 1810 increscunt,
988 1735 1056 1796 licet
1070 1755 1123 1798 suo
1143 1752 1258 1814 quoque
1273 1734 1337 1794 loco

54 1835 121 1897 satis
145 1834 257 1896 dietum
279 1837 332 1911 sit,
353 1845 450 1899 tamen
474 1849 503 1901 et
523 1841 553 1901 iu
574 1858 687 1902 summa
713 1839 864 1902 reserenda
885 1837 1026 1900 videntur.
1071 1847 1100 1898 et
1121 1846 1189 1898 suut
1210 1854 1243 1896 ea
1264 1852 1339 1913 quae

24 1936 180 2016 apraelata
208 1954 225 1996 a
246 1935 341 1999 littera
363 1939 393 2000 iu
414 1940 566 2017 lexeuut,
595 1952 626 2005 ut
644 1941 769 2006 tribuual
788 1940 955 2016 tribunalis3
983 1941 1052 2000 item
1075 1957 1149 2017 quae
1177 1938 1206 1998 iu
1225 1956 1273 2011 ar,
1293 1936 1338 1997 lu·

51 2060 143 2102 cunas
162 2039 311 2121 pulvinar3
335 2041 404 2102 item
425 2062 498 2121 quae
519 2044 549 2104 in
572 2064 623 2118 us,
645 2064 736 2126 spons
754 2062 845 2123 pons;
864 2042 933 2103 item
952 2061 1025 2121 quas
1040 2041 1069 2101 iu
1084 2060 1131 2114 cr,
1150 2058 1224 2120 puer
1243 2056 1336 2100 socer.

50 2145 99 2204 scd
127 2144 203 2205 lracc
231 2144 349 2205 uomina
373 2161 400 2204 a.
436 2145 538 2208 creber
565 2148 642 2208 cuim
672 2155 702 2207 et
726 2154 809 2226 pater
833 2164 891 2205 uou
918 2151 1054 2206 creseunt
1079 2142 1135 2204 uisi
1158 2160 1224 2202 uua.
1268 2140 1335 2201 item

50 2246 156 2307 cressit
176 2246 207 2306 in
229 2264 265 2306 eo
285 2245 426 2307 vocabulo
448 2249 524 2326 quud
549 2250 666 2310 unicum
687 2255 746 2321 est,
768 2247 819 2308 vir.
911 2301 925 2323 ,
1242 2232 1249 2245 ’

133 2348 195 2410 ilex
224 2348 372 2410 communi
400 2366 506 2427 genere
535 2351 654 2426 dieitur,
683 2351 807 2431 primum
826 2349 862 2411 ab
884 2346 1070 2427 etymologia,
1092 2365 1142 2407 rex
1162 2354 1196 2408 ut
1215 2361 1335 2423 regens3

52 2573 109 2621 i-
120 2573 154 2623 tt
173 2571 207 2621 di
318 2625 322 2633 ,
474 2571 532 2621 ablui
549 2587 595 2636 per
614 2572 640 2620 .i.
660 2570 766 2622 litteram
784 2570 976 2622 obseruabimus
994 2567 1010 2633 ‘i
1028 2569 1103 2618 etiam
1120 2581 1178 2616 eum
1196 2566 1228 2616 de
1244 2565 1302 2616 ablui

523 2668 576 2708 tera
608 2659 635 2708 lit
670 2659 814 2725 excepimus
843 2672 859 2705 :-
889 2653 914 2724 ss
961 2654 1061 2704 baudus
1095 2652 1302 2703 auebelabuudus

622 2745 770 2811 figurata
804 2741 1054 2810 appellauerunt
1088 2740 1128 2790 uir
1168 2740 1300 2790 lacrima
1349 2749 1352 2755 ’

561 2845 601 2879 em
630 2831 730 2882 hiulcus
760 2829 786 2879 id
810 2838 848 2879 est
877 2830 920 2895 qui
949 2828 1003 2878 bist
1028 2827 1143 2895 petulcus
1170 2827 1213 2890 qui
1239 2826 1302 2893 petit

879 2930 938 2967 oms
955 2928 1116 2965 canorusa-
1384 2970 1389 2982 ι

861 3019 874 3054 e
900 3000 1071 3051 intellectu
1094 2999 1302 3052 dissonantia
1396 3014 1400 3028 ·

555 3090 710 3139 nominatiuo
720 3088 831 3156 duplicia
843 3098 901 3140 suut
913 3088 930 3151 d
940 3088 996 3138 riex
1006 3095 1087 3152 utroq,
1102 3086 1257 3136 nominatiuo
1269 3086 1301 3134 de

522 3177 649 3242 acciplunt
673 3177 719 3227 sed
749 3193 781 3227 ex
807 3177 885 3227 altero
912 3176 946 3224 uu
971 3175 1049 3225 satias
1078 3180 1102 3221 et
1128 3173 1231 3222 satietas
1256 3172 1302 3222 uei·

594 3259 614 3297 'e
638 3257 665 3297 tis

502 3263 653 3366 tietaiaiaclit.
666 3313 726 3362 item
740 3313 819 3362 iteret
832 3314 911 3362 iteuer
924 3311 940 3360 ri
951 3326 982 3361 ex
994 3325 1024 3360 eo
1033 3308 1232 3373 quodeiteneris
1240 3310 1299 3359 lucit

528 3399 605 3463 ampli
632 3414 708 3450 eausa
732 3397 861 3447 sulileiuut
886 3410 909 3466 ss
950 3409 1002 3450 tum
1032 3400 1065 3448 sit
1089 3397 1115 3444 tri
1140 3406 1165 3447 et
1192 3398 1217 3446 iu
1244 3412 1299 3447 sum

461 3486 586 3536 atiouibus
596 3486 663 3534 binis
675 3484 762 3534 litteris
772 3485 791 3547 q‘
800 3485 941 3535 increscunt
955 3486 1015 3536 licet
1026 3498 1073 3535 suo
1085 3482 1178 3549 ‹ffitoeu
1188 3485 1250 3533 satis
1259 3483 1300 3532 dic

348 3586 391 3621 ma
407 3571 537 3622 referenda
555 3571 673 3622 uidentur

100 3743 113 3794 l
129 3742 340 3806 ablatiuosquod
350 3743 358 3791 i
372 3740 443 3792 litera
452 3741 477 3789 tit
487 3741 641 3805 excepimus.
649 3754 729 3802 aquae
740 3738 846 3805 figurata
857 3755 878 3789 ω
930 3742 947 3790 4
960 3740 1192 3800 aueshelabundus,
1202 3741 1288 3790 itemur

55 3811 151 3876 ipatit.
168 3816 219 3862 tria
234 3822 335 3863 tuntum
350 3811 427 3861 simili
444 3811 646 3875 pronuntiatione
665 3809 792 3859 intellectu
811 3810 968 3860 dissonantia
985 3832 999 3863 a
1013 3818 1158 3859 nicanorus
1170 3824 1191 3858 ω
1244 3808 1276 3860 10
1289 3823 1333 3857 ue-

56 3895 102 3930 rum
123 3902 137 3934 a
160 3885 267 3934 satietas
283 3898 306 3931 ω
384 3882 414 3931 12
432 3881 533 3930 iteneris
555 3901 568 3932 a
587 3879 649 3929 haee
665 3879 776 3945 exempli
793 3894 868 3930 causa
885 3879 1012 3930 subiciant
1028 3901 1041 3930 s
1058 3879 1268 3930 declinationibus
1285 3892 1307 3925 ω

116 4085 130 4136 l
151 4084 238 4136 iacere
255 4085 356 4136 addida
370 4083 450 4136 editor
471 4083 669 4135 Vindoboncnsis
744 4083 761 4133 3
778 4082 841 4135 Sunt
858 4111 893 4121 -
912 4087 928 4137 5
946 4100 995 4136 uon
1010 4085 1102 4134 habeut
1119 4083 1215 4134 Ollaria.
1226 4098 1255 4147 p.
1270 4078 1329 4131 129.

58 4149 100 4203 l58
128 4170 187 4207 cve.
206 4156 272 4206 Bab.
284 4169 314 4218 p.
333 4153 376 4204 81.
405 4155 431 4203 in
447 4155 586 4218 supplendo
602 4156 683 4219 primo
701 4146 775 4204 oeisn
791 4157 887 4206 recessi
902 4171 918 4204 a
932 4156 984 4217 ltde
1002 4155 1109 4214 codicis,
1133 4153 1169 4202 ad
1184 4167 1256 4217 ᾳιιωιι
1269 4164 1332 4213 pro·

55 4224 104 4280 titt
122 4224 215 4276 accedi
232 4231 336 4288 poterat
356 4227 406 4281 ita,
430 4233 487 4273 snut
505 4226 564 4274 item
579 4224 630 4273 alia
648 4239 668 4284 a
681 4224 823 4289 participiis
840 4239 905 4288 quae
989 4224 1005 4274 8
1026 4226 1087 4273 ltem
1103 4221 1226 4285 quaedam
1244 4249 1278 4259 -
1298 4220 1329 4270 ta

58 4291 195 4359 unctum]
219 4296 389 4358 supplementa
404 4294 547 4343 lacunarum
562 4292 736 4357 praebuerunt
752 4294 809 4347 ecc'.
829 4295 894 4347 Bab.
912 4308 939 4356 p.
957 4291 991 4343 94
1072 4292 1089 4344 9
1112 4290 1181 4340 uelut
1205 4291 1284 4340 satias
1305 4295 1331 4338 at

58 4363 153 4412 naman
169 4378 261 4415 uerum
279 4373 363 4414 umen
380 4375 429 4411 non
445 4379 476 4411 ex
496 4377 525 4412 eo
544 4363 611 4425 quod
631 4371 669 4412 est
687 4363 765 4413 satias
785 4364 831 4413 sed
849 4380 881 4413 ex
899 4378 928 4413 co
948 4362 1015 4425 quod
1033 4368 1072 4411 eat
1086 4361 1190 4410 satietas
1208 4358 1330 4409 satietatis

59 4427 109 4480 iacit
123 4434 184 4483 item
203 4433 293 4484 iteret
308 4434 383 4482 itiner
400 4447 488 4482 nerum
506 4440 589 4482 tamen
608 4447 639 4482 ex
659 4446 688 4481 eo
704 4432 772 4496 quud
789 4441 828 4482 est
843 4434 916 4482 itiner
932 4432 1029 4481 itineris
1043 4430 1126 4480 itineri
1140 4427 1199 4479 iacit
1214 4429 1247 4479 B.
1266 4428 1330 4479 unda

58 4500 122 4558 ib·
135 4518 210 4569 Μ
227 4519 296 4569 qnae
311 4504 338 4553 in
353 4502 437 4552 codice
452 4503 550 4565 scripta
564 4502 668 4565 sumunt
686 4501 782 4555 addida
817 4510 932 4567 poteram
956 4503 1028 4553 edan
1050 4499 1149 4549 breuius
1174 4499 1224 4559 ate,
1243 4512 1329 4549 nurum

60 4576 129 4621 han
145 4588 179 4623 ex
199 4586 231 4623 eo
248 4572 318 4637 quod
333 4578 373 4623 ent
389 4574 491 4622 satietas
509 4572 631 4621 satietatis
648 4570 716 4622 iacit.
748 4574 807 4621 item
825 4572 872 4622 iter
890 4579 914 4622 et
932 4572 1021 4630 itiner,
1043 4582 1130 4618 ucmm
1148 4576 1231 4621 tamen
1249 4582 1281 4619 ax
1299 4582 1330 4619 eo

61 4640 115 4698 Μ
130 4651 170 4694 ut
187 4643 276 4695 itiner.
352 4639 384 4691 ta
401 4655 447 4691 suo
463 4642 581 4704 qnodque
599 4640 653 4692 loeo
669 4642 730 4690 satis
749 4641 844 4691 dietum
862 4643 895 4694 sit
912 4640 1059 4691 Fabricius:
1084 4638 1196 4703 sorum
1213 4638 1238 4690 ln
1252 4636 1329 4689 dacil-

63 4711 190 4763 &ouibus
205 4744 237 4754 -
260 4713 311 4763 sud
326 4725 441 4775 quaeque
456 4709 511 4762 loco
529 4713 591 4761 satis
608 4711 675 4760 dieta
692 4712 743 4760 sint
829 4711 861 4760 1⁶1
883 4713 909 4761 in
924 4712 1014 4760 lacuna
1032 4722 1103 4773 mam
1119 4707 1227 4760 aanor
1241 4706 1329 4758 dmm

61 4776 126 4834 Μ
137 4784 240 4835 uidem
259 4783 292 4833 de
310 4797 324 4832 e
341 4782 427 4830 littera
444 4782 468 4829 in
488 4780 690 4830 declinationibus
706 4783 745 4830 ocl
758 4788 860 4830 seruata
881 4781 920 4829 oet
940 4777 1050 4834 abbata:
1074 4792 1144 4843 paam
1166 4779 1329 4844 quaestionem

63 4859 101 4897 cn
116 4857 197 4903 attero
215 4870 286 4921 qnae
305 4857 343 4900 est
360 4850 393 4898 dc
408 4852 554 4899 incremento
572 4853 710 4898 litterarum
725 4851 750 4898 in
766 4848 864 4918 candus
879 4849 949 4911 sacto
966 4845 1078 4911 conlidit
1092 4846 1265 4913 prumalem

94 4954 296 5001 manuarias
318 4951 432 4994 suarm
454 4951 476 4991 1.
1104 4931 1124 4992 4
