3114 5356
143 361 160 402 x
685 338 890 401 l'ltlEl'thO

144 524 345 610 interpositis
366 531 440 608 post
465 521 562 585 finem
586 523 752 608 sequentis
775 544 889 586 versus
919 521 967 585 ibi
994 523 1201 586 continuaret
1231 523 1414 607 seripturan

143 624 311 688 continent
331 633 440 688 autem
461 624 586 710 primae
608 623 749 688 schedae
776 624 896 709 viginti
918 634 1086 710 quattuor,
1120 634 1203 709 quas
1225 622 1331 688 tribus
1359 647 1413 710 qui

141 722 344 788 ternionibus
367 723 543 810 dispositas
564 747 637 789 esse
659 725 746 808 dixi,
777 725 920 790 Charisii
943 724 1044 790 libros
1064 735 1131 789 tres
1153 733 1185 787 et
1203 726 1343 811 priorem
1364 749 1412 812 pa:

143 834 208 888 tem
234 825 343 912 quarti
362 848 466 912 usque
494 827 536 891 ad
567 849 606 890 ea
635 849 720 913 quae
750 827 839 891 edita
867 836 942 890 sunt
969 851 1000 914 p.
1033 828 1104 890 287.
1150 825 1207 889 sed
1237 847 1294 890 eae
1322 848 1407 911 pauc

143 927 290 1013 exceptis
319 949 430 991 omnes
449 928 575 1012 lacunis
598 928 632 991 in
654 929 858 1013 marginibus
888 929 1151 994 membranarum
1171 928 1268 992 factis
1291 930 1409 1014 gravitr

140 1035 314 1115 corruptae
340 1038 426 1094 sunt.
470 1053 546 1095 nam
574 1052 647 1094 curn
676 1031 710 1093 in
739 1032 844 1116 prima
869 1029 991 1095 codicis
1020 1030 1141 1095 scheda
1170 1037 1203 1093 et
1231 1030 1264 1093 in
1292 1029 1409 1094 seeunc'

142 1130 276 1194 humore
296 1130 380 1194 sorte
395 1140 561 1197 contracto
583 1133 710 1201 externi
728 1130 988 1195 membranarum
1002 1132 1168 1216 margines
1185 1153 1320 1217 prorsus
1336 1131 1407 1196 dele

143 1232 225 1313 sint,
248 1240 317 1295 tmn
339 1232 382 1297 ad
401 1232 545 1320 reliquas
568 1234 705 1299 schedas
729 1236 779 1298 ita
805 1234 886 1298 haec
912 1233 1004 1298 labes
1026 1232 1183 1320 pertinuit
1207 1241 1244 1297 ut
1268 1233 1301 1295 in
1328 1232 1403 1296 med

143 1333 211 1397 fere
230 1335 364 1418 regione
378 1337 563 1419 marginum
579 1337 636 1423 qni
656 1337 691 1399 in
706 1334 808 1399 latere
827 1335 903 1400 libri
923 1335 1070 1420 longiore
1086 1344 1269 1399 extrorsum
1287 1343 1405 1421 specta]

139 1430 195 1497 'vel
211 1435 420 1499 membranae
437 1424 552 1501 tenues
574 1448 606 1502 et
625 1446 788 1502 vetustate
805 1437 979 1524 conlapsae
1000 1436 1248 1502 corroderentur
1263 1433 1317 1499 vel
1334 1435 1404 1519 seri]

142 1545 216 1600 tura
236 1535 361 1622 pallida
382 1547 414 1601 et
436 1537 573 1603 subrufa
593 1539 724 1603 omnino
746 1548 967 1615 evanesceret.
1005 1536 1166 1601 accedunt
1186 1537 1272 1601 aliae
1295 1535 1403 1600 subint

142 1636 295 1719 lacunae,
314 1639 432 1724 quibus
455 1640 490 1703 in
501 1632 663 1705 'inferiore
683 1641 826 1705 maxime
847 1638 1109 1704 membranarum
1131 1639 1266 1724 regione
1285 1637 1400 1701 similit

143 1739 307 1823 margines
336 1743 481 1829 corrupti
511 1750 596 1806 sunt.
650 1742 770 1829 quibus
797 1741 895 1806 rebus
925 1741 1049 1805 factum
1077 1749 1127 1805 est
1157 1748 1194 1804 ut
1223 1740 1257 1803 in
1284 1738 1400 1824 plurim

107 1837 109 1840 ’
143 1838 342 1905 membranis
371 1841 412 1905 de
437 1841 524 1906 binis
546 1864 700 1906 versuum
728 1842 944 1907 commatibus
971 1863 1054 1929 quae
1084 1843 1279 1906 exteriorem
1310 1848 1399 1927 parte

132 1941 406 2007 membranarum
426 1952 587 2030 occupant
600 1945 634 2008 in
649 1944 754 2009 altera
774 1946 897 2033 pagina
915 1947 1039 2026 exitus,
1062 1945 1096 2007 in
1116 1942 1219 2007 altera
1241 1943 1336 2006 initia
1356 1962 1398 2003 mr

143 2053 249 2109 torum
277 2066 431 2109 versuum
458 2047 618 2132 perirent,
651 2049 685 2111 in
714 2047 912 2134 quibusdam
941 2048 1039 2111 etiam
1069 2044 1143 2109 aliis
1166 2044 1264 2125 locis,
1291 2050 1329 2106 ut
1355 2062 1394 2104 ca

142 2148 268 2210 iactura
289 2145 551 2211 membranarum
575 2147 710 2229 accidit,
735 2150 895 2234 scriptura
909 2148 1078 2229 deficeret,
1096 2167 1236 2234 paucae,
1259 2146 1293 2208 in
1316 2142 1395 2230 quib

143 2246 196 2311 vel
217 2249 379 2334 scriptura
398 2247 528 2332 longius
547 2269 568 2310 a
588 2246 790 2331 marginibus
804 2259 930 2313 remota
951 2259 1021 2313 erat
1037 2247 1090 2314 vel
1108 2249 1217 2312 minus
1232 2247 1296 2311 late
1319 2246 1395 2310 lacu

142 2347 341 2435 pertinebat,
370 2351 458 2414 omni
485 2348 559 2415 labe
579 2358 745 2414 vacarent.
789 2361 958 2437 praeterea
979 2351 1137 2415 vicesima
1162 2356 1279 2437 quarta
1304 2345 1394 2412 scher'

143 2473 338 2538 quamquam
365 2451 537 2516 incolumis
565 2452 634 2516 sere
661 2462 791 2516 servata
819 2463 886 2535 est,
913 2461 1021 2517 tamen
1048 2452 1212 2536 margines
1241 2453 1288 2514 ita
1317 2450 1393 2513 litte:

141 2554 288 2642 oppletos
315 2553 414 2619 habet
439 2563 476 2618 ut
504 2552 634 2618 schedis
661 2555 825 2618 artissime
840 2554 1030 2640 ‘conligatis'
1057 2555 1092 2617 in
1116 2551 1232 2615 ultima
1258 2551 1379 2638 pagina

143 2655 294 2721 omnibus
316 2655 385 2719 sere
407 2654 558 2720 versibus
581 2662 746 2718 extremae
766 2654 895 2719 litterae
916 2677 981 2719 non
998 2654 1188 2741 adpareant.
1234 2654 1380 2740 sequitur

141 2757 252 2822 codice
276 2758 428 2820 undecim
451 2754 644 2819 schedarum
664 2754 858 2839 fasciculus,
880 2758 975 2820 cuius
991 2757 1070 2819 satis
1085 2754 1218 2818 diversa
1234 2753 1276 2819 ab
1294 2753 1336 2817 iis
1351 2773 1390 2840 qu

140 2855 340 2945 praecedunt
360 2865 478 2921 natura
505 2865 563 2920 est.
608 2878 684 2919 nam
712 2866 749 2921 ut
772 2859 863 2943 ipsae
884 2857 1093 2921 membranae
1121 2857 1185 2920 alio
1213 2856 1283 2920 fere
1308 2853 1389 2918 habi·

140 2960 258 3047 partim
291 2961 388 3022 etiam
419 2959 562 3022 minores
593 2979 690 3043 quam
717 2958 864 3045 reliquae
893 2980 999 3045 neque
1025 2958 1093 3023 ulla
1122 2960 1240 3022 lacuna
1264 2955 1388 3020 confeci

140 3068 231 3143 sunt,
268 3060 315 3123 ita
341 3061 505 3146 scriptura
532 3058 743 3145 conpluribus
769 3058 1006 3125 versiculorum
1033 3061 1249 3126 commatibus
1277 3058 1387 3122 distin:

139 3163 274 3227 eandem
296 3161 427 3249 quidem
447 3182 595 3244 manum,
619 3161 784 3226 diversam
807 3170 916 3226 tamen
939 3165 1081 3249 speciem
1102 3163 1247 3251 praebet.
1293 3160 1386 3244 script

138 3274 246 3328 autern
266 3264 301 3327 in
322 3264 364 3327 iis
388 3269 465 3328 sunt
484 3264 650 3327 variarum
666 3262 844 3328 dictionum
862 3264 1021 3329 formulae
1039 3265 1152 3330 ordine
1170 3265 1352 3328 litterarum
1371 3259 1385 3324 e*

75 3421 79 3427 .
138 3367 281 3451 positae,
305 3386 387 3453 quas
410 3364 519 3428 lexica
536 3364 590 3428 vel
610 3367 736 3431 indices
755 3364 913 3431 Ianellius
933 3367 1023 3431 dicit.
1067 3388 1205 3454 quarum
1226 3383 1383 3449 rerumqr

136 3466 219 3530 nihil
239 3489 306 3531 una
326 3488 399 3530 eum
415 3465 566 3530 Charisia
581 3467 704 3530 editum
727 3480 792 3550 est,
814 3466 956 3531 indicem
972 3469 1182 3533 subiecimus.
1227 3473 1305 3530 sunt
1323 3472 1382 3528 aut

96 3582 103 3595 ·
137 3569 232 3633 haec:
264 3571 305 3631 25
333 3573 496 3648 arcipirata
519 3574 675 3633 latinitate.
708 3575 815 3632 miliia
836 3591 894 3634 res.
923 3576 1025 3632 (inimo
1041 3581 1104 3653 ¹iria
1126 3573 1206 3648 priori
1225 3572 1316 3646 currit.
1350 3586 1381 3627 cu

136 3691 213 3749 quac
239 3679 392 3735 uetustatis
419 3678 515 3734 instar
540 3708 580 3717 -
609 3677 690 3736 timei
711 3675 870 3748 infamiam
977 3670 1043 3732 25*
1073 3670 1118 3756 (h.
1143 3692 1171 3733 e.
1194 3669 1229 3732 in
1251 3665 1374 3731 scheda

136 3773 268 3858 aversa)
291 3778 469 3853 Explieiual
487 3778 656 3837 lalinilales.
692 3780 838 3853 incipitur!
854 3779 1005 3852 glossulas
1024 3777 1210 3850 multifariae
1236 3775 1314 3833 idem
1334 3775 1379 3846 riq

130 3881 265 3952 marrier.
309 3880 359 3937 Ad
374 3881 430 3939 lioc
444 3874 593 3952 ne'aoiium
609 3884 668 3939 aon
686 3878 805 3939 accedo.
828 3879 958 3938 (abstineo
975 3882 1096 3939 maline
1116 3898 1159 3938 re.
1188 3894 1246 3937 noa
1268 3877 1377 3934 irricrue

134 3981 278 4041 aulerci.
300 3997 358 4040 noa
380 3982 512 4055 aditurae
534 3998 580 4041 me
601 3958 784 4054 nerodo'-
814 3983 908 4040 uicem
929 3982 982 4041 libi
997 3982 1134 4041 reddum.
1162 3979 1334 4050 irerielieiam
1355 3979 1376 4035 ir

89 4147 93 4150 ,
133 4083 372 4157 repraeseniubo.
388 4099 496 4158 parem
515 4085 648 4156 mallum
669 4081 813 4154 reserum.
836 4083 969 4156 aeqriabo
988 4090 1016 4143 ie
1042 4085 1165 4143 meritis.
1189 4100 1247 4141 noa
1269 4098 1315 4139 mc
1334 4081 1375 4138 air

133 4168 289 4257 benefida.
323 4186 489 4260 rependam
516 4184 569 4243 lilii
592 4186 737 4243 meritam.
770 4187 955 4260 conrrcrrsubo
983 4188 1125 4258 aretiam.
1151 4193 1273 4258 arulum
1300 4199 1374 4240 me·

137 4288 226 4346 dicer.
256 4294 338 4346 'aaa
371 4288 539 4361 experieris
570 4289 729 4360 irroratum.
772 4287 907 4360 reserum
940 4289 1066 4360 ueqrralc
1098 4289 1244 4346 meritum.
1288 4285 1373 4355 borrel

134 4389 191 4446 liris
219 4387 347 4460 inferior
375 4402 433 4446 noa
459 4403 520 4445 ero.
566 4388 742 4462 Explicatur
766 4391 917 4463 qlosuilae
944 4387 1054 4460 maliis.
1098 4390 1243 4462 incipiant
1271 4401 1372 4460 risuum

134 4492 278 4550 aemonis
291 4491 398 4550 ordine
418 4491 584 4547 litterarum
605 4490 788 4564 conposita„
811 4492 901 4550 Anior
923 4493 1018 4550 ardor
1038 4522 1083 4533 -
1104 4487 1138 4548 31
1168 4506 1243 4547 itera
1264 4489 1371 4559 casira

134 4590 202 4649 (lius
215 4593 324 4665 sparta
337 4595 401 4652 sicu
414 4606 517 4650 mucro
538 4592 626 4650 buslo
639 4594 746 4651 laurea
769 4595 890 4651 crucilia.
935 4592 1112 4667 Explicuere
1125 4591 1257 4664 feliciter
1270 4606 1370 4665 syrena

134 4694 278 4752 ciceronis
298 4694 404 4754 ordine
425 4695 594 4753 litterarum
615 4696 776 4767 conposita.
820 4695 894 4753 Item
915 4702 984 4753 sunl
998 4696 1139 4753 idiomata
1155 4694 1369 4765 nominativae

128 4808 189 4867 per
212 4810 327 4865 quiere
353 4795 522 4867 efferantur
547 4813 625 4871 qaue
651 4803 680 4856 el
706 4799 774 4872 ipsa
801 4797 907 4856 ordiris
927 4812 1108 4872 exponemus
1128 4811 1205 4868 quae
1220 4799 1306 4874 arrad
1326 4799 1368 4855 lai

134 4895 301 4952 mosmdino
323 4897 410 4972 apud
427 4912 534 4970 qreeos
551 4898 702 4972 faniaiaa
725 4904 801 4959 sunl.
845 4897 905 4959 Hie
924 4885 1110 4978 namtas}
1134 4897 1303 4976 παρουσία
1322 4915 1367 4958 aci
