3114 5356
134 237 197 299 352
694 225 877 288 uteunurs

135 346 601 505 „fangg'mblsqnguamperpppw
622 413 720 493 specie
743 411 922 475 recordativa
943 429 1109 471 amaveram
1130 418 1162 471 et
1183 428 1337 485 amaram,
1362 430 1431 481 amr

136 541 234 593 veras,
256 527 417 591 amaverat,
439 516 589 598 pluraliter
609 530 811 575 amaveramus
833 511 1007 574 amaveratis
1019 519 1206 573 amaverant:
1226 512 1336 575 eedem
1352 513 1430 575 merlo

136 632 268 702 tempore
289 620 387 680 futuro
408 615 512 677 amabo
538 617 650 679 metatis
673 616 797 689 aurabit,
825 611 976 693 pluraliter
1004 612 1168 675 amabimus
1192 610 1334 675 amabitis
1360 632 1431 675 ama·

135 724 218 787 bunt
241 706 381 800 'quidam
403 725 507 798 putant
530 716 610 779 hunc
638 719 757 781 mortum
784 734 851 777 esse
873 713 1080 795 promissivum
1101 721 1237 794 tempore
1258 722 1374 777 unnim
1392 715 1431 775 fu·

136 834 211 888 turo.
255 822 344 883 morlo
369 817 541 899 imperativo
568 829 701 899 tempore
725 816 873 899 praesenti
902 816 939 876 acl
966 814 1126 877 secuudum
1147 822 1179 875 et
1197 814 1317 876 tertiam
1337 834 1452 897 perso-v

137 944 206 987 nem
227 942 293 985 ama
314 929 407 996 amet,
433 920 584 1001 pluraliter
605 938 742 982 amemus
763 926 857 981 amate
884 925 991 979 ament
1035 915 1154 994 quitlam
1177 922 1286 996 putant
1306 935 1432 981 amemm

136 1024 338 1107 imperativum
360 1042 426 1085 esse
448 1021 589 1102 pluralem
616 1021 646 1082 in
673 1020 765 1101 prima
793 1036 937 1099 persona:
963 1017 1021 1078 hoe
1047 1034 1103 1078 nos
1128 1016 1255 1096 gerundi
1282 1017 1346 1079 sive
1371 1018 1433 1079 lror·

137 1126 217 1187 tandi
241 1124 433 1205 appellamus.
478 1123 580 1185 eodem
603 1121 691 1183 morlo
714 1128 845 1200 tempore
869 1120 967 1180 futuro
989 1126 1085 1179 amato
1105 1125 1138 1178 tu
1157 1124 1257 1179 amato
1276 1117 1345 1193 ille,
1373 1116 1433 1199 plu-

138 1225 238 1288 raliter
265 1243 397 1286 amemus
419 1232 547 1284 amatote
567 1229 664 1283 ament
691 1220 735 1281 rel
764 1225 890 1281 arnanto.
934 1220 1023 1281 medo
1036 1219 1173 1300 optativo
1195 1227 1333 1299 tempore
1354 1238 1432 1301 prae·

139 1326 214 1389 senti
235 1333 264 1386 et
284 1325 442 1404 praeterito
461 1324 623 1403 inperfecto
643 1321 743 1401 specie
763 1320 926 1382 inchoativa
948 1321 1058 1382 utmam
1077 1338 1206 1381 amarem
1222 1338 1342 1383 amares
1359 1337 1462 1383 ama-n

138 1435 199 1501 ret,
228 1424 378 1504 pluraliter
402 1424 512 1484 utinam
541 1440 707 1484 amaremus
729 1422 866 1485 amaretis
894 1435 1041 1485 amarentz
1071 1423 1175 1483 eodem
1196 1423 1286 1485 modo
1304 1430 1433 1504 tempore

138 1525 296 1606 praeterito
328 1525 458 1603 perfecto
489 1524 589 1603 specie
621 1521 754 1584 absoluta
786 1522 896 1585 utinam
924 1525 1080 1585 amaverim
1111 1523 1254 1585 amaveris
1288 1525 1433 1597 amaverit,

139 1623 290 1708 pluraliter
308 1624 419 1685 utinam
441 1625 634 1687 amaverimus
659 1623 823 1685 amaveritis
845 1624 1020 1685 amaverint:
1055 1623 1158 1685 eodem
1188 1625 1277 1686 vrtodo
1306 1632 1433 1706 tempore

140 1725 296 1808 praeterito
323 1725 612 1805 plusquamperfecto
640 1724 739 1804 specie
768 1724 949 1786 recordativa
976 1725 1085 1787 utinam
1111 1744 1258 1787 amassem
1283 1726 1329 1788 vel
1359 1746 1432 1789 anta-

141 1828 264 1901 vissem‚
297 1845 429 1888 amasses
452 1825 496 1886 vel
514 1825 689 1900 amavisses,
722 1835 851 1889 amasset
879 1827 924 1887 vel
948 1825 1119 1899 amavisset,
1154 1825 1305 1905 pluraliter
1326 1828 1464 1890 utinamu

139 1947 322 1990 amassenus
345 1927 389 1988 vel
410 1927 634 1999 amavissemus,
660 1929 814 1990 amassetis
840 1927 884 1987 vel
904 1927 1102 2001 amavissetis,
1123 1937 1275 1989 amassent
1296 1929 1341 1991 vel
1359 1948 1433 1991 ama·

141 2030 267 2091 sissent:
301 2028 511 2090 eodemmodo
533 2037 664 2108 tempore
685 2030 783 2090 futuro
806 2028 915 2090 ntiuam
937 2047 1033 2089 amem
1060 2046 1141 2088 ames
1165 2036 1260 2103 amet,
1285 2030 1434 2111 pluraliter

141 2130 251 2191 utinam
274 2149 405 2192 autemus
428 2131 532 2192 onretis
554 2140 661 2192 ament.
698 2130 786 2191 morlo
815 2130 1000 2191 coniunctim
1026 2138 1158 2209 tempore
1189 2133 1339 2210 praesenti
1371 2151 1435 2193 cum

141 2250 235 2292 amem
262 2252 342 2294 ames
368 2240 460 2307 eruet,
491 2232 642 2312 pluraliter
655 2229 669 2316 ll
685 2251 750 2293 cum
780 2249 911 2292 amemus
938 2231 1041 2292 ametis
1064 2241 1179 2291 amem:
1218 2229 1324 2291 eodem
1351 2231 1434 2293 merlo

142 2340 273 2412 tempere
297 2335 453 2414 praeterito
477 2335 640 2413 inperfecto
662 2332 767 2412 specie
792 2331 954 2391 inchoativa
983 2351 1050 2396 cum
1071 2352 1199 2394 aritarem
1221 2351 1338 2395 amares
1359 2352 1466 2397 ama-a

141 2442 200 2508 ret,
232 2435 383 2514 pluraliter
410 2454 476 2495 curn
504 2452 669 2495 amaremus
697 2431 834 2494 amaretis
861 2442 1008 2495 arrrarent:
1043 2434 1147 2495 euclem
1183 2434 1271 2495 morlo
1306 2444 1435 2515 tempere

141 2537 298 2613 praeterito
320 2537 451 2617 perfecto
477 2535 575 2615 speeie
596 2534 727 2595 absoluta
752 2551 819 2594 cum
842 2532 998 2594 amaverim
1022 2534 1164 2595 amaveris
1186 2535 1343 2609 amaverit,
1373 2536 1436 2616 plu·

142 2634 241 2696 raliter
263 2655 330 2697 cum
349 2635 541 2697 amaverimus
563 2634 728 2695 erraveritis
747 2634 921 2709 ornaverint3
960 2644 989 2695 et
1015 2654 1068 2715 per
1093 2654 1241 2715 syncopen
1268 2655 1338 2698 cum
1360 2655 1435 2698 ama·

143 2736 198 2795 rim
221 2736 327 2795 amaris
348 2720 465 2807 antarii,
486 2734 637 2815 pluraliter
658 2754 725 2795 eum
748 2735 905 2796 anrarimus
927 2736 1056 2798 amaritis
1072 2736 1211 2797 autemut:
1230 2737 1335 2798 euclem
1351 2736 1435 2799 morlo

143 2844 274 2913 tempore
296 2836 453 2913 praeterito
476 2836 761 2916 plusquamperfecto
784 2837 882 2916 specie
900 2837 1077 2905 rmorttativa
1100 2856 1166 2898 cnm
1182 2857 1327 2900 amassem
1343 2856 1470 2900 amas-aa

145 2956 193 2998 ses
215 2945 356 3008 annasset,
382 2935 532 3014 pluraliter
554 2958 621 2999 cum
644 2956 825 3000 amassenms
851 2940 1005 3000 amassetis
1027 2946 1192 3014 annasseut;
1225 2948 1254 3000 et
1276 2941 1437 3002 secvmrlum

144 3045 258 3097 veteres
280 3054 346 3095 eum
367 3036 537 3097 amavissem
563 3039 720 3099 antavisses
749 3039 919 3113 curavisset,
955 3040 1106 3120 pluraliter
1135 3058 1201 3100 cum
1227 3042 1437 3103 amavissemus

145 3136 326 3199 amavissetis
349 3135 537 3197 amavissent:
573 3140 784 3201 eodemmodo
808 3149 938 3221 tempere
960 3142 1057 3202 future
1080 3160 1147 3200 etun
1170 3161 1304 3202 amarero
1325 3161 1437 3203 amave-

145 3240 186 3300 ris
208 3238 360 3307 amaverit,
390 3235 541 3315 pluraliter
563 3259 630 3302 cum
655 3242 847 3303 amaverimus
866 3242 1030 3303 amaveritis
1048 3242 1215 3302 arietaverint.
1261 3244 1349 3305 modo
1373 3264 1438 3325 per·

146 3348 251 3421 petuo,
283 3337 332 3415 qui
365 3343 411 3396 est
442 3336 571 3399 infinitus
599 3344 728 3404 nvrnreris
755 3352 784 3404 et
812 3344 963 3422 personis,
995 3352 1127 3422 tempere
1152 3345 1302 3422 praesenti
1330 3363 1471 3419 amares

145 3438 302 3521 praeterito
336 3456 450 3499 amasse
480 3437 523 3497 vel
560 3443 718 3516 aptavisse,
754 3445 851 3506 futuro
879 3452 1006 3506 arnatum
1035 3444 1077 3504 ire
1104 3444 1146 3504 vel
1174 3452 1340 3506 arnatmvmr
1363 3467 1437 3508 esse.

145 3543 233 3605 morlo
255 3539 433 3620 inpersonali
457 3546 588 3618 tempure
609 3544 754 3618 praesenti
777 3553 904 3621 amatur,
934 3547 1096 3627 inperfecte
1116 3546 1283 3619 amabatur,
1308 3550 1439 3627 perfecto

146 3651 273 3706 amatum
297 3648 342 3701 est
363 3639 407 3699 vel
430 3637 499 3712 tuit,
520 3637 807 3717 plusquamperfecto
829 3655 955 3706 amatum
977 3654 1039 3707 erat
1055 3647 1097 3707 rel
1115 3649 1224 3720 fuerat,
1247 3647 1345 3709 futtuo
1362 3667 1440 3708 ama·

145 3744 232 3805 bitur.
277 3740 365 3802 modo
385 3737 558 3820 participiali
580 3737 694 3797 arnaruli
723 3742 846 3801 amando
875 3746 1029 3806 amandum
1057 3759 1185 3809 arrtutum
1213 3756 1321 3808 amatu.
1367 3749 1441 3809 llaec

146 3842 267 3921 gerundi
291 3847 360 3901 suut
380 3838 458 3919 apud
480 3838 640 3917 quostiam,
673 3857 747 3914 quae
767 3840 881 3902 Probus
901 3846 1006 3923 supina
1028 3849 1162 3926 appellat
1207 3847 1359 3928 participia
1383 3856 1475 3910 tra-ss

146 3945 290 4003 huntura
314 3940 401 3999 verbo
429 3939 522 4000 activo
548 3937 623 4010 duo,
657 3941 821 4017 praesentis
848 3945 988 4022 temporis
1016 3955 1045 4004 et
1072 3948 1175 4023 futuri;
1214 3950 1378 4028 praesentis
1409 3958 1441 4010 ut

146 4043 195 4103 hic
221 4049 250 4101 et
275 4040 348 4100 haec
372 4046 401 4099 et
427 4039 484 4099 lroc
513 4057 631 4112 amans,
665 4040 753 4100 futuri
783 4041 830 4101 lrie
858 4051 1008 4106 amatums
1033 4046 1105 4104 lraee
1130 4058 1260 4109 anrntnra
1282 4052 1339 4112 hoc
1362 4070 1441 4113 arna·

147 4152 254 4205 turum.

230 4242 432 4303 Adnomndum
457 4250 502 4300 cst
528 4241 557 4301 in
581 4242 636 4303 hae
659 4243 862 4320 coniugatione
885 4246 962 4322 qued
988 4246 1071 4306 tertia
1097 4247 1160 4306 eius
1188 4266 1314 4326 persona
1334 4249 1439 4310 linitiva

147 4344 287 4423 temporis
308 4343 431 4423 perfecti
456 4344 569 4404 numeri
588 4343 709 4422 pluralis
729 4363 871 4425 persaepe
895 4345 1015 4407 conlidit
1034 4365 1120 4407 unam
1137 4348 1276 4427 syllabam
1292 4348 1440 4409 brevitatis
1456 4372 1475 4411 va

214 4561 361 4611 (tumemus
374 4565 465 4627 priore
483 4566 538 4614 loce
555 4579 600 4614 om.
619 4563 702 4612 Ant!
781 4563 796 4610 7
816 4562 863 4611 hoe
883 4564 941 4614 Bal!
958 4565 1020 4614 hacc
1037 4566 1062 4614 A
1138 4566 1155 4615 9
1174 4575 1257 4615 ararent
1277 4582 1322 4616 ova.
1343 4567 1376 4614 ,lf

147 4637 247 4679 amanto
264 4632 289 4680 B
316 4640 415 4679 amento
434 4631 493 4681 Ast
510 4640 533 4682 et
551 4631 671 4683 Claudiae
687 4633 815 4682 Sacerdos
836 4648 862 4695 p.
884 4634 912 4682 ll
999 4634 1032 4685 23
1055 4634 1176 4698 sincopen
1203 4635 1262 4684 Alf
1287 4636 1390 4700 sinopen
1416 4634 1440 4683 B

215 4697 249 4748 29
267 4697 400 4764 perpetue]
417 4699 529 4764 perfecto
542 4700 628 4750 ΑΒΜ
695 4701 728 4752 at
744 4702 885 4766 participali
898 4704 929 4752 M
997 4702 1030 4753 35
1048 4702 1154 4768 gerendi
1167 4704 1192 4751 A
