<?xml version="1.0" encoding="UTF-8"?>
<!DOCTYPE html PUBLIC "-//W3C//DTD XHTML 1.0 Transitional//EN"
    "http://www.w3.org/TR/xhtml1/DTD/xhtml1-transitional.dtd">
<html xmlns="http://www.w3.org/1999/xhtml" xml:lang="en" lang="en">
 <head>
  <title>
</title>
<meta http-equiv="Content-Type" content="text/html;charset=utf-8" />
  <meta name='ocr-system' content='tesseract 3.04.00' />
  <meta name='ocr-capabilities' content='ocr_page ocr_carea ocr_par ocr_line ocrx_word'/>
</head>
<body>
  <div class='ocr_page' id='page_1' title='image "./grammaticilatin02keilgoog_0448.png"; bbox 0 0 3114 5356; ppageno 0'>
   <div class='ocr_carea' id='block_1_1' title="bbox 587 244 1422 355">
    <p class='ocr_par' dir='ltr' id='par_1_1' title="bbox 587 244 1422 355">
     <span class='ocr_line' id='line_1_1' title="bbox 587 244 1422 355; baseline 0.012 -19"><span class='ocrx_word' id='word_1_1' title='bbox 587 277 961 343; x_wconf 65' lang='lat' dir='ltr'>sursumsunt</span> <span class='ocrx_word' id='word_1_2' title='bbox 1055 244 1059 251; x_wconf 68' lang='grc'><em>’</em></span> <span class='ocrx_word' id='word_1_3' title='bbox 1364 292 1422 355; x_wconf 71' lang='lat'>381</span> 
     </span>
    </p>
   </div>
   <div class='ocr_carea' id='block_1_2' title="bbox 114 405 1422 1370">
    <p class='ocr_par' dir='ltr' id='par_1_2' title="bbox 114 405 1422 1370">
     <span class='ocr_line' id='line_1_2' title="bbox 965 405 1372 457; baseline 0.012 -12"><span class='ocrx_word' id='word_1_4' title='bbox 965 440 968 445; x_wconf 79' lang='grc'>,</span> <span class='ocrx_word' id='word_1_5' title='bbox 1175 408 1187 427; x_wconf 83' lang='lat'><strong><em>‘</em></strong></span> <span class='ocrx_word' id='word_1_6' title='bbox 1211 417 1234 457; x_wconf 83' lang='lat' dir='ltr'>p.</span> <span class='ocrx_word' id='word_1_7' title='bbox 1249 405 1294 449; x_wconf 73' lang='lat' dir='ltr'>mo.</span> <span class='ocrx_word' id='word_1_8' title='bbox 1308 407 1334 448; x_wconf 77' lang='grc'>17</span> <span class='ocrx_word' id='word_1_9' title='bbox 1348 407 1372 452; x_wconf 78' lang='grc' dir='ltr'>Ρ.</span> 
     </span>
     <span class='ocr_line' id='line_1_3' title="bbox 496 479 1049 531; baseline 0.022 -12"><span class='ocrx_word' id='word_1_10' title='bbox 496 479 533 520; x_wconf 87' lang='lat' dir='ltr'>os</span> <span class='ocrx_word' id='word_1_11' title='bbox 556 480 600 522; x_wconf 86' lang='lat' dir='ltr'>nrs</span> <span class='ocrx_word' id='word_1_12' title='bbox 622 481 694 529; x_wconf 76' lang='lat' dir='ltr'>osse</span> <span class='ocrx_word' id='word_1_13' title='bbox 715 482 875 527; x_wconf 79' lang='lat' dir='ltr'>nannenus</span> <span class='ocrx_word' id='word_1_14' title='bbox 900 486 1049 531; x_wconf 76' lang='lat' dir='ltr'>osricum</span> 
     </span>
     <span class='ocr_line' id='line_1_4' title="bbox 204 577 1422 673; baseline 0.02 -36"><span class='ocrx_word' id='word_1_15' title='bbox 204 577 283 637; x_wconf 84' lang='lat' dir='ltr'>Sunt</span> <span class='ocrx_word' id='word_1_16' title='bbox 305 588 334 639; x_wconf 91' lang='lat' dir='ltr'>et</span> <span class='ocrx_word' id='word_1_17' title='bbox 356 577 410 637; x_wconf 88' lang='lat' dir='ltr'>alia</span> <span class='ocrx_word' id='word_1_18' title='bbox 434 578 520 638; x_wconf 82' lang='lat' dir='ltr'>verba</span> <span class='ocrx_word' id='word_1_19' title='bbox 543 597 632 657; x_wconf 87' lang='lat' dir='ltr'>quae,</span> <span class='ocrx_word' id='word_1_20' title='bbox 658 600 725 641; x_wconf 89' lang='lat' dir='ltr'>cum</span> <span class='ocrx_word' id='word_1_21' title='bbox 748 582 862 644; x_wconf 77' lang='lat' dir='ltr'>solitam</span> <span class='ocrx_word' id='word_1_22' title='bbox 883 586 1011 648; x_wconf 79' lang='lat' dir='ltr'><strong>habeant</strong></span> <span class='ocrx_word' id='word_1_23' title='bbox 1039 599 1167 671; x_wconf 79' lang='lat' dir='ltr'>ceteram</span> <span class='ocrx_word' id='word_1_24' title='bbox 1188 593 1422 673; x_wconf 79' lang='lat' dir='ltr'>declinationem,</span> 
     </span>
     <span class='ocr_line' id='line_1_5' title="bbox 114 677 1422 761; baseline 0.015 -21"><span class='ocrx_word' id='word_1_25' title='bbox 114 679 209 740; x_wconf 85' lang='lat' dir='ltr'>nihilo</span> <span class='ocrx_word' id='word_1_26' title='bbox 239 678 338 738; x_wconf 88' lang='lat' dir='ltr'>minus</span> <span class='ocrx_word' id='word_1_27' title='bbox 368 677 530 758; x_wconf 85' lang='lat' dir='ltr'>participiis</span> <span class='ocrx_word' id='word_1_28' title='bbox 558 681 712 756; x_wconf 84' lang='lat' dir='ltr'>deficiunt,</span> <span class='ocrx_word' id='word_1_29' title='bbox 743 684 829 761; x_wconf 87' lang='lat' dir='ltr'>quale</span> <span class='ocrx_word' id='word_1_30' title='bbox 857 695 903 746; x_wconf 92' lang='lat' dir='ltr'>est</span> <span class='ocrx_word' id='word_1_31' title='bbox 928 688 1028 750; x_wconf 89' lang='lat' dir='ltr'>timeo.</span> <span class='ocrx_word' id='word_1_32' title='bbox 1074 709 1108 751; x_wconf 85' lang='lat' dir='ltr'>ex</span> <span class='ocrx_word' id='word_1_33' title='bbox 1137 692 1194 754; x_wconf 81' lang='lat' dir='ltr'>lroc</span> <span class='ocrx_word' id='word_1_34' title='bbox 1220 696 1264 756; x_wconf 77' lang='lat' dir='ltr'>uix</span> <span class='ocrx_word' id='word_1_35' title='bbox 1292 698 1422 759; x_wconf 89' lang='lat' dir='ltr'>loturum</span> 
     </span>
     <span class='ocr_line' id='line_1_6' title="bbox 115 778 1422 863; baseline 0.015 -23"><span class='ocrx_word' id='word_1_36' title='bbox 115 778 307 859; x_wconf 78' lang='lat' dir='ltr'>participium</span> <span class='ocrx_word' id='word_1_37' title='bbox 336 778 534 855; x_wconf 87' lang='lat' dir='ltr'>declinamus;</span> <span class='ocrx_word' id='word_1_38' title='bbox 569 781 638 841; x_wconf 90' lang='lat' dir='ltr'>item</span> <span class='ocrx_word' id='word_1_39' title='bbox 660 782 822 857; x_wconf 85' lang='lat' dir='ltr'>inlinitum,</span> <span class='ocrx_word' id='word_1_40' title='bbox 850 787 928 863; x_wconf 91' lang='lat' dir='ltr'>quod</span> <span class='ocrx_word' id='word_1_41' title='bbox 957 789 1051 850; x_wconf 89' lang='lat' dir='ltr'>simile</span> <span class='ocrx_word' id='word_1_42' title='bbox 1075 800 1128 852; x_wconf 84' lang='lat' dir='ltr'>est.</span> <span class='ocrx_word' id='word_1_43' title='bbox 1173 795 1320 857; x_wconf 87' lang='lat' dir='ltr'>timiturns</span> <span class='ocrx_word' id='word_1_44' title='bbox 1343 799 1422 859; x_wconf 89' lang='lat' dir='ltr'>enim</span> 
     </span>
     <span class='ocr_line' id='line_1_7' title="bbox 116 879 1419 973; baseline 0.015 -32"><span class='ocrx_word' id='word_1_45' title='bbox 116 901 177 941; x_wconf 91' lang='lat' dir='ltr'>non</span> <span class='ocrx_word' id='word_1_46' title='bbox 209 880 295 940; x_wconf 88' lang='lat' dir='ltr'>lacile</span> <span class='ocrx_word' id='word_1_47' title='bbox 323 879 488 956; x_wconf 82' lang='lat' dir='ltr'>reperimus</span> <span class='ocrx_word' id='word_1_48' title='bbox 517 879 635 942; x_wconf 88' lang='lat' dir='ltr'>dietum.</span> <span class='ocrx_word' id='word_1_49' title='bbox 681 884 750 943; x_wconf 89' lang='lat' dir='ltr'>item</span> <span class='ocrx_word' id='word_1_50' title='bbox 779 886 818 945; x_wconf 86' lang='lat' dir='ltr'>fio</span> <span class='ocrx_word' id='word_1_51' title='bbox 847 887 1032 968; x_wconf 90' lang='lat' dir='ltr'>participium</span> <span class='ocrx_word' id='word_1_52' title='bbox 1046 890 1060 973; x_wconf 84' lang='grc' dir='ltr'>Η</span> <span class='ocrx_word' id='word_1_53' title='bbox 1076 895 1206 955; x_wconf 88' lang='lat' dir='ltr'>loturum</span> <span class='ocrx_word' id='word_1_54' title='bbox 1234 917 1294 959; x_wconf 91' lang='lat' dir='ltr'>non</span> <span class='ocrx_word' id='word_1_55' title='bbox 1321 899 1419 960; x_wconf 89' lang='lat' dir='ltr'>habet.</span> 
     </span>
     <span class='ocr_line' id='line_1_8' title="bbox 116 981 1421 1080; baseline 0.015 -38"><span class='ocrx_word' id='word_1_56' title='bbox 116 984 235 1043; x_wconf 88' lang='lat' dir='ltr'>iuturus</span> <span class='ocrx_word' id='word_1_57' title='bbox 264 981 343 1040; x_wconf 89' lang='lat' dir='ltr'>enim</span> <span class='ocrx_word' id='word_1_58' title='bbox 372 999 406 1039; x_wconf 82' lang='lat' dir='ltr'>ex</span> <span class='ocrx_word' id='word_1_59' title='bbox 434 998 469 1039; x_wconf 93' lang='lat' dir='ltr'>eo</span> <span class='ocrx_word' id='word_1_60' title='bbox 498 983 577 1057; x_wconf 83' lang='lat' dir='ltr'>quod</span> <span class='ocrx_word' id='word_1_61' title='bbox 605 991 650 1044; x_wconf 86' lang='lat' dir='ltr'>est</span> <span class='ocrx_word' id='word_1_62' title='bbox 676 1003 741 1046; x_wconf 90' lang='lat' dir='ltr'>snm</span> <span class='ocrx_word' id='word_1_63' title='bbox 768 985 923 1071; x_wconf 80' lang='lat' dir='ltr'>derivatur.</span> <span class='ocrx_word' id='word_1_64' title='bbox 969 1009 1035 1052; x_wconf 90' lang='lat' dir='ltr'>raro</span> <span class='ocrx_word' id='word_1_65' title='bbox 1064 993 1150 1054; x_wconf 86' lang='lat' dir='ltr'>etiarn</span> <span class='ocrx_word' id='word_1_66' title='bbox 1175 994 1287 1058; x_wconf 75' lang='lat' dir='ltr'>instans</span> <span class='ocrx_word' id='word_1_67' title='bbox 1309 1001 1421 1080; x_wconf 88' lang='lat' dir='ltr'>reperi·</span> 
     </span>
     <span class='ocr_line' id='line_1_9' title="bbox 116 1084 1419 1161; baseline 0.015 -19"><span class='ocrx_word' id='word_1_68' title='bbox 116 1102 198 1154; x_wconf 87' lang='lat' dir='ltr'>mus,</span> <span class='ocrx_word' id='word_1_69' title='bbox 222 1092 256 1142; x_wconf 87' lang='lat' dir='ltr'>ut</span> <span class='ocrx_word' id='word_1_70' title='bbox 278 1087 352 1145; x_wconf 91' lang='lat' dir='ltr'>tiens</span> <span class='ocrx_word' id='word_1_71' title='bbox 371 1084 501 1144; x_wconf 87' lang='lat' dir='ltr'>dicamus</span> <span class='ocrx_word' id='word_1_72' title='bbox 524 1090 553 1145; x_wconf 94' lang='lat' dir='ltr'>et</span> <span class='ocrx_word' id='word_1_73' title='bbox 575 1085 687 1146; x_wconf 85' lang='lat' dir='ltr'>fientes.</span> <span class='ocrx_word' id='word_1_74' title='bbox 733 1086 803 1146; x_wconf 93' lang='lat' dir='ltr'>item</span> <span class='ocrx_word' id='word_1_75' title='bbox 822 1087 909 1149; x_wconf 90' lang='lat' dir='ltr'>tollo:</span> <span class='ocrx_word' id='word_1_76' title='bbox 931 1089 1078 1153; x_wconf 85' lang='lat' dir='ltr'>tollitorus</span> <span class='ocrx_word' id='word_1_77' title='bbox 1098 1111 1185 1152; x_wconf 89' lang='lat' dir='ltr'>nemo</span> <span class='ocrx_word' id='word_1_78' title='bbox 1208 1096 1293 1158; x_wconf 79' lang='lat' dir='ltr'>facile</span> <span class='ocrx_word' id='word_1_79' title='bbox 1315 1099 1419 1161; x_wconf 78' lang='lat' dir='ltr'>dixerit</span> 
     </span>
     <span class='ocr_line' id='line_1_10' title="bbox 115 1184 1418 1279; baseline 0.014 -35"><span class='ocrx_word' id='word_1_80' title='bbox 115 1184 307 1245; x_wconf 87' lang='lat' dir='ltr'>eruditorum.</span> <span class='ocrx_word' id='word_1_81' title='bbox 353 1186 422 1245; x_wconf 86' lang='lat' dir='ltr'>item</span> <span class='ocrx_word' id='word_1_82' title='bbox 441 1184 537 1246; x_wconf 88' lang='lat' dir='ltr'>soleo:</span> <span class='ocrx_word' id='word_1_83' title='bbox 569 1185 710 1246; x_wconf 83' lang='lat' dir='ltr'>soliturus</span> <span class='ocrx_word' id='word_1_84' title='bbox 730 1205 816 1248; x_wconf 89' lang='lat' dir='ltr'>nemo</span> <span class='ocrx_word' id='word_1_85' title='bbox 848 1187 968 1263; x_wconf 84' lang='lat' dir='ltr'>dixerit,</span> <span class='ocrx_word' id='word_1_86' title='bbox 997 1193 1041 1252; x_wconf 87' lang='lat' dir='ltr'>vix</span> <span class='ocrx_word' id='word_1_87' title='bbox 1064 1192 1151 1253; x_wconf 88' lang='lat' dir='ltr'>etiam</span> <span class='ocrx_word' id='word_1_88' title='bbox 1175 1195 1305 1274; x_wconf 85' lang='lat' dir='ltr'>instans,</span> <span class='ocrx_word' id='word_1_89' title='bbox 1335 1203 1418 1279; x_wconf 86' lang='lat' dir='ltr'>quasi</span> 
     </span>
     <span class='ocr_line' id='line_1_11' title="bbox 115 1285 1140 1370; baseline 0.004 -24"><span class='ocrx_word' id='word_1_90' title='bbox 115 1286 216 1347; x_wconf 88' lang='lat' dir='ltr'>solens</span> <span class='ocrx_word' id='word_1_91' title='bbox 239 1286 379 1347; x_wconf 88' lang='lat' dir='ltr'>solentes.</span> <span class='ocrx_word' id='word_1_92' title='bbox 425 1287 568 1348; x_wconf 89' lang='lat' dir='ltr'>hactenus</span> <span class='ocrx_word' id='word_1_93' title='bbox 589 1285 625 1346; x_wconf 90' lang='lat' dir='ltr'>de</span> <span class='ocrx_word' id='word_1_94' title='bbox 647 1285 788 1364; x_wconf 87' lang='lat' dir='ltr'>hisquae</span> <span class='ocrx_word' id='word_1_95' title='bbox 810 1289 970 1370; x_wconf 84' lang='lat' dir='ltr'>participiis</span> <span class='ocrx_word' id='word_1_96' title='bbox 992 1293 1140 1354; x_wconf 82' lang='lat' dir='ltr'>deliciunt</span> 
     </span>
    </p>
   </div>
   <div class='ocr_carea' id='block_1_3' title="bbox 502 1473 1038 1519">
    <p class='ocr_par' dir='ltr' id='par_1_3' title="bbox 502 1473 1038 1519">
     <span class='ocr_line' id='line_1_12' title="bbox 502 1473 1038 1519; baseline 0.011 -5"><span class='ocrx_word' id='word_1_97' title='bbox 502 1473 539 1514; x_wconf 71' lang='lat' dir='ltr'>titt</span> <span class='ocrx_word' id='word_1_98' title='bbox 561 1473 643 1515; x_wconf 77' lang='lat' dir='ltr'>nt&#39;ltta</span> <span class='ocrx_word' id='word_1_99' title='bbox 666 1474 814 1517; x_wconf 79' lang='lat' dir='ltr'>t’sttnottvtt</span> <span class='ocrx_word' id='word_1_100' title='bbox 837 1477 1038 1519; x_wconf 68' lang='lat' dir='ltr'>cnuwntnonn</span> 
     </span>
    </p>
   </div>
   <div class='ocr_carea' id='block_1_4' title="bbox 112 1571 1417 2445">
    <p class='ocr_par' dir='ltr' id='par_1_4' title="bbox 115 1571 1417 1847">
     <span class='ocr_line' id='line_1_13' title="bbox 201 1571 1417 1655; baseline 0.012 -25"><span class='ocrx_word' id='word_1_101' title='bbox 201 1571 298 1633; x_wconf 87' lang='lat' dir='ltr'>Etiam</span> <span class='ocrx_word' id='word_1_102' title='bbox 317 1573 381 1651; x_wconf 91' lang='lat' dir='ltr'>ipsa</span> <span class='ocrx_word' id='word_1_103' title='bbox 403 1573 557 1634; x_wconf 82' lang='lat' dir='ltr'>verborum</span> <span class='ocrx_word' id='word_1_104' title='bbox 580 1573 801 1651; x_wconf 83' lang='lat' dir='ltr'>coniugatione,</span> <span class='ocrx_word' id='word_1_105' title='bbox 828 1576 921 1655; x_wconf 89' lang='lat' dir='ltr'>prima</span> <span class='ocrx_word' id='word_1_106' title='bbox 945 1576 1041 1637; x_wconf 90' lang='lat' dir='ltr'>sitan</span> <span class='ocrx_word' id='word_1_107' title='bbox 1063 1579 1164 1655; x_wconf 80' lang='lat' dir='ltr'>tertia,</span> <span class='ocrx_word' id='word_1_108' title='bbox 1189 1579 1258 1639; x_wconf 89' lang='lat' dir='ltr'>item</span> <span class='ocrx_word' id='word_1_109' title='bbox 1287 1584 1417 1644; x_wconf 86' lang='lat' dir='ltr'>secunda</span> 
     </span>
     <span class='ocr_line' id='line_1_14' title="bbox 115 1673 1416 1756; baseline 0.008 -24"><span class='ocrx_word' id='word_1_110' title='bbox 115 1673 152 1732; x_wconf 92' lang='lat' dir='ltr'>sit</span> <span class='ocrx_word' id='word_1_111' title='bbox 173 1693 212 1732; x_wconf 89' lang='lat' dir='ltr'>an</span> <span class='ocrx_word' id='word_1_112' title='bbox 233 1673 333 1747; x_wconf 87' lang='lat' dir='ltr'>tertia,</span> <span class='ocrx_word' id='word_1_113' title='bbox 366 1675 479 1735; x_wconf 84' lang='lat' dir='ltr'>novitas</span> <span class='ocrx_word' id='word_1_114' title='bbox 508 1694 524 1734; x_wconf 91' lang='lat' dir='ltr'>a</span> <span class='ocrx_word' id='word_1_115' title='bbox 554 1683 697 1735; x_wconf 86' lang='lat' dir='ltr'>vetustate</span> <span class='ocrx_word' id='word_1_116' title='bbox 725 1675 869 1737; x_wconf 82' lang='lat' dir='ltr'>dissentit</span> <span class='ocrx_word' id='word_1_117' title='bbox 914 1696 982 1737; x_wconf 91' lang='lat' dir='ltr'>uam</span> <span class='ocrx_word' id='word_1_118' title='bbox 1010 1677 1074 1738; x_wconf 78' lang='lat' dir='ltr'>lavo</span> <span class='ocrx_word' id='word_1_119' title='bbox 1103 1677 1181 1740; x_wconf 80' lang='lat' dir='ltr'>laras</span> <span class='ocrx_word' id='word_1_120' title='bbox 1204 1700 1259 1741; x_wconf 88' lang='lat' dir='ltr'>nos</span> <span class='ocrx_word' id='word_1_121' title='bbox 1281 1680 1416 1756; x_wconf 82' lang='lat' dir='ltr'>dicimus,</span> 
     </span>
     <span class='ocr_line' id='line_1_15' title="bbox 115 1773 684 1847; baseline 0.004 -13"><span class='ocrx_word' id='word_1_122' title='bbox 115 1773 154 1834; x_wconf 90' lang='lat' dir='ltr'>illi</span> <span class='ocrx_word' id='word_1_123' title='bbox 176 1774 268 1847; x_wconf 84' lang='lat' dir='ltr'>lavis,</span> <span class='ocrx_word' id='word_1_124' title='bbox 292 1781 324 1834; x_wconf 91' lang='lat' dir='ltr'>ut</span> <span class='ocrx_word' id='word_1_125' title='bbox 344 1774 464 1836; x_wconf 88' lang='lat' dir='ltr'>Plautus</span> <span class='ocrx_word' id='word_1_126' title='bbox 485 1775 515 1835; x_wconf 91' lang='lat' dir='ltr'>in</span> <span class='ocrx_word' id='word_1_127' title='bbox 537 1775 684 1836; x_wconf 86' lang='lat' dir='ltr'>Pseudolo</span> 
     </span>
    </p>

    <p class='ocr_par' dir='ltr' id='par_1_5' title="bbox 113 1875 1029 2053">
     <span class='ocr_line' id='line_1_16' title="bbox 283 1875 1029 1952; baseline 0.005 -18"><span class='ocrx_word' id='word_1_128' title='bbox 283 1882 410 1952; x_wconf 83' lang='lat' dir='ltr'>gestas</span> <span class='ocrx_word' id='word_1_129' title='bbox 432 1875 611 1950; x_wconf 83' lang='lat' dir='ltr'>tabellas,</span> <span class='ocrx_word' id='word_1_130' title='bbox 636 1895 700 1937; x_wconf 87' lang='lat' dir='ltr'>eas</span> <span class='ocrx_word' id='word_1_131' title='bbox 720 1875 891 1938; x_wconf 80' lang='lat' dir='ltr'>lacrimis</span> <span class='ocrx_word' id='word_1_132' title='bbox 914 1877 1029 1950; x_wconf 80' lang='lat' dir='ltr'>lavis,</span> 
     </span>
     <span class='ocr_line' id='line_1_17' title="bbox 113 1974 309 2053; baseline 0.01 -19"><span class='ocrx_word' id='word_1_133' title='bbox 113 1984 142 2035; x_wconf 89' lang='lat' dir='ltr'>et</span> <span class='ocrx_word' id='word_1_134' title='bbox 163 1974 309 2053; x_wconf 80' lang='lat' dir='ltr'>Vergilius</span> 
     </span>
    </p>

    <p class='ocr_par' dir='ltr' id='par_1_6' title="bbox 112 2077 1415 2445">
     <span class='ocr_line' id='line_1_18' title="bbox 280 2077 1222 2142; baseline 0.006 -6"><span class='ocrx_word' id='word_1_135' title='bbox 280 2077 436 2138; x_wconf 90' lang='lat' dir='ltr'>luminis</span> <span class='ocrx_word' id='word_1_136' title='bbox 456 2077 592 2139; x_wconf 88' lang='lat' dir='ltr'>ellossi</span> <span class='ocrx_word' id='word_1_137' title='bbox 615 2078 797 2138; x_wconf 83' lang='lat' dir='ltr'>fluvidum</span> <span class='ocrx_word' id='word_1_138' title='bbox 818 2077 911 2139; x_wconf 86' lang='lat' dir='ltr'>lavit</span> <span class='ocrx_word' id='word_1_139' title='bbox 932 2077 1018 2138; x_wconf 93' lang='lat' dir='ltr'>inde</span> <span class='ocrx_word' id='word_1_140' title='bbox 1044 2097 1222 2142; x_wconf 88' lang='lat' dir='ltr'>cruorem.</span> 
     </span>
     <span class='ocr_line' id='line_1_19' title="bbox 112 2178 1414 2260; baseline 0.005 -20"><span class='ocrx_word' id='word_1_141' title='bbox 112 2181 164 2240; x_wconf 90' lang='lat' dir='ltr'>sed</span> <span class='ocrx_word' id='word_1_142' title='bbox 198 2179 316 2259; x_wconf 82' lang='lat' dir='ltr'>quidam</span> <span class='ocrx_word' id='word_1_143' title='bbox 349 2198 402 2258; x_wconf 89' lang='lat' dir='ltr'>per</span> <span class='ocrx_word' id='word_1_144' title='bbox 431 2178 439 2237; x_wconf 96' lang='lat' dir='ltr'>i</span> <span class='ocrx_word' id='word_1_145' title='bbox 465 2179 532 2240; x_wconf 87' lang='lat' dir='ltr'>lavit</span> <span class='ocrx_word' id='word_1_146' title='bbox 563 2199 617 2258; x_wconf 94' lang='lat' dir='ltr'>pro</span> <span class='ocrx_word' id='word_1_147' title='bbox 648 2187 775 2239; x_wconf 86' lang='lat' dir='ltr'>umectat</span> <span class='ocrx_word' id='word_1_148' title='bbox 804 2186 833 2239; x_wconf 93' lang='lat' dir='ltr'>ct</span> <span class='ocrx_word' id='word_1_149' title='bbox 862 2179 1032 2257; x_wconf 83' lang='lat' dir='ltr'>coinquinat</span> <span class='ocrx_word' id='word_1_150' title='bbox 1059 2179 1187 2260; x_wconf 81' lang='lat' dir='ltr'>intellegi</span> <span class='ocrx_word' id='word_1_151' title='bbox 1215 2182 1331 2258; x_wconf 88' lang='lat' dir='ltr'>volunt,</span> <span class='ocrx_word' id='word_1_152' title='bbox 1362 2187 1414 2246; x_wconf 88' lang='lat' dir='ltr'>sed</span> 
     </span>
     <span class='ocr_line' id='line_1_20' title="bbox 112 2279 1415 2360; baseline 0.004 -19"><span class='ocrx_word' id='word_1_153' title='bbox 112 2283 230 2342; x_wconf 75' lang='lat' dir='ltr'>frustra.</span> <span class='ocrx_word' id='word_1_154' title='bbox 276 2281 306 2339; x_wconf 95' lang='lat' dir='ltr'>id</span> <span class='ocrx_word' id='word_1_155' title='bbox 329 2281 406 2340; x_wconf 91' lang='lat' dir='ltr'>enim</span> <span class='ocrx_word' id='word_1_156' title='bbox 429 2280 573 2358; x_wconf 81' lang='lat' dir='ltr'>signifieat</span> <span class='ocrx_word' id='word_1_157' title='bbox 595 2280 672 2358; x_wconf 87' lang='lat' dir='ltr'>qnod</span> <span class='ocrx_word' id='word_1_158' title='bbox 697 2279 776 2340; x_wconf 78' lang='lat' dir='ltr'>lavas</span> <span class='ocrx_word' id='word_1_159' title='bbox 805 2299 911 2360; x_wconf 89' lang='lat' dir='ltr'>pera.</span> <span class='ocrx_word' id='word_1_160' title='bbox 955 2279 1081 2358; x_wconf 83' lang='lat' dir='ltr'>denique</span> <span class='ocrx_word' id='word_1_161' title='bbox 1109 2283 1258 2345; x_wconf 87' lang='lat' dir='ltr'>en&#39;denter</span> <span class='ocrx_word' id='word_1_162' title='bbox 1284 2286 1415 2347; x_wconf 75' lang='lat' dir='ltr'>‘fluvi-</span> 
     </span>
     <span class='ocr_line' id='line_1_21' title="bbox 112 2382 344 2445; baseline -0.013 0"><span class='ocrx_word' id='word_1_163' title='bbox 112 2384 195 2445; x_wconf 87' lang='lat' dir='ltr'>dum</span> <span class='ocrx_word' id='word_1_164' title='bbox 220 2383 239 2443; x_wconf 94' lang='lat' dir='ltr'>l.</span> <span class='ocrx_word' id='word_1_165' title='bbox 264 2382 281 2442; x_wconf 94' lang='lat' dir='ltr'>i.</span> <span class='ocrx_word' id='word_1_166' title='bbox 305 2385 344 2442; x_wconf 89' lang='lat' dir='ltr'>c.&#39;</span> 
     </span>
    </p>
   </div>
   <div class='ocr_carea' id='block_1_5' title="bbox 506 2567 1014 2610">
    <p class='ocr_par' dir='ltr' id='par_1_7' title="bbox 506 2567 1014 2610">
     <span class='ocr_line' id='line_1_22' title="bbox 506 2567 1014 2610; baseline 0.004 -2"><span class='ocrx_word' id='word_1_167' title='bbox 506 2567 543 2609; x_wconf 78' lang='lat' dir='ltr'>DF.</span> <span class='ocrx_word' id='word_1_168' title='bbox 564 2568 680 2610; x_wconf 72' lang='lat' dir='ltr'>otti-:usu</span> <span class='ocrx_word' id='word_1_169' title='bbox 701 2567 850 2610; x_wconf 74' lang='lat' dir='ltr'>tunsouvtt</span> <span class='ocrx_word' id='word_1_170' title='bbox 870 2569 1014 2610; x_wconf 75' lang='lat' dir='ltr'>P08l&#39;l‘lthE</span> 
     </span>
    </p>
   </div>
   <div class='ocr_carea' id='block_1_6' title="bbox 110 2667 1412 3148">
    <p class='ocr_par' dir='ltr' id='par_1_8' title="bbox 110 2667 1412 3051">
     <span class='ocr_line' id='line_1_23' title="bbox 197 2667 1412 2748; baseline 0.002 -19"><span class='ocrx_word' id='word_1_171' title='bbox 197 2668 301 2729; x_wconf 88' lang='lat' dir='ltr'>Solent</span> <span class='ocrx_word' id='word_1_172' title='bbox 323 2668 352 2727; x_wconf 91' lang='lat' dir='ltr'>in</span> <span class='ocrx_word' id='word_1_173' title='bbox 375 2667 469 2728; x_wconf 82' lang='lat' dir='ltr'>verbis</span> <span class='ocrx_word' id='word_1_174' title='bbox 489 2667 575 2728; x_wconf 83' lang='lat' dir='ltr'>etiem</span> <span class='ocrx_word' id='word_1_175' title='bbox 598 2668 752 2748; x_wconf 81' lang='lat' dir='ltr'>peritiores</span> <span class='ocrx_word' id='word_1_176' title='bbox 776 2687 888 2742; x_wconf 87' lang='lat' dir='ltr'>errare,</span> <span class='ocrx_word' id='word_1_177' title='bbox 917 2667 1020 2728; x_wconf 89' lang='lat' dir='ltr'>incerti</span> <span class='ocrx_word' id='word_1_178' title='bbox 1044 2675 1140 2729; x_wconf 82' lang='lat' dir='ltr'>rrtmm</span> <span class='ocrx_word' id='word_1_179' title='bbox 1162 2687 1230 2729; x_wconf 87' lang='lat' dir='ltr'>oum</span> <span class='ocrx_word' id='word_1_180' title='bbox 1252 2690 1267 2731; x_wconf 85' lang='lat' dir='ltr'>r</span> <span class='ocrx_word' id='word_1_181' title='bbox 1292 2689 1328 2730; x_wconf 94' lang='lat' dir='ltr'>an</span> <span class='ocrx_word' id='word_1_182' title='bbox 1348 2672 1412 2732; x_wconf 91' lang='lat' dir='ltr'>sine</span> 
     </span>
     <span class='ocr_line' id='line_1_24' title="bbox 110 2768 1411 2848; baseline 0 -16"><span class='ocrx_word' id='word_1_183' title='bbox 110 2773 274 2832; x_wconf 89' lang='lat' dir='ltr'>rdebeant</span> <span class='ocrx_word' id='word_1_184' title='bbox 293 2771 426 2848; x_wconf 78' lang='lat' dir='ltr'>proferri.</span> <span class='ocrx_word' id='word_1_185' title='bbox 472 2769 580 2848; x_wconf 84' lang='lat' dir='ltr'>quirito</span> <span class='ocrx_word' id='word_1_186' title='bbox 604 2768 702 2829; x_wconf 78' lang='lat' dir='ltr'>Livius</span> <span class='ocrx_word' id='word_1_187' title='bbox 728 2769 759 2829; x_wconf 93' lang='lat' dir='ltr'>in</span> <span class='ocrx_word' id='word_1_188' title='bbox 785 2770 873 2831; x_wconf 88' lang='lat' dir='ltr'>attico</span> <span class='ocrx_word' id='word_1_189' title='bbox 901 2769 989 2848; x_wconf 81' lang='lat' dir='ltr'>quirit</span> <span class='ocrx_word' id='word_1_190' title='bbox 1012 2800 1031 2835; x_wconf 69' lang='lat' dir='ltr'>s</span> <span class='ocrx_word' id='word_1_191' title='bbox 1063 2770 1153 2830; x_wconf 81' lang='lat' dir='ltr'>Varro</span> <span class='ocrx_word' id='word_1_192' title='bbox 1179 2771 1215 2831; x_wconf 92' lang='lat' dir='ltr'>ad</span> <span class='ocrx_word' id='word_1_193' title='bbox 1239 2770 1411 2833; x_wconf 86' lang='lat' dir='ltr'>Ciceronem</span> 
     </span>
     <span class='ocr_line' id='line_1_25' title="bbox 110 2870 1411 2950; baseline 0.002 -17"><span class='ocrx_word' id='word_1_194' title='bbox 110 2873 144 2933; x_wconf 92' lang='lat' dir='ltr'>de</span> <span class='ocrx_word' id='word_1_195' title='bbox 169 2870 375 2933; x_wconf 62' lang='lat' dir='ltr'>*Fenestella</span> <span class='ocrx_word' id='word_1_196' title='bbox 403 2871 618 2947; x_wconf 81' lang='lat' dir='ltr'>quiritatur.</span> <span class='ocrx_word' id='word_1_197' title='bbox 659 2878 704 2931; x_wconf 85' lang='lat' dir='ltr'>est</span> <span class='ocrx_word' id='word_1_198' title='bbox 722 2879 820 2932; x_wconf 89' lang='lat' dir='ltr'>autem</span> <span class='ocrx_word' id='word_1_199' title='bbox 841 2872 980 2950; x_wconf 73' lang='lat' dir='ltr'>quiritans</span> <span class='ocrx_word' id='word_1_200' title='bbox 1003 2871 1131 2942; x_wconf 86' lang='lat' dir='ltr'>Quirites</span> <span class='ocrx_word' id='word_1_201' title='bbox 1154 2870 1240 2934; x_wconf 88' lang='lat' dir='ltr'>ciere.</span> <span class='ocrx_word' id='word_1_202' title='bbox 1278 2873 1411 2935; x_wconf 89' lang='lat' dir='ltr'>adsentio</span> 
     </span>
     <span class='ocr_line' id='line_1_26' title="bbox 110 2972 266 3051; baseline 0.006 -20"><span class='ocrx_word' id='word_1_203' title='bbox 110 2972 266 3051; x_wconf 81' lang='lat' dir='ltr'>Vergilius,</span> 
     </span>
    </p>

    <p class='ocr_par' dir='ltr' id='par_1_9' title="bbox 276 3072 646 3148">
     <span class='ocr_line' id='line_1_27' title="bbox 276 3072 646 3148; baseline 0.003 -16"><span class='ocrx_word' id='word_1_204' title='bbox 276 3072 483 3132; x_wconf 89' lang='lat' dir='ltr'>adsensere</span> <span class='ocrx_word' id='word_1_205' title='bbox 504 3090 646 3148; x_wconf 80' lang='lat' dir='ltr'>omncs3</span> 
     </span>
    </p>
   </div>
   <div class='ocr_carea' id='block_1_7' title="bbox 109 3170 1412 3554">
    <p class='ocr_par' dir='ltr' id='par_1_10' title="bbox 109 3170 1412 3554">
     <span class='ocr_line' id='line_1_28' title="bbox 110 3170 1412 3256; baseline 0.002 -19"><span class='ocrx_word' id='word_1_206' title='bbox 110 3175 214 3237; x_wconf 80' lang='lat' dir='ltr'>Cicero</span> <span class='ocrx_word' id='word_1_207' title='bbox 243 3170 433 3252; x_wconf 88' lang='lat' dir='ltr'>epistularum</span> <span class='ocrx_word' id='word_1_208' title='bbox 460 3173 590 3232; x_wconf 89' lang='lat' dir='ltr'>seeundo</span> <span class='ocrx_word' id='word_1_209' title='bbox 618 3173 655 3232; x_wconf 93' lang='lat' dir='ltr'>ad</span> <span class='ocrx_word' id='word_1_210' title='bbox 684 3175 802 3233; x_wconf 89' lang='lat' dir='ltr'>lratrem</span> <span class='ocrx_word' id='word_1_211' title='bbox 832 3174 1068 3255; x_wconf 79' lang='lat' dir='ltr'>‘Philippus&#39;</span> <span class='ocrx_word' id='word_1_212' title='bbox 1096 3177 1190 3256; x_wconf 91' lang='lat' dir='ltr'>inquit</span> <span class='ocrx_word' id='word_1_213' title='bbox 1222 3179 1412 3240; x_wconf 76' lang='lat' dir='ltr'>‘adsentit</span> 
     </span>
     <span class='ocr_line' id='line_1_29' title="bbox 109 3271 1410 3349; baseline 0.005 -14"><span class='ocrx_word' id='word_1_214' title='bbox 109 3272 303 3335; x_wconf 91' lang='lat' dir='ltr'>Lentulo&#39;.</span> <span class='ocrx_word' id='word_1_215' title='bbox 341 3271 392 3331; x_wconf 89' lang='lat' dir='ltr'>sed</span> <span class='ocrx_word' id='word_1_216' title='bbox 415 3278 444 3330; x_wconf 89' lang='lat' dir='ltr'>et</span> <span class='ocrx_word' id='word_1_217' title='bbox 464 3272 613 3333; x_wconf 89' lang='lat' dir='ltr'>adsentior</span> <span class='ocrx_word' id='word_1_218' title='bbox 634 3273 789 3336; x_wconf 83' lang='lat' dir='ltr'>Sallustius</span> <span class='ocrx_word' id='word_1_219' title='bbox 812 3274 852 3334; x_wconf 91' lang='lat' dir='ltr'>ait</span> <span class='ocrx_word' id='word_1_220' title='bbox 872 3275 901 3334; x_wconf 91' lang='lat' dir='ltr'>in</span> <span class='ocrx_word' id='word_1_221' title='bbox 925 3276 1063 3349; x_wconf 81' lang='lat' dir='ltr'>Catilina,</span> <span class='ocrx_word' id='word_1_222' title='bbox 1085 3278 1201 3339; x_wconf 77' lang='lat' dir='ltr'>‘alins</span> <span class='ocrx_word' id='word_1_223' title='bbox 1222 3279 1286 3339; x_wconf 90' lang='lat' dir='ltr'>alii</span> <span class='ocrx_word' id='word_1_224' title='bbox 1308 3282 1410 3341; x_wconf 84' lang='lat' dir='ltr'>varie</span> 
     </span>
     <span class='ocr_line' id='line_1_30' title="bbox 109 3372 1410 3456; baseline 0.004 -19"><span class='ocrx_word' id='word_1_225' title='bbox 109 3372 452 3436; x_wconf 77' lang='lat' dir='ltr'>adsentietrantor’.</span> <span class='ocrx_word' id='word_1_226' title='bbox 488 3373 620 3434; x_wconf 89' lang='lat' dir='ltr'>adsentio</span> <span class='ocrx_word' id='word_1_227' title='bbox 643 3382 740 3434; x_wconf 87' lang='lat' dir='ltr'>antem</span> <span class='ocrx_word' id='word_1_228' title='bbox 758 3372 893 3434; x_wconf 83' lang='lat' dir='ltr'>observio</span> <span class='ocrx_word' id='word_1_229' title='bbox 915 3373 1068 3453; x_wconf 80' lang='lat' dir='ltr'>significat.</span> <span class='ocrx_word' id='word_1_230' title='bbox 1106 3378 1225 3439; x_wconf 88' lang='lat' dir='ltr'>lacrimo</span> <span class='ocrx_word' id='word_1_231' title='bbox 1246 3380 1410 3456; x_wconf 77' lang='lat' dir='ltr'>lacrimari3</span> 
     </span>
     <span class='ocr_line' id='line_1_31' title="bbox 109 3472 1139 3554; baseline 0.001 -16"><span class='ocrx_word' id='word_1_232' title='bbox 109 3496 163 3538; x_wconf 90' lang='lat' dir='ltr'>nec</span> <span class='ocrx_word' id='word_1_233' title='bbox 181 3475 339 3554; x_wconf 84' lang='lat' dir='ltr'>quisquam</span> <span class='ocrx_word' id='word_1_234' title='bbox 359 3492 425 3534; x_wconf 87' lang='lat' dir='ltr'>esse</span> <span class='ocrx_word' id='word_1_235' title='bbox 445 3472 582 3534; x_wconf 88' lang='lat' dir='ltr'>lacrimor</span> <span class='ocrx_word' id='word_1_236' title='bbox 601 3475 715 3548; x_wconf 88' lang='lat' dir='ltr'>credat,</span> <span class='ocrx_word' id='word_1_237' title='bbox 738 3474 870 3551; x_wconf 82' lang='lat' dir='ltr'>quamvis</span> <span class='ocrx_word' id='word_1_238' title='bbox 895 3475 1016 3537; x_wconf 83' lang='lat' dir='ltr'>Ovidius</span> <span class='ocrx_word' id='word_1_239' title='bbox 1034 3478 1139 3539; x_wconf 81' lang='lat' dir='ltr'>dixerit</span> 
     </span>
    </p>
   </div>
   <div class='ocr_carea' id='block_1_8' title="bbox 175 3627 1352 3689">
    <p class='ocr_par' dir='ltr' id='par_1_11' title="bbox 175 3627 1352 3689">
     <span class='ocr_line' id='line_1_32' title="bbox 175 3627 1352 3689; baseline 0.003 -12"><span class='ocrx_word' id='word_1_240' title='bbox 175 3627 282 3677; x_wconf 77' lang='lat' dir='ltr'>denirn</span> <span class='ocrx_word' id='word_1_241' title='bbox 302 3641 351 3675; x_wconf 90' lang='lat' dir='ltr'>non</span> <span class='ocrx_word' id='word_1_242' title='bbox 370 3639 387 3682; x_wconf 86' lang='grc' dir='ltr'><strong>ς</strong></span> <span class='ocrx_word' id='word_1_243' title='bbox 405 3628 538 3675; x_wconf 86' lang='lat' dir='ltr'>nonenim</span> <span class='ocrx_word' id='word_1_244' title='bbox 557 3627 639 3677; x_wconf 90' lang='lat' dir='ltr'>ABM</span> <span class='ocrx_word' id='word_1_245' title='bbox 676 3628 705 3677; x_wconf 94' lang='lat' dir='ltr'>ll</span> <span class='ocrx_word' id='word_1_246' title='bbox 759 3642 792 3678; x_wconf 87' lang='lat' dir='ltr'>an</span> <span class='ocrx_word' id='word_1_247' title='bbox 809 3628 933 3677; x_wconf 84' lang='lat' dir='ltr'>tertis-</span> <span class='ocrx_word' id='word_1_248' title='bbox 953 3627 984 3679; x_wconf 80' lang='lat'>12</span> <span class='ocrx_word' id='word_1_249' title='bbox 1002 3630 1120 3679; x_wconf 78' lang='lat' dir='ltr'>dissentit</span> <span class='ocrx_word' id='word_1_250' title='bbox 1138 3646 1184 3681; x_wconf 87' lang='lat' dir='ltr'>om.</span> <span class='ocrx_word' id='word_1_251' title='bbox 1204 3629 1238 3689; x_wconf 88' lang='lat' dir='ltr'>B,</span> <span class='ocrx_word' id='word_1_252' title='bbox 1256 3630 1352 3681; x_wconf 74' lang='lat' dir='ltr'>oridd</span> 
     </span>
    </p>
   </div>
   <div class='ocr_carea' id='block_1_9' title="bbox 109 3703 1409 4641">
    <p class='ocr_par' dir='ltr' id='par_1_12' title="bbox 109 3703 1409 4641">
     <span class='ocr_line' id='line_1_33' title="bbox 249 3703 261 3730; baseline 0 0"><span class='ocrx_word' id='word_1_253' title='bbox 249 3703 261 3730; x_wconf 71' lang='lat'>0</span> 
     </span>
     <span class='ocr_line' id='line_1_34' title="bbox 109 3744 1407 3816; baseline 0.002 -19"><span class='ocrx_word' id='word_1_254' title='bbox 109 3748 138 3797; x_wconf 79' lang='lat'>12</span> <span class='ocrx_word' id='word_1_255' title='bbox 159 3747 281 3798; x_wconf 79' lang='lat' dir='ltr'>dissentit</span> <span class='ocrx_word' id='word_1_256' title='bbox 301 3744 333 3794; x_wconf 89' lang='lat' dir='ltr'><em>M</em></span> <span class='ocrx_word' id='word_1_257' title='bbox 347 3746 468 3794; x_wconf 85' lang='lat' dir='ltr'>dissensit</span> <span class='ocrx_word' id='word_1_258' title='bbox 488 3747 528 3795; x_wconf 85' lang='lat' dir='ltr'>Ad</span> <span class='ocrx_word' id='word_1_259' title='bbox 615 3745 688 3812; x_wconf 85' lang='lat' dir='ltr'>levo]</span> <span class='ocrx_word' id='word_1_260' title='bbox 716 3749 844 3798; x_wconf 79' lang='lat' dir='ltr'>Priscian.</span> <span class='ocrx_word' id='word_1_261' title='bbox 865 3765 895 3813; x_wconf 89' lang='lat' dir='ltr'>p.</span> <span class='ocrx_word' id='word_1_262' title='bbox 915 3747 964 3799; x_wconf 81' lang='lat' dir='ltr'>sol</span> <span class='ocrx_word' id='word_1_263' title='bbox 1057 3749 1089 3800; x_wconf 82' lang='lat'>1³</span> <span class='ocrx_word' id='word_1_264' title='bbox 1107 3748 1229 3816; x_wconf 86' lang='lat' dir='ltr'>pseodolo</span> <span class='ocrx_word' id='word_1_265' title='bbox 1249 3748 1295 3799; x_wconf 85' lang='lat' dir='ltr'>M:</span> <span class='ocrx_word' id='word_1_266' title='bbox 1324 3750 1407 3800; x_wconf 73' lang='lat' dir='ltr'>Pron.</span> 
     </span>
     <span class='ocr_line' id='line_1_35' title="bbox 109 3814 1408 3884; baseline 0.001 -18"><span class='ocrx_word' id='word_1_267' title='bbox 109 3817 202 3866; x_wconf 82' lang='lat' dir='ltr'>Pseud.</span> <span class='ocrx_word' id='word_1_268' title='bbox 221 3818 231 3865; x_wconf 94' lang='lat' dir='ltr'>l</span> <span class='ocrx_word' id='word_1_269' title='bbox 253 3816 276 3873; x_wconf 89' lang='lat'>1,</span> <span class='ocrx_word' id='word_1_270' title='bbox 295 3815 312 3865; x_wconf 89' lang='lat'>8</span> <span class='ocrx_word' id='word_1_271' title='bbox 330 3814 377 3877; x_wconf 88' lang='grc'>(10</span> <span class='ocrx_word' id='word_1_272' title='bbox 396 3815 431 3875; x_wconf 81' lang='lat' dir='ltr'>lt)</span> <span class='ocrx_word' id='word_1_273' title='bbox 505 3815 536 3864; x_wconf 85' lang='grc'>14</span> <span class='ocrx_word' id='word_1_274' title='bbox 552 3816 616 3866; x_wconf 83' lang='lat' dir='ltr'>labis</span> <span class='ocrx_word' id='word_1_275' title='bbox 635 3818 659 3867; x_wconf 99' lang='lat' dir='ltr'><em>A</em></span> <span class='ocrx_word' id='word_1_276' title='bbox 733 3817 763 3867; x_wconf 73' lang='lat' dir='ltr'>ld</span> <span class='ocrx_word' id='word_1_277' title='bbox 781 3815 921 3884; x_wconf 83' lang='lat' dir='ltr'>Vergilius]</span> <span class='ocrx_word' id='word_1_278' title='bbox 943 3819 1008 3870; x_wconf 84' lang='lat' dir='ltr'>Aen.</span> <span class='ocrx_word' id='word_1_279' title='bbox 1029 3818 1129 3870; x_wconf 84' lang='grc'><strong>111663</strong></span> <span class='ocrx_word' id='word_1_280' title='bbox 1208 3817 1239 3865; x_wconf 84' lang='grc'>17</span> <span class='ocrx_word' id='word_1_281' title='bbox 1258 3832 1304 3883; x_wconf 90' lang='lat' dir='ltr'>pro</span> <span class='ocrx_word' id='word_1_282' title='bbox 1323 3833 1408 3867; x_wconf 87' lang='lat' dir='ltr'>umec-</span> 
     </span>
     <span class='ocr_line' id='line_1_36' title="bbox 109 3883 1408 3951; baseline 0.002 -16"><span class='ocrx_word' id='word_1_283' title='bbox 109 3893 140 3935; x_wconf 85' lang='lat' dir='ltr'>tat</span> <span class='ocrx_word' id='word_1_284' title='bbox 159 3886 185 3934; x_wconf 83' lang='lat' dir='ltr'><em>A</em></span> <span class='ocrx_word' id='word_1_285' title='bbox 205 3899 253 3950; x_wconf 91' lang='lat' dir='ltr'>pro</span> <span class='ocrx_word' id='word_1_286' title='bbox 272 3883 399 3933; x_wconf 81' lang='lat' dir='ltr'>humectat</span> <span class='ocrx_word' id='word_1_287' title='bbox 415 3886 534 3934; x_wconf 80' lang='lat' dir='ltr'>inlitora</span> <span class='ocrx_word' id='word_1_288' title='bbox 552 3885 578 3934; x_wconf 88' lang='lat' dir='ltr'><em>B</em></span> <span class='ocrx_word' id='word_1_289' title='bbox 592 3901 638 3950; x_wconf 87' lang='lat' dir='ltr'>per</span> <span class='ocrx_word' id='word_1_290' title='bbox 656 3893 765 3935; x_wconf 85' lang='lat' dir='ltr'>umectat</span> <span class='ocrx_word' id='word_1_291' title='bbox 785 3885 816 3934; x_wconf 91' lang='lat' dir='ltr'><em>M</em></span> <span class='ocrx_word' id='word_1_292' title='bbox 877 3889 1067 3951; x_wconf 82' lang='lat' dir='ltr'>,coninquinat</span> <span class='ocrx_word' id='word_1_293' title='bbox 1085 3889 1110 3936; x_wconf 93' lang='lat' dir='ltr'><em>A</em></span> <span class='ocrx_word' id='word_1_294' title='bbox 1194 3885 1226 3936; x_wconf 87' lang='grc'>18</span> <span class='ocrx_word' id='word_1_295' title='bbox 1245 3887 1408 3937; x_wconf 87' lang='lat' dir='ltr'>euidenterb</span> 
     </span>
     <span class='ocr_line' id='line_1_37' title="bbox 109 3952 1408 4024; baseline 0.001 -21"><span class='ocrx_word' id='word_1_296' title='bbox 109 3954 224 4004; x_wconf 88' lang='lat' dir='ltr'>uidenter</span> <span class='ocrx_word' id='word_1_297' title='bbox 241 3952 268 4002; x_wconf 91' lang='lat' dir='ltr'><em>B</em></span> <span class='ocrx_word' id='word_1_298' title='bbox 284 3953 401 4002; x_wconf 87' lang='lat' dir='ltr'>uidentur</span> <span class='ocrx_word' id='word_1_299' title='bbox 419 3952 479 4001; x_wconf 88' lang='lat' dir='ltr'>AM</span> <span class='ocrx_word' id='word_1_300' title='bbox 538 3956 580 4018; x_wconf 22' lang='lat'>222</span> <span class='ocrx_word' id='word_1_301' title='bbox 599 3955 675 4004; x_wconf 87' lang='lat' dir='ltr'>libius</span> <span class='ocrx_word' id='word_1_302' title='bbox 690 3955 741 4004; x_wconf 90' lang='lat' dir='ltr'>AB</span> <span class='ocrx_word' id='word_1_303' title='bbox 758 3955 832 4003; x_wconf 81' lang='lat' dir='ltr'>libies</span> <span class='ocrx_word' id='word_1_304' title='bbox 852 3954 897 4003; x_wconf 89' lang='lat' dir='ltr'>M:</span> <span class='ocrx_word' id='word_1_305' title='bbox 916 3957 1005 4005; x_wconf 88' lang='lat' dir='ltr'>Liuius</span> <span class='ocrx_word' id='word_1_306' title='bbox 1024 3956 1105 4006; x_wconf 86' lang='lat' dir='ltr'>Varro</span> <span class='ocrx_word' id='word_1_307' title='bbox 1124 3965 1148 4005; x_wconf 85' lang='lat' dir='ltr'>et</span> <span class='ocrx_word' id='word_1_308' title='bbox 1169 3955 1310 4006; x_wconf 80' lang='lat' dir='ltr'>Fenestella</span> <span class='ocrx_word' id='word_1_309' title='bbox 1328 3956 1408 4024; x_wconf 79' lang='lat' dir='ltr'>quiri-</span> 
     </span>
     <span class='ocr_line' id='line_1_38' title="bbox 109 4021 1409 4090; baseline 0.002 -18"><span class='ocrx_word' id='word_1_310' title='bbox 109 4024 194 4078; x_wconf 70' lang='lat' dir='ltr'>tauic</span> <span class='ocrx_word' id='word_1_311' title='bbox 282 4024 307 4070; x_wconf 93' lang='lat' dir='ltr'>in</span> <span class='ocrx_word' id='word_1_312' title='bbox 325 4023 399 4070; x_wconf 87' lang='lat' dir='ltr'>attico</span> <span class='ocrx_word' id='word_1_313' title='bbox 418 4021 477 4071; x_wconf 89' lang='grc' dir='ltr'>ΒΜ</span> <span class='ocrx_word' id='word_1_314' title='bbox 493 4023 518 4070; x_wconf 91' lang='lat' dir='ltr'>in</span> <span class='ocrx_word' id='word_1_315' title='bbox 537 4024 616 4072; x_wconf 84' lang='lat' dir='ltr'>netieo</span> <span class='ocrx_word' id='word_1_316' title='bbox 631 4024 656 4072; x_wconf 93' lang='lat' dir='ltr'><em>A</em></span> <span class='ocrx_word' id='word_1_317' title='bbox 679 4026 705 4072; x_wconf 93' lang='lat' dir='ltr'>in</span> <span class='ocrx_word' id='word_1_318' title='bbox 729 4025 811 4072; x_wconf 91' lang='lat' dir='ltr'>aetino</span> <span class='ocrx_word' id='word_1_319' title='bbox 831 4025 915 4075; x_wconf 70' lang='lat' dir='ltr'>codex</span> <span class='ocrx_word' id='word_1_320' title='bbox 931 4026 1048 4089; x_wconf 81' lang='lat' dir='ltr'>Scioppii</span> <span class='ocrx_word' id='word_1_321' title='bbox 1065 4041 1135 4090; x_wconf 75' lang='lat' dir='ltr'>susp.</span> <span class='ocrx_word' id='word_1_322' title='bbox 1154 4029 1212 4075; x_wconf 83' lang='lat' dir='ltr'>lect.</span> <span class='ocrx_word' id='word_1_323' title='bbox 1228 4024 1252 4073; x_wconf 91' lang='lat' dir='ltr'>V</span> <span class='ocrx_word' id='word_1_324' title='bbox 1269 4027 1286 4076; x_wconf 80' lang='lat'><strong>4</strong></span> <span class='ocrx_word' id='word_1_325' title='bbox 1304 4035 1328 4077; x_wconf 86' lang='lat' dir='ltr'>et</span> <span class='ocrx_word' id='word_1_326' title='bbox 1346 4026 1409 4074; x_wconf 77' lang='lat' dir='ltr'>Pst-</span> 
     </span>
     <span class='ocr_line' id='line_1_39' title="bbox 109 4090 1407 4158; baseline 0.002 -17"><span class='ocrx_word' id='word_1_327' title='bbox 109 4093 197 4142; x_wconf 72' lang='lat' dir='ltr'>relius.</span> <span class='ocrx_word' id='word_1_328' title='bbox 215 4093 245 4140; x_wconf 87' lang='lat' dir='ltr'>in</span> <span class='ocrx_word' id='word_1_329' title='bbox 265 4100 353 4139; x_wconf 83' lang='lat' dir='ltr'>octavo</span> <span class='ocrx_word' id='word_1_330' title='bbox 373 4090 499 4141; x_wconf 71' lang='lat' dir='ltr'>Mulieres</span> <span class='ocrx_word' id='word_1_331' title='bbox 516 4094 542 4141; x_wconf 79' lang='lat' dir='ltr'>in</span> <span class='ocrx_word' id='word_1_332' title='bbox 564 4094 644 4142; x_wconf 73' lang='lat' dir='ltr'>Vm.</span> <span class='ocrx_word' id='word_1_333' title='bbox 662 4095 695 4143; x_wconf 82' lang='lat' dir='ltr'>de</span> <span class='ocrx_word' id='word_1_334' title='bbox 712 4098 729 4144; x_wconf 87' lang='grc'>1.</span> <span class='ocrx_word' id='word_1_335' title='bbox 747 4093 780 4143; x_wconf 73' lang='lat'>1..</span> <span class='ocrx_word' id='word_1_336' title='bbox 796 4110 824 4157; x_wconf 89' lang='lat' dir='ltr'>p.</span> <span class='ocrx_word' id='word_1_337' title='bbox 840 4092 892 4143; x_wconf 79' lang='grc'>268</span> <span class='ocrx_word' id='word_1_338' title='bbox 980 4094 1083 4157; x_wconf 83' lang='lat' dir='ltr'>quiritat</span> <span class='ocrx_word' id='word_1_339' title='bbox 1105 4095 1241 4158; x_wconf 77' lang='lat' dir='ltr'>Scioppius</span> <span class='ocrx_word' id='word_1_340' title='bbox 1259 4098 1276 4145; x_wconf 88' lang='lat' dir='ltr'>t.</span> <span class='ocrx_word' id='word_1_341' title='bbox 1295 4112 1318 4146; x_wconf 87' lang='lat' dir='ltr'>c.</span> <span class='ocrx_word' id='word_1_342' title='bbox 1336 4098 1407 4145; x_wconf 82' lang='lat' dir='ltr'>locs·</span> 
     </span>
     <span class='ocr_line' id='line_1_40' title="bbox 109 4161 1406 4227; baseline 0.001 -16"><span class='ocrx_word' id='word_1_343' title='bbox 109 4177 151 4211; x_wconf 78' lang='lat' dir='ltr'>eae</span> <span class='ocrx_word' id='word_1_344' title='bbox 168 4161 261 4226; x_wconf 74' lang='lat' dir='ltr'>quibam</span> <span class='ocrx_word' id='word_1_345' title='bbox 280 4161 347 4209; x_wconf 78' lang='lat' dir='ltr'>Liuii</span> <span class='ocrx_word' id='word_1_346' title='bbox 371 4170 395 4209; x_wconf 88' lang='lat' dir='ltr'>et</span> <span class='ocrx_word' id='word_1_347' title='bbox 416 4162 544 4211; x_wconf 78' lang='lat' dir='ltr'>Varronis</span> <span class='ocrx_word' id='word_1_348' title='bbox 569 4167 685 4226; x_wconf 72' lang='lat' dir='ltr'>exesupla</span> <span class='ocrx_word' id='word_1_349' title='bbox 705 4164 816 4227; x_wconf 81' lang='lat' dir='ltr'>periisse</span> <span class='ocrx_word' id='word_1_350' title='bbox 838 4164 953 4213; x_wconf 80' lang='lat' dir='ltr'>videntur</span> <span class='ocrx_word' id='word_1_351' title='bbox 975 4164 1103 4214; x_wconf 81' lang='lat' dir='ltr'>indicavi:</span> <span class='ocrx_word' id='word_1_352' title='bbox 1131 4164 1166 4226; x_wconf 61' lang='grc' dir='ltr'>(Ι.</span> <span class='ocrx_word' id='word_1_353' title='bbox 1189 4165 1269 4213; x_wconf 77' lang='lat' dir='ltr'>Vm.</span> <span class='ocrx_word' id='word_1_354' title='bbox 1288 4165 1321 4213; x_wconf 85' lang='lat' dir='ltr'>de</span> <span class='ocrx_word' id='word_1_355' title='bbox 1335 4167 1353 4213; x_wconf 86' lang='lat' dir='ltr'>l.</span> <span class='ocrx_word' id='word_1_356' title='bbox 1372 4163 1406 4212; x_wconf 64' lang='lat' dir='ltr'>Ia.</span> 
     </span>
     <span class='ocr_line' id='line_1_41' title="bbox 109 4226 1405 4297; baseline 0.003 -20"><span class='ocrx_word' id='word_1_357' title='bbox 109 4229 138 4279; x_wconf 83' lang='lat' dir='ltr'>vt</span> <span class='ocrx_word' id='word_1_358' title='bbox 156 4229 191 4280; x_wconf 79' lang='grc'>68</span> <span class='ocrx_word' id='word_1_359' title='bbox 211 4247 237 4291; x_wconf 85' lang='lat' dir='ltr'>p.</span> <span class='ocrx_word' id='word_1_360' title='bbox 257 4229 310 4278; x_wconf 74' lang='lat'>244</span> <span class='ocrx_word' id='word_1_361' title='bbox 328 4229 372 4291; x_wconf 85' lang='lat' dir='ltr'>Sp.</span> <span class='ocrx_word' id='word_1_362' title='bbox 461 4228 494 4278; x_wconf 81' lang='lat'>2³</span> <span class='ocrx_word' id='word_1_363' title='bbox 513 4226 545 4277; x_wconf 85' lang='lat' dir='ltr'>de&#39;</span> <span class='ocrx_word' id='word_1_364' title='bbox 565 4229 697 4279; x_wconf 70' lang='lat' dir='ltr'>fenestella</span> <span class='ocrx_word' id='word_1_365' title='bbox 710 4240 771 4296; x_wconf 87' lang='lat' dir='ltr'>post</span> <span class='ocrx_word' id='word_1_366' title='bbox 790 4231 958 4281; x_wconf 72' lang='lat' dir='ltr'>Mercktiuum</span> <span class='ocrx_word' id='word_1_367' title='bbox 975 4233 1069 4282; x_wconf 82' lang='lat' dir='ltr'>Pla’ioi.</span> <span class='ocrx_word' id='word_1_368' title='bbox 1088 4233 1122 4281; x_wconf 95' lang='lat' dir='ltr'>lll</span> <span class='ocrx_word' id='word_1_369' title='bbox 1139 4249 1165 4297; x_wconf 87' lang='lat' dir='ltr'>p.</span> <span class='ocrx_word' id='word_1_370' title='bbox 1186 4229 1233 4280; x_wconf 79' lang='grc'>151</span> <span class='ocrx_word' id='word_1_371' title='bbox 1252 4231 1366 4294; x_wconf 72' lang='lat' dir='ltr'>defendit</span> <span class='ocrx_word' id='word_1_372' title='bbox 1381 4231 1405 4281; x_wconf 87' lang='lat'>1.</span> 
     </span>
     <span class='ocr_line' id='line_1_42' title="bbox 109 4297 1405 4364; baseline -0.001 -16"><span class='ocrx_word' id='word_1_373' title='bbox 109 4300 226 4351; x_wconf 79' lang='lat' dir='ltr'>Poetds&#39;us</span> <span class='ocrx_word' id='word_1_374' title='bbox 245 4299 278 4347; x_wconf 84' lang='lat' dir='ltr'>de</span> <span class='ocrx_word' id='word_1_375' title='bbox 295 4299 436 4347; x_wconf 78' lang='lat' dir='ltr'>Fenestella</span> <span class='ocrx_word' id='word_1_376' title='bbox 453 4299 557 4347; x_wconf 71' lang='lat' dir='ltr'>dissert.</span> <span class='ocrx_word' id='word_1_377' title='bbox 584 4298 693 4348; x_wconf 83' lang='lat' dir='ltr'>Bonnae</span> <span class='ocrx_word' id='word_1_378' title='bbox 709 4317 734 4349; x_wconf 84' lang='lat' dir='ltr'>a.</span> <span class='ocrx_word' id='word_1_379' title='bbox 756 4297 823 4350; x_wconf 79' lang='lat'>1849</span> <span class='ocrx_word' id='word_1_380' title='bbox 844 4317 872 4364; x_wconf 82' lang='lat' dir='ltr'>p.</span> <span class='ocrx_word' id='word_1_381' title='bbox 890 4299 907 4349; x_wconf 86' lang='lat'>6</span> <span class='ocrx_word' id='word_1_382' title='bbox 993 4308 1078 4349; x_wconf 86' lang='lat' dir='ltr'>entem</span> <span class='ocrx_word' id='word_1_383' title='bbox 1097 4300 1166 4350; x_wconf 81' lang='lat' dir='ltr'>Bet</span> <span class='ocrx_word' id='word_1_384' title='bbox 1185 4299 1244 4349; x_wconf 92' lang='lat' dir='ltr'>AM</span> <span class='ocrx_word' id='word_1_385' title='bbox 1326 4300 1405 4362; x_wconf 85' lang='lat' dir='ltr'>quiri-</span> 
     </span>
     <span class='ocr_line' id='line_1_43' title="bbox 109 4365 1406 4433; baseline 0 -17"><span class='ocrx_word' id='word_1_386' title='bbox 109 4382 177 4417; x_wconf 55' lang='grc' dir='ltr'>ἰι-ο</span> <span class='ocrx_word' id='word_1_387' title='bbox 195 4366 221 4415; x_wconf 97' lang='lat' dir='ltr'><em>A</em></span> <span class='ocrx_word' id='word_1_388' title='bbox 293 4365 398 4428; x_wconf 85' lang='lat' dir='ltr'>quirites</span> <span class='ocrx_word' id='word_1_389' title='bbox 417 4367 482 4415; x_wconf 89' lang='lat' dir='ltr'>ciere</span> <span class='ocrx_word' id='word_1_390' title='bbox 504 4366 555 4415; x_wconf 90' lang='lat' dir='ltr'>AB</span> <span class='ocrx_word' id='word_1_391' title='bbox 573 4368 735 4430; x_wconf 84' lang='lat' dir='ltr'>quiriteseere</span> <span class='ocrx_word' id='word_1_392' title='bbox 754 4368 788 4418; x_wconf 97' lang='lat' dir='ltr'><em>M</em></span> <span class='ocrx_word' id='word_1_393' title='bbox 856 4368 890 4417; x_wconf 75' lang='lat'>24</span> <span class='ocrx_word' id='word_1_394' title='bbox 905 4365 1047 4433; x_wconf 79' lang='lat' dir='ltr'>Vergilius]</span> <span class='ocrx_word' id='word_1_395' title='bbox 1068 4370 1133 4419; x_wconf 82' lang='lat' dir='ltr'>Aeo.</span> <span class='ocrx_word' id='word_1_396' title='bbox 1154 4366 1244 4418; x_wconf 86' lang='grc'><strong>11130</strong></span> <span class='ocrx_word' id='word_1_397' title='bbox 1312 4367 1347 4418; x_wconf 76' lang='lat'>26</span> <span class='ocrx_word' id='word_1_398' title='bbox 1365 4367 1406 4417; x_wconf 87' lang='lat' dir='ltr'>Ci-</span> 
     </span>
     <span class='ocr_line' id='line_1_44' title="bbox 109 4433 1406 4501; baseline 0.002 -17"><span class='ocrx_word' id='word_1_399' title='bbox 109 4450 161 4484; x_wconf 69' lang='lat' dir='ltr'>cero</span> <span class='ocrx_word' id='word_1_400' title='bbox 178 4435 213 4484; x_wconf 86' lang='lat' dir='ltr'>nd</span> <span class='ocrx_word' id='word_1_401' title='bbox 232 4433 337 4483; x_wconf 70' lang='lat' dir='ltr'>fratrem</span> <span class='ocrx_word' id='word_1_402' title='bbox 355 4435 435 4496; x_wconf 87' lang='lat' dir='ltr'>inquit</span> <span class='ocrx_word' id='word_1_403' title='bbox 454 4434 569 4483; x_wconf 81' lang='lat' dir='ltr'>adsentio</span> <span class='ocrx_word' id='word_1_404' title='bbox 588 4434 694 4484; x_wconf 88' lang='lat' dir='ltr'>Lentulo</span> <span class='ocrx_word' id='word_1_405' title='bbox 713 4452 730 4492; x_wconf 84' lang='grc' dir='ltr'><strong><em>ς</em></strong></span> <span class='ocrx_word' id='word_1_406' title='bbox 817 4437 997 4501; x_wconf 80' lang='lat' dir='ltr'>aepistolarum</span> <span class='ocrx_word' id='word_1_407' title='bbox 1015 4436 1080 4488; x_wconf 88' lang='lat' dir='ltr'>AB:</span> <span class='ocrx_word' id='word_1_408' title='bbox 1104 4437 1156 4487; x_wconf 70' lang='grc' dir='ltr'>θέο.</span> <span class='ocrx_word' id='word_1_409' title='bbox 1175 4438 1211 4486; x_wconf 86' lang='lat' dir='ltr'>od</span> <span class='ocrx_word' id='word_1_410' title='bbox 1227 4435 1308 4497; x_wconf 72' lang='lat' dir='ltr'>Qudne.</span> <span class='ocrx_word' id='word_1_411' title='bbox 1325 4435 1406 4499; x_wconf 58' lang='lat' dir='ltr'>from.</span> 
     </span>
     <span class='ocr_line' id='line_1_45' title="bbox 109 4503 1406 4571; baseline 0.001 -18"><span class='ocrx_word' id='word_1_412' title='bbox 109 4506 127 4553; x_wconf 94' lang='lat' dir='ltr'>ll</span> <span class='ocrx_word' id='word_1_413' title='bbox 143 4504 203 4564; x_wconf 80' lang='lat'>1‚2</span> <span class='ocrx_word' id='word_1_414' title='bbox 277 4503 388 4551; x_wconf 84' lang='lat' dir='ltr'>secundo</span> <span class='ocrx_word' id='word_1_415' title='bbox 407 4503 490 4552; x_wconf 84' lang='grc' dir='ltr'>ΑΒΜ</span> <span class='ocrx_word' id='word_1_416' title='bbox 507 4513 531 4553; x_wconf 87' lang='lat' dir='ltr'>et</span> <span class='ocrx_word' id='word_1_417' title='bbox 548 4505 632 4554; x_wconf 77' lang='lat' dir='ltr'>codex</span> <span class='ocrx_word' id='word_1_418' title='bbox 649 4505 765 4569; x_wconf 82' lang='lat' dir='ltr'>Scioppii</span> <span class='ocrx_word' id='word_1_419' title='bbox 841 4504 943 4571; x_wconf 88' lang='lat' dir='ltr'>lllippus</span> <span class='ocrx_word' id='word_1_420' title='bbox 961 4505 987 4554; x_wconf 97' lang='lat' dir='ltr'><em>A</em></span> <span class='ocrx_word' id='word_1_421' title='bbox 1005 4505 1120 4571; x_wconf 72' lang='lat' dir='ltr'>lylippus</span> <span class='ocrx_word' id='word_1_422' title='bbox 1137 4504 1197 4555; x_wconf 85' lang='grc' dir='ltr'>ΒΜ</span> <span class='ocrx_word' id='word_1_423' title='bbox 1275 4505 1363 4569; x_wconf 79' lang='lat' dir='ltr'>iuqerid</span> <span class='ocrx_word' id='word_1_424' title='bbox 1381 4506 1406 4554; x_wconf 92' lang='lat' dir='ltr'><em>A</em></span> 
     </span>
     <span class='ocr_line' id='line_1_46' title="bbox 172 4571 1340 4641; baseline 0.002 -19"><span class='ocrx_word' id='word_1_425' title='bbox 172 4573 287 4622; x_wconf 83' lang='lat' dir='ltr'>adsentit</span> <span class='ocrx_word' id='word_1_426' title='bbox 304 4572 330 4620; x_wconf 90' lang='lat' dir='ltr'><em>B</em></span> <span class='ocrx_word' id='word_1_427' title='bbox 347 4571 461 4620; x_wconf 87' lang='lat' dir='ltr'>adsentio</span> <span class='ocrx_word' id='word_1_428' title='bbox 479 4573 537 4621; x_wconf 88' lang='lat' dir='ltr'>AM</span> <span class='ocrx_word' id='word_1_429' title='bbox 553 4581 577 4622; x_wconf 88' lang='lat' dir='ltr'>et</span> <span class='ocrx_word' id='word_1_430' title='bbox 594 4575 678 4623; x_wconf 73' lang='lat' dir='ltr'>codex</span> <span class='ocrx_word' id='word_1_431' title='bbox 695 4573 811 4638; x_wconf 76' lang='lat' dir='ltr'>Sdoppii</span> <span class='ocrx_word' id='word_1_432' title='bbox 880 4575 913 4624; x_wconf 81' lang='lat'>27</span> <span class='ocrx_word' id='word_1_433' title='bbox 932 4575 1053 4624; x_wconf 77' lang='lat' dir='ltr'>salustius</span> <span class='ocrx_word' id='word_1_434' title='bbox 1072 4573 1145 4641; x_wconf 85' lang='lat' dir='ltr'>BM:</span> <span class='ocrx_word' id='word_1_435' title='bbox 1162 4575 1226 4624; x_wconf 75' lang='lat' dir='ltr'>Seu.</span> <span class='ocrx_word' id='word_1_436' title='bbox 1241 4573 1296 4625; x_wconf 83' lang='lat' dir='ltr'>Cot.</span> <span class='ocrx_word' id='word_1_437' title='bbox 1307 4575 1340 4624; x_wconf 73' lang='lat'>52</span> 
     </span>
    </p>
   </div>
   <div class='ocr_carea' id='block_1_10' title="bbox 109 4663 1406 4824">
    <p class='ocr_par' dir='ltr' id='par_1_13' title="bbox 109 4663 1406 4824">
     <span class='ocr_line' id='line_1_47' title="bbox 110 4663 1406 4745; baseline 0.002 -6"><span class='ocrx_word' id='word_1_438' title='bbox 110 4692 192 4739; x_wconf 75' lang='lat' dir='ltr'>nanae</span> <span class='ocrx_word' id='word_1_439' title='bbox 212 4690 265 4738; x_wconf 88' lang='lat' dir='ltr'>AB</span> <span class='ocrx_word' id='word_1_440' title='bbox 341 4691 380 4738; x_wconf 66' lang='grc'>’18</span> <span class='ocrx_word' id='word_1_441' title='bbox 395 4663 423 4737; x_wconf 67' lang='lat' dir='ltr'>ei</span> <span class='ocrx_word' id='word_1_442' title='bbox 440 4692 557 4739; x_wconf 85' lang='lat' dir='ltr'>obseruio</span> <span class='ocrx_word' id='word_1_443' title='bbox 576 4691 602 4739; x_wconf 88' lang='lat' dir='ltr'><em>B</em></span> <span class='ocrx_word' id='word_1_444' title='bbox 619 4690 771 4740; x_wconf 86' lang='lat' dir='ltr'>udobseruio</span> <span class='ocrx_word' id='word_1_445' title='bbox 790 4692 849 4742; x_wconf 94' lang='lat' dir='ltr'>AM</span> <span class='ocrx_word' id='word_1_446' title='bbox 865 4693 1007 4742; x_wconf 82' lang='lat' dir='ltr'>adobseruo</span> <span class='ocrx_word' id='word_1_447' title='bbox 1023 4694 1165 4745; x_wconf 65' lang='lat' dir='ltr'>Pometios.</span> <span class='ocrx_word' id='word_1_448' title='bbox 1196 4691 1311 4743; x_wconf 66' lang='lat' dir='ltr'>murno</span> <span class='ocrx_word' id='word_1_449' title='bbox 1330 4691 1406 4743; x_wconf 87' lang='lat' dir='ltr'>laneo</span> 
     </span>
     <span class='ocr_line' id='line_1_48' title="bbox 109 4757 892 4824; baseline 0.004 -16"><span class='ocrx_word' id='word_1_450' title='bbox 109 4763 173 4822; x_wconf 75' lang='lat' dir='ltr'>plote</span> <span class='ocrx_word' id='word_1_451' title='bbox 191 4761 281 4809; x_wconf 64' lang='lat' dir='ltr'>Parus.</span> <span class='ocrx_word' id='word_1_452' title='bbox 300 4759 341 4808; x_wconf 85' lang='lat' dir='ltr'>ed.</span> <span class='ocrx_word' id='word_1_453' title='bbox 362 4760 475 4808; x_wconf 82' lang='lat' dir='ltr'>Hildebr.</span> <span class='ocrx_word' id='word_1_454' title='bbox 547 4759 581 4809; x_wconf 78' lang='lat'>29</span> <span class='ocrx_word' id='word_1_455' title='bbox 599 4757 716 4824; x_wconf 82' lang='lat' dir='ltr'>Ovidius]</span> <span class='ocrx_word' id='word_1_456' title='bbox 730 4760 792 4822; x_wconf 79' lang='lat' dir='ltr'>fast.</span> <span class='ocrx_word' id='word_1_457' title='bbox 812 4761 892 4812; x_wconf 80' lang='lat'><strong>1339</strong></span> 
     </span>
    </p>
   </div>
   <div class='ocr_carea' id='block_1_11' title="bbox 0 0 1562 5356">
    <p class='ocr_par' dir='ltr' id='par_1_14' title="bbox 0 0 1562 5356">
     <span class='ocr_line' id='line_1_49' title="bbox 0 0 1562 5356; baseline 0 2"><span class='ocrx_word' id='word_1_458' title='bbox 0 0 1562 5356; x_wconf 95' lang='lat' dir='ltr'> </span> 
     </span>
    </p>
   </div>
  </div>
 </body>
</html>
