3114 5356
141 336 203 378 χιιι
732 313 939 376 PRAEFATIO

144 503 214 582 117,
234 502 254 562 6
272 502 311 562 de
323 502 485 574 orsmopim
507 499 542 561 in
556 495 692 583 reliquis
708 496 811 561 solum
826 518 945 561 nomen
961 497 1168 583 grammatici
1183 495 1302 584 posuit.
1334 519 1376 561 ne

140 610 250 665 tamen
273 597 415 663 dubitari
432 606 539 684 potest
551 599 631 685 quin
647 619 688 662 ex
710 619 775 662 uno
799 598 977 684 eodemque
995 597 1089 682 libro,
1112 620 1209 685 quem
1223 600 1322 662 certis
1335 601 1379 663 tit

141 704 211 788 ipse
220 701 387 765 Romanus
401 696 603 780 distinxisse,
619 700 903 765 communicatem
920 693 1083 781 ἀφορμῶν
1090 699 1222 762 nomine
1231 699 1379 786 inscripsi

142 802 284 883 videtur,
300 801 383 863 haec
399 799 509 863 omnia
523 801 626 886 petita
641 802 753 878 sint*).
776 807 808 864 et
825 822 867 863 ne
881 798 962 863 illud
978 798 1109 886 quidem
1123 799 1164 861 ab
1179 819 1218 862 eo
1234 799 1319 864 libro
1331 801 1379 865 dii

56 963 68 986 ‚
142 924 214 967 sum
230 910 294 978 est,
316 898 402 986 quod
418 905 628 966 disertissimus
649 910 724 967 ortis
740 907 869 981 scriptor
880 900 1047 965 Romanus
1059 899 1178 964 dieitur
1192 903 1265 982 232,
1279 904 1310 964 7.
1335 892 1379 984 ἀφ

140 1002 212 1087 μῶν
225 1002 357 1066 nonrine
371 1002 427 1088 qui
439 1003 474 1065 in
484 1003 698 1090 inscriptione
711 1002 788 1067 libri
804 1022 884 1066 usus
906 1002 949 1064 sit
966 1001 1052 1066 inter
1063 1002 1293 1086 grammaticos
1308 1023 1379 1088 pra<

141 1105 324 1169 Romanum
342 1104 421 1166 novi
442 1105 615 1185 neminem,
637 1125 680 1167 ex
696 1103 827 1168 diverso
840 1101 1021 1167 litterarum
1034 1122 1155 1186 genere
1177 1123 1278 1165 unum
1291 1101 1379 1190 Porp

141 1207 237 1286 rium,
245 1203 339 1268 cuius
352 1195 502 1288 ἀφορμαὶ
514 1197 598 1287 apris
609 1195 651 1267 ιά
662 1201 769 1286 νοητά
781 1213 814 1266 ot
823 1202 991 1268 aStobaeo
1005 1203 1136 1287 saepius
1148 1203 1267 1267 citatae
1279 1213 1379 1269 sunta

140 1305 235 1370 libris
248 1306 484 1391 manuscriptis
498 1308 546 1371 sic
558 1307 736 1392 inscriptae
745 1313 867 1369 extant.
890 1325 964 1368 eum
975 1301 1106 1367 titulum
1118 1313 1226 1367 autem
1238 1314 1328 1370 recte
1338 1306 1379 1369 ini

140 1406 257 1494 pretati
271 1404 503 1470 essevidentur
517 1408 540 1469 ii
551 1406 708 1493 quiqoasi
724 1405 886 1494 principia
899 1416 931 1469 et
944 1404 1105 1470 elementa
1119 1405 1345 1491 philosophiae
1352 1428 1379 1471 sr

140 1509 202 1572 mis
216 1505 411 1593 quibusdam
425 1509 595 1572 sententiis
608 1506 847 1594 conprehensa,
861 1504 979 1592 quibus
994 1507 1162 1570 institutus
1175 1506 1294 1594 aliquis
1309 1506 1379 1594 adp

140 1608 308 1672 iectiorem
326 1607 473 1672 veritatis
493 1609 713 1692 cognitionem
736 1609 907 1694 pervenire
929 1610 1049 1693 possit,
1068 1607 1207 1673 indicari
1226 1609 1379 1676 existima

141 1721 232 1775 runt:
262 1709 304 1773 ef.
328 1706 478 1773 Holsten.
502 1709 543 1775 de
566 1709 727 1796 Porphyr.
748 1710 807 1773 vit.
828 1716 861 1772 et
880 1709 991 1796 script.
1014 1733 1047 1796 p.
1071 1713 1112 1774 52
1137 1711 1279 1775 (heuzer
1297 1732 1378 1798 prae

139 1814 174 1876 in
197 1809 316 1874 Plotin.
339 1833 371 1896 p.
401 1807 536 1874 XXVII
561 1810 613 1875 ed.
637 1809 742 1874 Paris.
787 1809 849 1874 hoc
873 1810 975 1894 igitur
1000 1811 1186 1899 exemplum
1214 1821 1346 1877 secutus
1372 1811 1378 1876 l

139 1933 271 1976 manum
293 1931 422 1998 quoque
440 1911 570 1976 nominc
591 1913 669 1975 satis
692 1909 851 1996 singulari
874 1912 969 1975 initia
991 1913 1150 1999 quaedam
1171 1915 1252 1977 artis
1274 1935 1376 1998 gram}

139 2016 234 2095 tieae,
256 2011 376 2099 quibus
399 2011 507 2076 aditus
526 2013 568 2077 ad
591 2013 770 2100 perfectam
799 2013 879 2075 artis
904 2013 1072 2077 seientiam
1096 2024 1282 2100 pararetur,
1311 2018 1375 2103 sigi

139 2136 215 2180 care
234 2113 380 2179 voluisse
401 2115 560 2199 suspicor.
601 2114 763 2200 habetque
784 2112 928 2199 aliquam
951 2115 1257 2181 conmendationem
1279 2119 1373 2183 eain

138 2219 278 2304 pretatis
301 2214 343 2279 ab
366 2237 428 2279 usu
452 2215 522 2278 eius
546 2214 699 2280 vocabuli
720 2216 807 2301 apud
821 2226 971 2281 recentes
986 2219 1161 2304 scriptores
1184 2219 1218 2281 in
1233 2219 1372 2303 primis:

139 2328 259 2407 quante
266 2368 276 2402 ,
305 2315 392 2404 quod
416 2308 572 2399 ἀφορμὰς
599 2311 784 2399 λαμβάνειν
805 2317 961 2383 dixerunt
993 2340 1049 2384 cos
1078 2319 1134 2406 qui
1162 2318 1203 2382 ab
1231 2318 1306 2383 aliis
1334 2340 1371 2382 mr

139 2421 220 2484 riem
237 2418 412 2496 scribendi,
432 2441 530 2505 quam
551 2418 682 2503 longius
703 2420 995 2505 persequebantur,
1015 2420 1202 2506 petiverunt
1225 2428 1257 2483 et
1278 2411 1369 2504 ἀφορ

138 2515 271 2586 διδόναι
299 2520 359 2586 hos
393 2522 448 2607 qui
478 2520 552 2584 aliis
582 2521 750 2584 materiem
777 2520 1014 2606 praebuerunt3
1043 2542 1141 2607 quem
1168 2542 1262 2584 usum
1291 2519 1368 2607 expl

138 2625 186 2687 vit
208 2622 448 2687 Valckenarius
472 2622 529 2691 de,
547 2620 732 2685 Aristobul.
761 2620 833 2685 Iud.
857 2643 888 2707 p.
914 2626 965 2687 65.
1008 2644 1114 2710 neque
1140 2622 1222 2685 baec
1248 2622 1324 2707 ipsa
1350 2643 1366 2709 q

140 2723 309 2789 Charisius
332 2745 373 2786 ex
397 2722 483 2787 libro
503 2724 641 2788 Romani
658 2721 783 2785 rettulit
803 2742 824 2784 a
843 2721 902 2785 tali
919 2723 1056 2789 consilio
1075 2723 1184 2787 aliena
1198 2731 1285 2789 sunt.
1322 2744 1365 2811 qu

139 2846 238 2911 quam
259 2822 346 2886 enirn
367 2824 422 2888 vel
445 2823 486 2888 de
507 2822 659 2888 omnibus
681 2821 736 2887 vel
759 2822 800 2887 de
822 2822 987 2910 plerisque
1014 2826 1160 2912 partibus
1189 2824 1349 2888 orationis

132 2921 256 2988 'manus
277 2924 312 2988 in
330 2923 416 2989 libro
439 2947 497 2989 suo
520 2932 732 3011 exposuerat,
761 2932 873 2988 tamen
895 2946 960 2989 non
988 2927 1087 2990 certis
1111 2924 1358 2995 definitionibus

136 3024 261 3112 regulis
272 3025 479 3112 disciplinam
498 3027 731 3112 grammaticae
749 3027 830 3090 artis
843 3025 1138 3115 circumscripsisse
1153 3025 1211 3090 sed
1229 3024 1312 3089 illud
1324 3046 1360 3113 p<

138 3129 245 3215 egisse
258 3127 399 3209 videtur,
420 3135 456 3190 ut
473 3127 702 3191 observatione
725 3126 876 3212 diligenti
893 3138 926 3193 et
939 3127 1113 3192 multarum
1131 3149 1239 3192 rorum
1262 3129 1359 3214 copia

138 3233 194 3318 qui
223 3230 363 3295 Latinae
391 3230 524 3314 linguae
549 3229 708 3292 rationem
736 3229 834 3314 plane
870 3252 1067 3316 cognoscere
1095 3229 1218 3296 vellent
1247 3228 1357 3295 adiuvi

136 3339 248 3420 itaque
270 3331 312 3396 de
331 3332 486 3396 universo
507 3352 627 3417 genere
649 3330 736 3416 quod
758 3333 897 3417 singulis
915 3332 1021 3397 titulis
1043 3352 1116 3395 cum
1145 3332 1289 3396 maxime
1318 3340 1356 3397 tn

137 3435 195 3499 bat
221 3455 328 3521 pauca
353 3433 519 3522 praefatus
549 3454 701 3519 magnam
727 3434 853 3520 copiam
884 3432 1108 3519 exemplorum
1131 3453 1174 3496 ex
1201 3435 1290 3499 omni
1311 3455 1354 3520 gc

136 3538 333 3622 scriptorum
354 3533 524 3600 collectam
546 3544 579 3600 et
599 3534 712 3599 ordine
727 3533 916 3598 litterarum
938 3535 1131 3620 dispositam
1153 3536 1331 3621 congessit.

136 3640 242 3705 fectus
264 3647 374 3703 autem
396 3659 416 3701 a
436 3645 547 3702 vetere
569 3637 855 3722 grammaticorum
877 3637 1117 3720 controversia,
1138 3659 1204 3725 qua
1225 3636 1283 3700 diu
1305 3658 1350 3724 qn

205 3828 236 3894 *)
253 3829 309 3880 Non
330 3826 457 3894 persuasit
474 3827 537 3877 mihi
559 3828 598 3876 vir
616 3827 779 3877 doctissimus
797 3825 914 3877 Osannos
928 3826 1036 3891 symbol.
1056 3827 1131 3878 litter.
1151 3831 1173 3879 ΙΙ
1192 3844 1217 3896 p.
1238 3827 1290 3881 3⁴27
1306 3843 1347 3892 sq.

136 3915 243 3966 Romani
261 3917 338 3966 libros
361 3913 501 3965 charisium
517 3913 699 3979 usurpavisse,
719 3913 826 3961 alterum
841 3905 983 3977 ἀφορμῶν
1002 3913 1056 3975 vel,
1075 3923 1102 3964 ut
1119 3917 1174 3981 ipsc
1192 3915 1311 3974 coniecit,
1328 3904 1346 3963 ἀ

136 3998 344 4065 σμῶν,ο1ιετιιῐο
360 4000 392 4049 de
405 3999 526 4066 analogia
540 3999 670 4065 scriptum.
708 4013 765 4046 nam
782 4000 846 4049 sicut
865 4013 895 4047 ea
910 4014 975 4062 quac
991 4001 1031 4049 ‘in
1050 4001 1113 4051 libro
1126 4001 1159 4051 de
1177 4000 1321 4052 adverbiis’
1338 4000 1345 4051 l

137 4104 184 4137 nus
199 4086 328 4137 rettulisse
343 4086 436 4135 dicitur
454 4100 504 4135 non
517 4085 619 4135 diversa
637 4093 696 4135 sunt
715 4084 746 4133 ab
768 4083 818 4133 illis
841 4098 905 4146 quae
926 4084 968 4133 ‘dc
986 4087 1106 4136 adverbio
1123 4088 1170 4137 snb
1186 4087 1260 4138 titulo
1279 4077 1341 4152 ἀφο

134 4174 175 4225 vel
193 4173 279 4240 potios
295 4173 343 4222 sub
360 4172 432 4222 titolo
448 4173 480 4222 de
499 4171 620 4222 adverbio
640 4170 705 4220 libro
720 4160 859 4232 ἀφορμῶν
874 4171 1007 4236 exposuit.
1026 4173 1061 4221 ita
1078 4187 1128 4222 nou
1145 4183 1184 4223 cst
1207 4188 1253 4223 cnr
1267 4190 1298 4223 ea
1319 4188 1342 4240 qr

135 4260 254 4326 analogia
268 4259 363 4323 scripta
377 4265 436 4306 sunt
448 4258 533 4322 potius
547 4256 637 4306 alibro
652 4255 785 4322 singulari,
797 4256 840 4319 qui
857 4272 887 4306 eo
902 4257 1004 4306 nomine
1016 4258 1249 4325 inscriptusluerit.
1262 4263 1341 4328 petita

135 4351 162 4398 in
179 4348 243 4398 libro
260 4335 404 4407 ἀφορμῶν
418 4344 502 4407 posita
519 4342 600 4393 fuisse
616 4342 759 4392 credantur.
786 4357 863 4392 unum
881 4343 955 4393 rideo
970 4344 995 4393 in
1009 4344 1191 4397 dubitationem
1205 4349 1291 4398 vocari
1307 4363 1339 4414 pc

136 4445 220 4485 utrum
236 4432 385 4483 universum
400 4429 501 4489 librum,
517 4438 544 4480 ut
560 4443 638 4494 supra
654 4427 717 4486 dixi,
734 4419 868 4491 ἀφορμάς
880 4431 1040 4505 inscripserit
1054 4431 1193 4497 Romanus,
1213 4449 1246 4483 an
1263 4413 1338 4503 singli

134 4521 167 4569 tis
182 4518 362 4584 grammaticas
377 4517 492 4583 partibus
509 4517 595 4568 titulos
611 4507 749 4577 ἀφορμῶν
765 4512 907 4578 addiderit,
924 4516 990 4580 quod
1014 4527 1114 4582 praeter
1130 4519 1231 4571 titulum
1259 4521 1291 4571 de
1311 4523 1337 4573 ct

135 4604 210 4654 niodo
227 4604 340 4654 adlatum
356 4602 528 4652 commendari
543 4610 641 4667 poterat
658 4599 778 4664 hisquae
796 4603 821 4651 ln
839 4603 902 4668 ipsis
918 4603 1024 4652 Ronrani
1043 4607 1170 4673 excerptis
1187 4608 1283 4673 scripta
1301 4621 1336 4657 sm

135 4689 166 4738 21
184 4690 217 4738 de
228 4692 356 4742 consortio
369 4690 584 4753 praepositionum
599 4703 669 4752 qoem
681 4687 853 4752 adsequerere
866 4691 936 4739 titulo
949 4678 1089 4752 ἀφορμῶν
1103 4692 1224 4743 dediscas.
1252 4674 1298 4743 sed
1315 4709 1335 4758 qr

136 4786 168 4821 ex
184 4772 225 4822 his
241 4788 307 4835 qrrse
323 4773 453 4825 Charisius
470 4773 565 4824 rettulit
585 4774 626 4822 vix
642 4772 755 4837 intellegi
774 4783 857 4839 potest
874 4790 939 4838 qaae
952 4774 1027 4823 luerit
1046 4775 1088 4823 illa
1103 4775 1165 4839 artis
1182 4784 1208 4827 et
1225 4765 1334 4841 ἀφορμι

135 4857 250 4923 terentia,
266 4860 364 4924 reliqua
380 4863 465 4926 potius
482 4870 561 4922 recte,
583 4859 645 4910 baec
663 4859 748 4909 miuus
763 4868 879 4909 accurate
895 4861 1030 4925 scripsisse
1053 4859 1184 4911 Charisius
1208 4863 1331 4915 iudirand
