3114 5356
444 240 447 245 ’
517 272 598 333 nur.
623 271 763 333 cmuu.
787 273 858 334 ιιιι.
877 275 902 335 ιι
1296 276 1358 339 aaa

60 470 126 532 tur,
156 467 188 522 ut
210 458 341 519 Romani.
387 457 415 517 in
439 458 631 536 tetrasyllabis
653 465 750 519 autem
776 467 806 520 et
832 459 971 543 deinceps
993 462 1095 526 eadem
1121 393 1269 524 adesdum?
1283 392 1358 525 balio

60 579 179 639 semper
201 557 373 620 custoditur.
417 558 616 636 monosyllaba
641 560 703 620 lere
724 578 924 639 quaecumque
952 571 1022 624 sunt
1046 563 1135 624 rerba
1164 573 1316 644 prototypa
1340 586 1357 626 o

61 662 189 722 litteram
216 669 275 722 tarn
298 676 385 719 versu
414 675 501 734 quam
528 660 615 720 etiarn
643 680 730 740 prosa
762 660 894 722 similiter
917 664 1090 741 productam
1112 664 1232 726 babent

149 762 227 821 Sane
239 761 350 821 Graeca
363 759 450 819 verba
464 759 582 819 Graecis
597 761 767 823 accentibus
781 763 945 835 ederimus,
962 764 987 824 si
1002 763 1096 824 isdem
1110 765 1215 826 litteris
1229 785 1359 845 pronun·

31 862 240 930 stiorerinms.
276 862 307 921 in
329 836 441 920 batiuis
458 877 555 936 neque
578 862 681 922 acutus
702 871 842 925 accentus
865 865 896 925 in
920 864 1020 924 ultima
1042 865 1152 943 syllaba
1171 872 1269 945 potest
1288 866 1358 945 poni
1407 909 1410 914 -

62 963 120 1022 nisi
138 962 325 1024 discretionis
348 981 453 1033 causa,
477 960 552 1021 utin
567 961 703 1022 adverbio
725 983 815 1043 pone,
839 965 904 1026 ideo
925 984 963 1026 ne
984 967 1109 1028 verbum
1119 973 1256 1047 putetur,
1279 967 1357 1027 etin

62 1064 237 1141 quibusdam
266 1061 543 1143 praepositionibus.
596 1080 663 1122 narn
693 1066 922 1145 praepositiones
952 1075 1103 1147 separatae
1132 1067 1359 1146 monosyllabae,

63 1174 206 1243 quantum
226 1166 257 1226 in
277 1165 350 1244 ipsis
372 1172 433 1238 est,
462 1162 671 1237 acuidcbcnt,
698 1165 749 1225 sed
777 1166 892 1227 iunctae
921 1168 1038 1229 casibus
1064 1177 1114 1229 aut
1141 1169 1205 1230 aliis
1226 1169 1359 1248 partibus

63 1266 211 1327 interdum
240 1267 297 1326 vim
327 1284 411 1326 suam
437 1263 565 1343 perdunt
589 1270 786 1343 sccuntnrque
811 1266 925 1327 illarum
955 1276 1087 1331 naturam
1121 1279 1150 1330 ct
1172 1271 1267 1348 gravi,
1299 1290 1359 1331 non

24 1392 49 1432 to
63 1376 151 1428 acuto
180 1387 254 1429 sono
284 1365 526 1446 pronuntiantur,
554 1371 586 1424 ut
607 1363 742 1443 produco
761 1366 880 1429 deduco.
925 1369 994 1429 item
1017 1371 1206 1432 inveniuntur
1226 1391 1293 1433 raro
1315 1373 1359 1432 di-

64 1468 193 1547 syllabae
221 1487 295 1548 quae
322 1467 388 1528 acui
414 1465 597 1539 desiderant,
625 1474 657 1525 ut
678 1474 724 1526 est
745 1467 852 1528 cimam
878 1469 962 1530 inter.
1006 1472 1132 1552 denique
1154 1474 1359 1534 circumflexus

63 1571 185 1651 ponitm·
204 1571 233 1631 in
256 1590 290 1632 ea
316 1567 457 1649 particula
479 1576 619 1646 quaeest
640 1568 718 1648 apud
739 1567 911 1646 Vergilium,
934 1588 1013 1648 ergo,

974 1671 1080 1733 illius
1103 1692 1191 1752 ergo

228 1789 408 1832 venimus.

25 1898 49 1938 is
63 1895 120 1936 con
144 1892 262 1952 quoque
282 1873 460 1953 praepositio
482 1856 624 1951 conplexa
646 1872 661 1931 l
677 1871 721 1931 vel
742 1890 757 1931 s
778 1871 947 1933 subiunctas
964 1873 1073 1935 btteras
1092 1876 1233 1955 producta
1253 1894 1271 1936 o
1290 1896 1359 1956 pro·

63 1974 260 2038 nuntiabitur:
284 1977 310 2047 l,
332 1982 364 2034 ut
384 1974 500 2035 confido
523 1974 643 2033 consero
665 1975 820 2035 confestim
843 1975 1008 2050 coulertus;
1037 1975 1138 2036 eodem
1157 1977 1245 2039 modo
1266 1998 1298 2052 s,
1327 1987 1359 2039 ut

63 2078 188 2139 consulo
211 2075 379 2138 conscendo
406 2095 538 2137 consono
562 2076 693 2137 consisto
714 2076 827 2137 consul.
873 2083 902 2136 et
920 2094 1003 2136 versa
1024 2076 1085 2137 rice
1105 2079 1206 2139 eadem
1226 2079 1291 2142 aliis
1312 2080 1360 2141 tit·

63 2179 135 2239 teris
161 2179 328 2258 praeposita
356 2178 529 2257 corripitur,
565 2185 598 2237 ut
625 2177 723 2237 contio
750 2177 884 2238 conduc-o
909 2176 1046 2238 continuo
1069 2179 1191 2240 conloco
1220 2190 1358 2242 converto

63 2297 195 2341 convoco
218 2278 426 2360 conprehendo
458 2294 614 2356 congrego.
659 2277 730 2338 item
753 2275 921 2357 coniunctio
947 2276 1123 2356 complexiva
1151 2282 1211 2343 sive
1239 2283 1360 2362 copula·

24 2402 50 2441 ao
63 2383 120 2440 tira
146 2400 204 2458 que
226 2389 255 2440 et
276 2379 449 2441 disiunctira
470 2398 505 2439 ve
530 2387 560 2439 ct
583 2377 703 2439 relativa
724 2397 762 2440 ne
783 2379 937 2440 adiunctae
957 2379 1054 2440 verbis
1076 2389 1105 2440 et
1124 2381 1205 2461 ipsae
1223 2384 1359 2444 amittunt

64 2482 213 2561 fastigium
236 2491 265 2542 et
285 2482 365 2543 verbi
386 2480 587 2542 antecedentis
609 2480 727 2558 longius
744 2481 873 2560 positum
893 2499 1033 2541 cacumen
1055 2481 1203 2544 adducunt
1224 2502 1259 2545 ac
1279 2485 1358 2545 iuxta

64 2604 97 2644 se
116 2584 248 2664 proxime
270 2584 427 2645 conlocant
444 2580 502 2655 sic,
525 2599 599 2660 que,
620 2588 653 2641 nt

230 2685 435 2763 liminaque
456 2683 664 2762 laurusque
686 2680 763 2758 dei;

63 2786 131 2846 item
155 2804 206 2859 re,
231 2792 262 2846 ut

26 2905 49 2944 es
229 2887 461 2966 Hyrcanisve
482 2885 662 2946 Arabisve
684 2892 820 2966 parant

63 3013 91 3064 et

755 3119 968 3199 calathisve
993 3119 1197 3199 Minervae;

63 3263 116 3316 ne,
138 3250 171 3303 ut

782 3347 1004 3408 hominesne
1033 3346 1196 3408 terrene.

26 3470 48 3510 ao
63 3454 91 3512 in
116 3451 278 3529 conpositis
298 3448 475 3510 dictionibus
499 3470 574 3510 unns
595 3458 735 3510 accentus
758 3461 884 3511 estnon
906 3449 1004 3508 minus
1028 3466 1115 3526 quam
1143 3448 1172 3507 in
1192 3465 1251 3507 una
1278 3455 1359 3525 parte

61 3552 219 3624 orationis,
244 3559 275 3611 ut
297 3551 464 3611 malesanus
486 3550 664 3611 iuterealoci.
710 3560 849 3612 accentus
868 3552 898 3611 in
920 3549 1042 3628 integris
1064 3547 1240 3609 dictionibus
1260 3545 1360 3607 obser·

60 3662 182 3726 vantur,
220 3654 249 3712 in
277 3653 440 3732 peregrinis
466 3660 563 3714 autem
585 3651 682 3712 verbis
704 3651 785 3712 etin
807 3651 940 3712 barbaris
961 3650 1144 3720 nominibus,
1177 3646 1301 3707 maxime
1328 3648 1358 3708 in

59 3755 314 3818 interiectionibus
341 3753 411 3813 nulli
435 3754 506 3815 certi
529 3760 606 3814 sunt
651 3753 680 3813 in
702 3753 749 3813 his
771 3752 849 3812 enim
871 3753 996 3813 maxime
1018 3758 1192 3811 accentuum
1214 3748 1259 3809 lex
1280 3757 1358 3809 certa

60 3877 129 3919 esse
157 3876 216 3917 non
244 3863 358 3936 potest,
391 3873 458 3915 curn
485 3855 523 3914 sit
550 3853 710 3915 absurdum
738 3874 754 3914 a
782 3850 917 3930 turllbato
938 3851 1049 3913 tenoris
1070 3850 1185 3928 exigere
1206 3850 1358 3911 rationem.

17 3980 45 4023 aa
60 3966 235 4019 accentuum
261 3956 356 4035 legem
383 3955 428 4016 vel
455 3954 651 4033 distinguendi
675 3955 720 4015 vel
746 3953 953 4035 pronuntiandi
975 3952 1049 4012 ratio
1079 3951 1124 4012 vel
1150 3951 1359 4013 discernendae

58 4060 258 4139 ambiguitatis
281 4057 443 4118 necessitas
465 4075 555 4136 saepe
576 4055 741 4116 conturbat

128 4281 337 4344 2monosyllaba
356 4308 391 4318 -
408 4283 425 4332 3
443 4279 536 4330 babent
555 4282 653 4332 Oloris.
671 4279 736 4345 ρ.0
809 4279 860 4328 sint
878 4276 963 4326 ΑΒΜ
1029 4275 1187 4340 dplerimus
1206 4275 1237 4324 M
1305 4274 1359 4324 his-

58 4355 117 4402 dem
133 4353 159 4402 B
229 4350 246 4399 5
264 4350 357 4416 neque]
377 4365 507 4414 nunquam
524 4364 550 4406 ς.
570 4365 652 4413 neque
668 4358 751 4399 tuetur
769 4349 885 4400 Bonam
900 4363 927 4410 p.
948 4345 1012 4395 1741
1084 4346 1102 4397 9
1122 4353 1313 4408 sequunturque
1328 4343 1360 4392 M

130 4422 164 4472 10
182 4420 280 4469 deduco
295 4420 347 4469 AB
364 4421 444 4470 educo
463 4419 496 4468 M
579 4419 609 4469 ta
627 4418 695 4484 apud
713 4414 867 4483 Vergilium]
885 4416 951 4464 Aen.
972 4413 1005 4463 Vl
1023 4413 1077 4464 070
1158 4414 1191 4464 lb
1207 4412 1391 4479 productius·

59 4490 179 4541 oABM
263 4490 297 4540 20
316 4489 436 4554 relativa]
462 4489 604 4547 dubitatiue
622 4489 758 4539 Gammae
842 4485 993 4538 amittente
1019 4485 1135 4532 emittunt
1152 4482 1238 4533 ΑΒΜ
1324 4481 1356 4530 at

58 4575 165 4610 acumen
187 4559 270 4607 ΑΒΜ
338 4559 371 4609 ‘23
390 4555 539 4622 liminaque]
564 4558 721 4622 Ver-pstea.
736 4555 817 4606 tttat
889 4553 923 4603 25
938 4551 1081 4616 hyrcanene
1099 4553 1151 4602 AB
1168 4551 1304 4616 hyr-canent
1318 4551 1357 4601 M.

62 4633 140 4695 Verp.
160 4629 225 4678 Aen.
246 4630 292 4679 Vll
311 4628 363 4678 605
433 4629 467 4676 27
487 4625 637 4691 calathisve]
662 4628 741 4690 Verg.
762 4626 827 4674 Aea.
846 4624 893 4672 Vll
910 4621 962 4672 805
1039 4622 1074 4673 29
1092 4617 1252 4686 hominesne]
1278 4622 1356 4685 Verg.

57 4700 121 4751 Aen.
140 4697 222 4748 1308
299 4698 331 4749 31
350 4697 532 4747 iuterealocunt
550 4695 584 4746 M
664 4694 699 4745 34
716 4693 820 4759 exigere
837 4692 961 4742 rationem
979 4690 1005 4739 B
1022 4707 1054 4741 ex
1073 4691 1263 4757 generationem
1282 4690 1306 4739 A
1325 4704 1358 4738 ex

57 4769 223 4833 generatione
241 4765 271 4814 M
