3114 5356
606 293 814 356 PRAEFATIO
936 350 940 357 .
1310 314 1365 395 nvn

74 475 157 541 nulla
175 478 385 564 antiquitatis
410 476 476 542 fide
503 497 545 540 ex
573 476 722 564 principe
745 474 889 540 editione
911 484 1128 564 propagatum
1150 485 1209 542 est.
1253 479 1365 566 itaque

72 575 127 640 hac
146 579 345 643 auctoritate
374 588 498 643 remota
522 578 685 642 communi
708 578 855 660 nominc,
889 578 976 664 quod
1002 580 1076 667 ipsa
1098 577 1241 644 Charisii
1261 576 1365 644 verba
1441 646 1449 656 ,

76 683 104 760 l,
129 685 150 743 4
175 679 395 745 conmendare
418 680 591 762 videntur,
622 686 725 743 artem
745 682 994 764 grammaticam
1013 680 1180 768 inscripsi.
1225 681 1366 746 eundem

70 780 194 845 titulum
222 780 380 846 Diomedi
410 781 554 862 restitui,
576 781 669 844 cuius
692 780 769 845 libri
790 789 866 867 post
887 780 1080 846 Putschium
1101 781 1143 847 de
1165 783 1312 846 oratione
1333 788 1366 846 et

67 880 211 969 partibus
236 883 396 947 orationis
413 891 446 947 et
467 882 560 946 vario
581 902 702 965 genere
724 890 900 947 metrorum
920 881 1020 968 vulgo
1040 881 1106 946 dici
1127 881 1244 947 solent.
1288 904 1365 946 nam

66 984 98 1046 in
119 981 365 1071 exemplaribus
383 991 481 1047 antea
500 982 658 1069 inpressis
681 981 873 1070 simpliciter
896 983 937 1048 de
953 991 1023 1048 arte
1046 984 1263 1068 grammatica
1283 984 1364 1071 opu's

66 1083 116 1149 vel
136 1088 375 1170 grammaticae
394 1105 476 1172 opus
497 1083 695 1169 tripartitum
716 1083 769 1149 vel
789 1083 963 1149 Diomedis
990 1084 1195 1170 grammatici
1216 1104 1296 1172 opus
1316 1085 1364 1148 in-

65 1184 163 1255 scribi
188 1183 326 1250 solebat.
371 1183 546 1250 Putschius
571 1180 680 1248 alitem
699 1206 821 1250 novum
846 1184 978 1251 titulum
999 1209 1043 1253 ox
1064 1187 1176 1252 codice
1196 1182 1364 1249 Puteaueo

63 1288 213 1375 sumpsit,
232 1286 268 1351 in
289 1307 353 1372 quo
374 1285 455 1350 baec
476 1287 525 1350 ita
545 1295 582 1350 ut
602 1284 659 1351 illc
684 1285 789 1350 edidit
810 1289 845 1351 in
865 1288 970 1373 prima
989 1287 1111 1374 pagina
1134 1286 1256 1374 scripta
1275 1294 1362 1352 sunt.

63 1387 218 1453 videntur
239 1394 349 1452 tamen
371 1408 411 1452 ea
432 1387 534 1453 verba
564 1386 698 1453 librario
719 1389 847 1475 potius,
878 1390 935 1475 qui
957 1398 1184 1474 argumentum
1205 1386 1363 1453 librorum

62 1488 210 1554 indicare
220 1487 365 1572 volebat,
387 1511 485 1575 quem
508 1489 573 1575 ipsi
595 1490 807 1573 grammatico
830 1489 954 1557 deberi.
975 1500 1094 1556 -artem
1115 1492 1363 1575 grammaticam

62 1610 235 1655 veronen
261 1589 367 1655 solum
394 1588 522 1655 librarii
552 1592 706 1656 dixerunt
736 1593 772 1655 in
806 1591 847 1655 iis
869 1615 953 1679 quae
987 1592 1126 1679 singulis
1160 1593 1255 1660 libris
1289 1592 1362 1658 sub·

61 1693 267 1780 scripserunt
289 1691 350 1756 sed
370 1690 507 1756 Rufinus
528 1693 626 1757 etiam
647 1716 678 1780 p.
701 1694 785 1756 2715
807 1715 846 1759 eo
864 1697 995 1762 nomin'e
1016 1717 1096 1760 usus
1117 1704 1176 1761 est

145 1876 274 1964 Scripsi
293 1875 442 1943 Berolini
467 1898 578 1943 mense
601 1876 785 1965 Septembri
806 1881 885 1943 enni
905 1879 1171 1950 MDCOOLVII.
