3114 5356
143 310 185 374 86
438 304 442 315 ’
709 305 871 370 cutmsu

211 452 219 466 .
231 423 258 466 ω
270 424 295 466 Ρ.
1237 435 1260 478 p.
1274 426 1308 467 tt.
1322 422 1350 466 tt
1363 423 1388 468 1,

142 437 297 562 inddooris.
348 495 401 557 sed
428 494 453 556 si
481 500 585 556 natura
613 494 723 557 Graeca
748 495 873 572 luerint,
900 495 1001 574 utique
1030 495 1241 578 conipiuntur,
1271 505 1303 557 ut
1330 498 1438 560 Hector

144 599 293 677 Hectoris,
325 590 431 659 Nestor
450 594 597 673 Nestoris,
625 597 838 659 Theomnestor
864 596 1118 672 Theomnestoris,
1147 597 1327 679 Polymestor
1355 599 1437 680 Poly-

144 701 299 776 mcstoris,
329 705 359 761 et
384 697 471 777 uque
500 707 569 761 sunt
596 699 716 774 similia,
745 717 820 778 quae
849 699 935 761 etiam
962 699 1040 780 apud
1068 699 1194 762 Graecos
1231 701 1436 781 corripiuntur,

133 798 279 887 ”ffictopoe
299 801 351 865 sol
374 797 570 882 Νέστορος.
615 809 766 883 practerea
793 809 824 863 et
846 784 988 864 nedtralia
1013 801 1095 881 siqua
1119 808 1204 877 sunt,
1227 803 1352 864 ethaeo
1373 822 1437 864 cor·

142 909 304 991 ripiuntur,
331 907 410 969 velut
437 923 546 986 aequor
573 905 724 985 aequoris,
756 896 884 966 marmor
904 903 1072 979 marmoris,
1097 903 1186 967 robor
1210 904 1343 980 roboris,
1367 906 1463 968 adoro

143 1012 249 1074 adoris
567 1088 572 1097 ι

229 1113 390 1175 Successor
418 1130 485 1175 oum
506 1109 669 1174 mascidino
691 1128 798 1190 genere
818 1112 999 1191 proteratur,
1029 1110 1181 1173 Cornelius
1204 1109 1330 1172 Sevems
1352 1110 1438 1172 etiam

144 1211 306 1300 feminine}

216 1372 228 1397 ,
310 1318 420 1397 ignea
441 1317 513 1378 iam
534 1315 640 1379 caelo
663 1315 824 1379 ducebat
848 1315 974 1377 sidera
993 1313 1156 1391 Phoebe,

310 1419 492 1481 fraternis
519 1437 722 1480 successor
744 1417 861 1497 equis.
1453 1442 1475 1484 η

230 1522 343 1602 Torpor
371 1530 400 1582 et
423 1521 512 1583 animi
537 1528 567 1582 et
596 1519 727 1601 corporis
753 1519 858 1581 dicitur
885 1517 1060 1594 debilitatio,
1095 1519 1207 1582 scilicet
1238 1539 1255 1581 a
1284 1520 1437 1601 torpedine

142 1626 249 1707 pisce,
277 1623 360 1686 cuius
388 1631 524 1687 contactu
546 1642 655 1704 corpus
680 1622 848 1698 habetatur,
885 1621 962 1683 unde
984 1621 1138 1685 Sallustius
1158 1623 1214 1684 hoo
1238 1621 1315 1683 idem
1335 1623 1434 1685 vitium

144 1727 328 1809 torpedinenr
346 1725 425 1787 dinc

227 1829 343 1892 Faritor
360 1829 469 1908 antiqui
483 1828 633 1906 fixerunm
654 1836 684 1891 at
702 1831 798 1892 lautor
816 1846 872 1891 nec
893 1828 1063 1890 auctoritate
1085 1845 1140 1889 nec
1162 1826 1275 1889 ratione
1295 1826 1438 1891 deficitur.

227 1931 266 1994 Vr
285 1930 479 1994 masculinum
499 1932 630 1995 invenies
652 1941 681 1994 et
703 1940 855 2006 neutrum,
878 1931 926 1992 hic
947 1937 1043 1992 turtur
1056 1929 1193 2004 turturis,
1215 1929 1263 1991 hic
1285 1930 1333 1991 lur
1354 1928 1475 2007 iuris-n

145 2045 175 2098 et
195 2036 252 2097 hoc
282 2036 376 2096 lemur
396 2041 426 2095 et
448 2034 537 2097 iecur.
583 2035 690 2097 dicitur
716 2044 812 2097 sutem
835 2036 882 2097 lur
911 2042 940 2095 et
965 2051 1118 2095 commune
1141 2051 1215 2093 esse.
1260 2036 1291 2092 et
1319 2030 1440 2111 qnidam

43 2186 51 2199 .
145 2136 242 2200 icrunt
262 2137 292 2197 in
316 2137 533 2215 quaestionem,
554 2157 645 2217 quare
666 2139 713 2199 lur
733 2139 805 2200 luris
824 2145 855 2199 et
874 2138 955 2199 iecur
977 2135 1128 2211 iocineris,
1149 2154 1208 2197 non
1228 2152 1296 2196 cum
1315 2122 1439 2198 ratione.

144 2248 173 2301 et
201 2238 428 2320 pulsationem
454 2259 570 2328 servare
593 2241 696 2304 volunt
721 2240 827 2303 iecoris
848 2238 1079 2313 declinaverunt,
1110 2246 1141 2298 ut
1161 2237 1278 2299 Persius
1305 2234 1438 2300 Flaccus.

145 2339 191 2401 uit
210 2339 290 2401 esim

60 2561 66 2571 “
147 2564 297 2615 1-12N

214 2648 340 2698 indecoris
378 2650 425 2700 sed
465 2652 487 2701 si
523 2658 611 2701 natura
647 2664 723 2716 groco
764 2648 859 2701 luerint
894 2651 980 2713 utique
1015 2643 1163 2712 corripiunt

213 2734 323 2785 hectoris
375 2742 460 2785 nestor
516 2737 551 2785 ris
601 2718 773 2787 tlreomnestor
822 2736 859 2785 ris
918 2735 1074 2801 polymestor

214 2835 264 2884 qun
291 2828 351 2871 sunt
379 2820 475 2872 similia
497 2817 612 2883 ip‘etiom
632 2826 665 2889 ap
683 2837 773 2889 grecos
794 2819 944 2888 corripiunt
968 2836 1081 2873 errroroo
1105 2837 1145 2871 aar

124 2933 131 2945 ·
212 2914 328 2973 preterea
358 2914 383 2957 et
411 2908 536 2958 neutralia
566 2909 589 2958 si
619 2925 670 2973 quo
700 2919 759 2959 suut
790 2916 814 2958 et
846 2906 864 2956 ll
889 2903 1038 2975 corripiunl‘
1062 2910 1098 2960 u'u
1124 2922 1203 2976 equor
1230 2911 1335 2974 equoris
1424 2913 1434 2937 i

216 3008 326 3044 marmor
353 2997 487 3046 marmoris
514 2982 668 3046 roborſsris
698 2996 761 3046 ador
788 2995 873 3045 odoris
901 3010 907 3044 ε
934 2993 957 3062 ss
979 2997 1118 3063 igneuuaco
1142 2996 1198 3062 celo
1225 2996 1334 3047 ducebat

249 3079 386 3132 Successor
415 3096 472 3131 oum
501 3078 557 3132 ma's
581 3097 675 3151 genero
698 3082 840 3148 proseratur
867 3084 993 3134 cornelius
1014 3097 1119 3133 seuerus
1143 3083 1218 3131 etium
1245 3083 1334 3133 semini

215 3167 300 3217 sideru
339 3167 450 3233 phoebei
491 3177 562 3237 pater
604 3171 718 3237 paternis
738 3183 891 3221 successor
932 3170 1012 3232 equis.
1058 3165 1083 3236 sl
1148 3169 1221 3218 cuius
1255 3182 1333 3239 corpo

249 3255 348 3321 Torpor
379 3264 404 3305 et
435 3257 513 3306 animi
544 3264 569 3308 et
599 3259 713 3324 corporis
744 3257 836 3308 dicitur
866 3255 1007 3305 debilitatio
1030 3257 1127 3308 seilicet
1158 3273 1172 3307 u
1201 3258 1333 3323 torpedine

215 3341 250 3390 ris
268 3350 382 3394 contactu
399 3342 531 3394 hebetetur

148 3480 268 3531 tt-ltt
286 3480 312 3529 N
424 3549 426 3553 μ
845 3482 1071 3532 iecinerisricum
1090 3484 1186 3534 ratione
1205 3492 1229 3535 et

214 3568 307 3617 tionem
346 3583 448 3620 seruare
481 3568 568 3619 uolunt
600 3570 692 3622 iecoris
727 3567 918 3621 declinauerunt
948 3578 975 3618 ut
1004 3570 1105 3636 persius
1138 3572 1230 3621 llaccus

217 3707 228 3756 1
247 3708 424 3772 corripiuntur,
444 3714 471 3756 ut
489 3708 618 3758 Hectoreo
710 3708 903 3775 2Polpmestor
921 3710 965 3758 ris.
986 3709 1034 3762 ssi
1053 3724 1103 3772 quo
1121 3725 1142 3760 ω
1230 3711 1246 3761 8
1271 3711 1436 3762 foemininum

145 3775 244 3842 extulit,
265 3779 342 3844 lgneo
359 3793 389 3831 ω.
426 3777 483 3826 nuti
500 3785 527 3827 ut
543 3780 568 3826 in
584 3779 678 3829 duobm
699 3780 810 3831 verethum
832 3782 875 3845 qui
893 3781 1042 3829 antecedunt
1058 3781 1094 3829 ita
1112 3783 1137 3830 tn
1151 3779 1197 3830 doc
1214 3780 1275 3830 vuilit
1292 3782 1381 3832 deesse
1404 3786 1438 3833 ui-

145 3846 264 3907 debatur,
287 3863 432 3914 quamquam
453 3849 480 3897 io
501 3849 653 3913 murps'rn'dus
675 3853 786 3901 corrosis
802 3852 865 3900 satis
882 3858 952 3900 certo
969 3850 1060 3913 dispici
1074 3853 1203 3912 scripturo
1220 3855 1364 3914 conposuit

214 3937 246 3987 17
264 3935 360 3986 rationo
378 3951 393 3984 o
412 3936 602 4001 proportionem
617 3950 639 3985 to

147 4048 483 4074 .--Ι-.---
577 4051 581 4059 “

212 4143 229 4194 8
248 4143 367 4193 feminine
385 4142 450 4192 dixit
468 4141 602 4193 Putseliam
676 4142 693 4194 9
711 4142 862 4208 ignearum
880 4144 952 4196 coelo
967 4138 1079 4195 'ducebat
1096 4144 1189 4211 sydera
1206 4144 1317 4210 Phoebe,
1336 4143 1436 4195 Frater-

144 4214 184 4263 nis
200 4224 331 4266 successor
348 4213 421 4275 equis
439 4227 460 4261 ω
548 4213 578 4263 11
604 4226 619 4260 u
641 4211 790 4277 torpendinc
812 4213 911 4265 scilieet
936 4214 1007 4278 pisce
1025 4215 1096 4264 cuius
1110 4215 1235 4266 contactui
1254 4228 1346 4280 corpus
1364 4216 1437 4266 ebes-

143 4285 178 4334 cit
193 4300 226 4348 p,
249 4284 313 4335 unde
330 4283 401 4349 pisce
419 4281 509 4332 addidi
515 4319 521 4341 ,
547 4284 655 4347 puoutois
678 4285 704 4332 ia
723 4282 809 4332 codice
824 4283 885 4335 uellit
901 4284 989 4335 deesse
1006 4286 1136 4335 videatur:
1155 4285 1285 4335 sciliceta
1303 4285 1437 4349 torpedine

142 4355 216 4404 cuius
233 4360 349 4404 contactu
367 4367 458 4419 corpus
475 4352 606 4402 hebetatur
621 4364 658 4403 w:
688 4352 760 4402 cuius
783 4353 862 4418 piscis
888 4361 1004 4405 contactu
1018 4354 1163 4405 Bondamus
1181 4361 1227 4405 ‘ex
1244 4358 1315 4404 mss)
1404 4355 1438 4404 12

142 4423 222 4474 sallus
239 4423 266 4473 h.
285 4424 353 4475 idem
370 4423 396 4472 N
420 4421 547 4473 Salustius
565 4421 727 4472 historiarum
745 4421 813 4473 idem
828 4439 849 4474 ω
875 4421 977 4474 Sallust.
1002 4424 1091 4476 histor.
1109 4424 1153 4474 lib.
1174 4427 1185 4473 1
1202 4425 1270 4474 idem
1287 4423 1437 4475 Fabricius:

141 4494 177 4558 cs.
195 4494 260 4544 Non.
276 4509 304 4558 p.
322 4491 383 4545 229.
412 4500 478 4543 orat.
495 4491 529 4544 L.
548 4491 661 4556 Ptutpps·
676 4499 765 4542 eontra
781 4493 904 4556 Lepidus
921 4494 937 4556 S
956 4495 989 4546 19
1010 4495 1119 4544 sitente
1146 4495 1252 4560 torpedo
1272 4494 1371 4543 animos
1390 4509 1437 4560 op-

141 4565 236 4628 pressit
307 4565 339 4615 14
358 4563 450 4614 Fautor
466 4561 610 4625 untiquiN:
628 4561 663 4626 es.
675 4561 775 4626 Nomp.
791 4562 841 4615 110
911 4573 936 4612 at
948 4563 1041 4615 luuitor
1052 4579 1087 4613 w:
1109 4572 1134 4612 st
1151 4563 1245 4614 lutritor
1263 4579 1309 4612 nec
1327 4565 1436 4615 urretori-

142 4640 193 4683 tsts
207 4634 360 4684 nscratione
373 4642 441 4684 earet
455 4634 556 4684 coniecit
567 4632 751 4689 Liadcmamns
829 4633 922 4684 dicitur
939 4633 967 4683 N
1042 4634 1075 4683 17
1092 4633 1210 4684 iecinoris
1224 4633 1357 4685 Fabricius
1375 4636 1437 4684 ioei-

142 4703 368 4754 nerisllitscdelius
383 4702 452 4754 Mus.
464 4702 543 4756 liden.
562 4704 658 4753 moise.
670 4702 717 4753 Vll
725 4718 752 4766 p.
761 4701 826 4754 316:
854 4704 923 4754 iecur
938 4704 1031 4754 ieonris
1048 4712 1073 4754 et
1090 4704 1207 4753 iecinoris
1222 4720 1254 4767 p:
1278 4703 1313 4767 cs.
1333 4703 1435 4759 Cleusis.

138 4786 157 4835 p
181 4771 220 4823 18.
233 4772 267 4823 34
318 4773 383 4823 ⁰18
402 4782 427 4823 at
444 4773 487 4836 qui
504 4788 606 4824 seruare
625 4773 748 4822 rationem
767 4771 1000 4825 uoluntPutscdlua
1086 4774 1187 4824 Persius
1200 4774 1303 4824 Flaccus
1320 4773 1438 4826 institi

142 4839 282 4895 Putsedim.
302 4840 377 4893 Pers.
390 4842 458 4906 1,25
