<?xml version="1.0" encoding="UTF-8"?>
<!DOCTYPE html PUBLIC "-//W3C//DTD XHTML 1.0 Transitional//EN"
    "http://www.w3.org/TR/xhtml1/DTD/xhtml1-transitional.dtd">
<html xmlns="http://www.w3.org/1999/xhtml" xml:lang="en" lang="en">
 <head>
  <title>
</title>
<meta http-equiv="Content-Type" content="text/html;charset=utf-8" />
  <meta name='ocr-system' content='tesseract 3.04.00' />
  <meta name='ocr-capabilities' content='ocr_page ocr_carea ocr_par ocr_line ocrx_word'/>
</head>
<body>
  <div class='ocr_page' id='page_1' title='image "./grammaticilatin02keilgoog_0434.png"; bbox 0 0 3114 5356; ppageno 0'>
   <div class='ocr_carea' id='block_1_1' title="bbox 627 300 1468 366">
    <p class='ocr_par' dir='ltr' id='par_1_1' title="bbox 627 300 1468 366">
     <span class='ocr_line' id='line_1_1' title="bbox 627 300 1468 366; baseline 0.005 -4"><span class='ocrx_word' id='word_1_1' title='bbox 627 302 708 362; x_wconf 77' lang='lat' dir='ltr'><strong>altr.</strong></span> <span class='ocrx_word' id='word_1_2' title='bbox 732 300 871 361; x_wconf 78' lang='lat' dir='ltr'><strong>Glldllbl.</strong></span> <span class='ocrx_word' id='word_1_3' title='bbox 897 301 1005 362; x_wconf 79' lang='lat' dir='ltr'><strong>unt</strong></span> <span class='ocrx_word' id='word_1_4' title='bbox 1405 306 1468 366; x_wconf 81' lang='lat'><strong>367</strong></span> 
     </span>
    </p>
   </div>
   <div class='ocr_carea' id='block_1_2' title="bbox 162 417 1468 565">
    <p class='ocr_par' dir='ltr' id='par_1_2' title="bbox 162 417 1468 565">
     <span class='ocr_line' id='line_1_2' title="bbox 162 417 1468 565; baseline 0.008 -23"><span class='ocrx_word' id='word_1_5' title='bbox 162 494 210 543; x_wconf 87' lang='lat' dir='ltr'><strong>est</strong></span> <span class='ocrx_word' id='word_1_6' title='bbox 233 502 309 560; x_wconf 85' lang='lat' dir='ltr'><strong>quae</strong></span> <span class='ocrx_word' id='word_1_7' title='bbox 331 482 439 543; x_wconf 89' lang='lat' dir='ltr'><strong>desinit</strong></span> <span class='ocrx_word' id='word_1_8' title='bbox 459 486 577 562; x_wconf 82' lang='lat' dir='ltr'><strong>quidem</strong></span> <span class='ocrx_word' id='word_1_9' title='bbox 600 486 629 545; x_wconf 92' lang='lat' dir='ltr'><strong>in</strong></span> <span class='ocrx_word' id='word_1_10' title='bbox 658 486 665 545; x_wconf 96' lang='lat' dir='ltr'><strong>i</strong></span> <span class='ocrx_word' id='word_1_11' title='bbox 691 486 815 545; x_wconf 77' lang='lat' dir='ltr'><strong>litteram</strong></span> <span class='ocrx_word' id='word_1_12' title='bbox 834 486 1010 565; x_wconf 89' lang='lat' dir='ltr'><strong>praepositis</strong></span> <span class='ocrx_word' id='word_1_13' title='bbox 1032 429 1268 548; x_wconf 49' lang='lat' dir='ltr'><strong>consonantibus?</strong></span> <span class='ocrx_word' id='word_1_14' title='bbox 1285 417 1468 563; x_wconf 36' lang='lat' dir='ltr'><strong>dilapsae</strong></span> 
     </span>
    </p>
   </div>
   <div class='ocr_carea' id='block_1_3' title="bbox 112 585 1486 3593">
    <p class='ocr_par' dir='ltr' id='par_1_3' title="bbox 112 585 1486 3593">
     <span class='ocr_line' id='line_1_3' title="bbox 162 585 1466 671; baseline 0.007 -26"><span class='ocrx_word' id='word_1_15' title='bbox 162 585 310 664; x_wconf 82' lang='lat' dir='ltr'>inceptiva</span> <span class='ocrx_word' id='word_1_16' title='bbox 337 585 415 646; x_wconf 87' lang='lat' dir='ltr'><strong>verbi</strong></span> <span class='ocrx_word' id='word_1_17' title='bbox 438 586 534 646; x_wconf 88' lang='lat' dir='ltr'><strong>littera</strong></span> <span class='ocrx_word' id='word_1_18' title='bbox 556 585 616 646; x_wconf 86' lang='lat' dir='ltr'><strong>sive</strong></span> <span class='ocrx_word' id='word_1_19' title='bbox 638 585 746 665; x_wconf 86' lang='lat' dir='ltr'><strong>syllaba</strong></span> <span class='ocrx_word' id='word_1_20' title='bbox 768 587 928 663; x_wconf 89' lang='lat' dir='ltr'><strong>geminata,</strong></span> <span class='ocrx_word' id='word_1_21' title='bbox 952 598 982 649; x_wconf 93' lang='lat' dir='ltr'><strong>ut</strong></span> <span class='ocrx_word' id='word_1_22' title='bbox 1006 588 1127 650; x_wconf 86' lang='lat' dir='ltr'><strong>mordeo</strong></span> <span class='ocrx_word' id='word_1_23' title='bbox 1148 590 1310 664; x_wconf 93' lang='lat' dir='ltr'><strong>momordi,</strong></span> <span class='ocrx_word' id='word_1_24' title='bbox 1333 594 1466 671; x_wconf 83' lang='lat' dir='ltr'><strong>spondeo</strong></span> 
     </span>
     <span class='ocr_line' id='line_1_4' title="bbox 163 685 1466 772; baseline 0.006 -26"><span class='ocrx_word' id='word_1_25' title='bbox 163 685 331 765; x_wconf 83' lang='lat' dir='ltr'><strong>spopondi,</strong></span> <span class='ocrx_word' id='word_1_26' title='bbox 358 686 465 745; x_wconf 90' lang='lat' dir='ltr'><strong>tondeo</strong></span> <span class='ocrx_word' id='word_1_27' title='bbox 489 686 617 759; x_wconf 92' lang='lat' dir='ltr'><strong>totondi,</strong></span> <span class='ocrx_word' id='word_1_28' title='bbox 645 686 760 766; x_wconf 90' lang='lat' dir='ltr'><strong>pendeo</strong></span> <span class='ocrx_word' id='word_1_29' title='bbox 782 688 924 766; x_wconf 89' lang='lat' dir='ltr'><strong>pependi;</strong></span> <span class='ocrx_word' id='word_1_30' title='bbox 951 690 1064 751; x_wconf 87' lang='lat' dir='ltr'><strong>adiecta</strong></span> <span class='ocrx_word' id='word_1_31' title='bbox 1087 707 1154 748; x_wconf 90' lang='lat' dir='ltr'><strong>vcro</strong></span> <span class='ocrx_word' id='word_1_32' title='bbox 1176 692 1393 770; x_wconf 79' lang='lat' dir='ltr'><strong>praepositione</strong></span> <span class='ocrx_word' id='word_1_33' title='bbox 1415 712 1466 772; x_wconf 89' lang='lat' dir='ltr'><strong>ge-</strong></span> 
     </span>
     <span class='ocr_line' id='line_1_5' title="bbox 162 785 1465 873; baseline 0.007 -26"><span class='ocrx_word' id='word_1_34' title='bbox 162 787 286 848; x_wconf 90' lang='lat' dir='ltr'><strong>minatio</strong></span> <span class='ocrx_word' id='word_1_35' title='bbox 307 794 404 846; x_wconf 90' lang='lat' dir='ltr'><strong>cessat</strong></span> <span class='ocrx_word' id='word_1_36' title='bbox 426 785 569 865; x_wconf 77' lang='lat' dir='ltr'>syllabae,</span> <span class='ocrx_word' id='word_1_37' title='bbox 591 788 756 867; x_wconf 77' lang='lat' dir='ltr'><strong>respondeo</strong></span> <span class='ocrx_word' id='word_1_38' title='bbox 782 789 940 866; x_wconf 75' lang='lat' dir='ltr'><strong>respondi,</strong></span> <span class='ocrx_word' id='word_1_39' title='bbox 970 788 1114 851; x_wconf 90' lang='lat' dir='ltr'><strong>detondeo</strong></span> <span class='ocrx_word' id='word_1_40' title='bbox 1129 788 1272 865; x_wconf 78' lang='lat' dir='ltr'><strong>detondi,</strong></span> <span class='ocrx_word' id='word_1_41' title='bbox 1296 793 1465 873; x_wconf 81' lang='lat' dir='ltr'><strong>despondeo</strong></span> 
     </span>
     <span class='ocr_line' id='line_1_6' title="bbox 134 887 1465 970; baseline 0.006 -22"><span class='ocrx_word' id='word_1_42' title='bbox 134 888 318 967; x_wconf 71' lang='lat' dir='ltr'><strong>ellespondi.</strong></span> <span class='ocrx_word' id='word_1_43' title='bbox 364 897 466 963; x_wconf 87' lang='lat' dir='ltr'><strong>quarta</strong></span> <span class='ocrx_word' id='word_1_44' title='bbox 486 890 578 948; x_wconf 88' lang='lat' dir='ltr'><strong>torma</strong></span> <span class='ocrx_word' id='word_1_45' title='bbox 600 896 645 947; x_wconf 91' lang='lat' dir='ltr'><strong>est</strong></span> <span class='ocrx_word' id='word_1_46' title='bbox 668 907 743 966; x_wconf 88' lang='lat' dir='ltr'><strong>quae</strong></span> <span class='ocrx_word' id='word_1_47' title='bbox 768 887 875 948; x_wconf 81' lang='lat' dir='ltr'><strong>desinit</strong></span> <span class='ocrx_word' id='word_1_48' title='bbox 895 890 926 950; x_wconf 94' lang='lat' dir='ltr'><strong>in</strong></span> <span class='ocrx_word' id='word_1_49' title='bbox 949 891 974 951; x_wconf 91' lang='lat' dir='ltr'><strong>si</strong></span> <span class='ocrx_word' id='word_1_50' title='bbox 993 891 1147 970; x_wconf 75' lang='lat' dir='ltr'><strong>syllabam,</strong></span> <span class='ocrx_word' id='word_1_51' title='bbox 1170 898 1204 950; x_wconf 89' lang='lat' dir='ltr'><strong>ut</strong></span> <span class='ocrx_word' id='word_1_52' title='bbox 1224 891 1308 969; x_wconf 88' lang='lat' dir='ltr'><strong>algeo</strong></span> <span class='ocrx_word' id='word_1_53' title='bbox 1327 892 1395 968; x_wconf 87' lang='lat' dir='ltr'><strong>alsi,</strong></span> <span class='ocrx_word' id='word_1_54' title='bbox 1418 915 1465 956; x_wconf 89' lang='lat' dir='ltr'><strong>ar-</strong></span> 
     </span>
     <span class='ocr_line' id='line_1_7' title="bbox 160 987 1462 1067; baseline 0.007 -20"><span class='ocrx_word' id='word_1_55' title='bbox 160 989 218 1048; x_wconf 92' lang='lat' dir='ltr'><strong>deo</strong></span> <span class='ocrx_word' id='word_1_56' title='bbox 238 988 313 1059; x_wconf 91' lang='lat' dir='ltr'><strong>arsi,</strong></span> <span class='ocrx_word' id='word_1_57' title='bbox 342 987 449 1048; x_wconf 89' lang='lat' dir='ltr'><strong>haereo</strong></span> <span class='ocrx_word' id='word_1_58' title='bbox 472 990 570 1063; x_wconf 90' lang='lat' dir='ltr'><strong>haesi;</strong></span> <span class='ocrx_word' id='word_1_59' title='bbox 599 989 682 1066; x_wconf 88' lang='lat' dir='ltr'><strong>quasi</strong></span> <span class='ocrx_word' id='word_1_60' title='bbox 708 988 853 1067; x_wconf 81' lang='lat' dir='ltr'><strong>passivam</strong></span> <span class='ocrx_word' id='word_1_61' title='bbox 882 1005 997 1067; x_wconf 87' lang='lat' dir='ltr'><strong>quoque</strong></span> <span class='ocrx_word' id='word_1_62' title='bbox 1019 991 1049 1051; x_wconf 93' lang='lat' dir='ltr'><strong>id</strong></span> <span class='ocrx_word' id='word_1_63' title='bbox 1072 990 1191 1053; x_wconf 89' lang='lat' dir='ltr'><strong>verbum</strong></span> <span class='ocrx_word' id='word_1_64' title='bbox 1216 992 1349 1054; x_wconf 86' lang='lat' dir='ltr'><strong>admittat</strong></span> <span class='ocrx_word' id='word_1_65' title='bbox 1371 995 1462 1057; x_wconf 89' lang='lat' dir='ltr'><strong>decli-</strong></span> 
     </span>
     <span class='ocr_line' id='line_1_8' title="bbox 160 1087 1461 1170; baseline 0.007 -22"><span class='ocrx_word' id='word_1_66' title='bbox 160 1089 327 1160; x_wconf 89' lang='lat' dir='ltr'><strong>nationem,</strong></span> <span class='ocrx_word' id='word_1_67' title='bbox 356 1088 520 1149; x_wconf 80' lang='lat' dir='ltr'><strong>invenimus</strong></span> <span class='ocrx_word' id='word_1_68' title='bbox 539 1088 743 1168; x_wconf 75' lang='lat' dir='ltr'><strong>p&#39;nrtt&#39;ct&#39;pt‘ttat</strong></span> <span class='ocrx_word' id='word_1_69' title='bbox 762 1088 885 1169; x_wconf 85' lang='lat' dir='ltr'><strong>perlecti</strong></span> <span class='ocrx_word' id='word_1_70' title='bbox 912 1091 1054 1169; x_wconf 85' lang='lat' dir='ltr'><strong>temporis</strong></span> <span class='ocrx_word' id='word_1_71' title='bbox 1076 1092 1200 1153; x_wconf 85' lang='lat' dir='ltr'><strong>baesus:</strong></span> <span class='ocrx_word' id='word_1_72' title='bbox 1226 1087 1342 1155; x_wconf 81' lang='lat' dir='ltr'><strong>mul&#39;ceo</strong></span> <span class='ocrx_word' id='word_1_73' title='bbox 1363 1097 1461 1170; x_wconf 89' lang='lat' dir='ltr'><strong>mulsi,</strong></span> 
     </span>
     <span class='ocr_line' id='line_1_9' title="bbox 160 1187 1462 1272; baseline 0.007 -23"><span class='ocrx_word' id='word_1_74' title='bbox 160 1190 191 1249; x_wconf 91' lang='lat' dir='ltr'><strong>in</strong></span> <span class='ocrx_word' id='word_1_75' title='bbox 213 1189 352 1268; x_wconf 91' lang='lat' dir='ltr'><strong>patiendo</strong></span> <span class='ocrx_word' id='word_1_76' title='bbox 373 1197 470 1247; x_wconf 89' lang='lat' dir='ltr'><strong>autem</strong></span> <span class='ocrx_word' id='word_1_77' title='bbox 490 1187 619 1250; x_wconf 86' lang='lat' dir='ltr'><strong>mulsos:</strong></span> <span class='ocrx_word' id='word_1_78' title='bbox 643 1190 754 1251; x_wconf 89' lang='lat' dir='ltr'><strong>suadeo</strong></span> <span class='ocrx_word' id='word_1_79' title='bbox 775 1189 872 1261; x_wconf 90' lang='lat' dir='ltr'><strong>suasi,</strong></span> <span class='ocrx_word' id='word_1_80' title='bbox 890 1190 1027 1269; x_wconf 80' lang='lat' dir='ltr'><strong>indulgeo</strong></span> <span class='ocrx_word' id='word_1_81' title='bbox 1044 1191 1167 1267; x_wconf 86' lang='lat' dir='ltr'><strong>indulsi,</strong></span> <span class='ocrx_word' id='word_1_82' title='bbox 1189 1194 1288 1272; x_wconf 88' lang='lat' dir='ltr'><strong>lulgen</strong></span> <span class='ocrx_word' id='word_1_83' title='bbox 1307 1195 1390 1271; x_wconf 88' lang='lat' dir='ltr'><strong>lulsi,</strong></span> <span class='ocrx_word' id='word_1_84' title='bbox 1414 1217 1462 1258; x_wconf 92' lang='lat' dir='ltr'><strong>ur·</strong></span> 
     </span>
     <span class='ocr_line' id='line_1_10' title="bbox 159 1289 1460 1368; baseline 0.006 -18"><span class='ocrx_word' id='word_1_85' title='bbox 159 1310 216 1368; x_wconf 87' lang='lat' dir='ltr'><strong>geo</strong></span> <span class='ocrx_word' id='word_1_86' title='bbox 239 1289 315 1361; x_wconf 86' lang='lat' dir='ltr'><strong>ursi,</strong></span> <span class='ocrx_word' id='word_1_87' title='bbox 337 1297 460 1364; x_wconf 82' lang='lat' dir='ltr'><strong>torqueo</strong></span> <span class='ocrx_word' id='word_1_88' title='bbox 482 1289 570 1362; x_wconf 88' lang='lat' dir='ltr'><strong>torsi,</strong></span> <span class='ocrx_word' id='word_1_89' title='bbox 591 1291 672 1352; x_wconf 90' lang='lat' dir='ltr'><strong>rideo</strong></span> <span class='ocrx_word' id='word_1_90' title='bbox 694 1292 761 1364; x_wconf 88' lang='lat' dir='ltr'><strong>risi,</strong></span> <span class='ocrx_word' id='word_1_91' title='bbox 784 1299 884 1368; x_wconf 85' lang='lat' dir='ltr'><strong>tergeo</strong></span> <span class='ocrx_word' id='word_1_92' title='bbox 908 1291 993 1364; x_wconf 90' lang='lat' dir='ltr'><strong>tersi,</strong></span> <span class='ocrx_word' id='word_1_93' title='bbox 1016 1311 1121 1353; x_wconf 91' lang='lat' dir='ltr'><strong>maneo</strong></span> <span class='ocrx_word' id='word_1_94' title='bbox 1143 1295 1253 1368; x_wconf 91' lang='lat' dir='ltr'><strong>mansi,</strong></span> <span class='ocrx_word' id='word_1_95' title='bbox 1273 1296 1360 1357; x_wconf 90' lang='lat' dir='ltr'><strong>iubeo</strong></span> <span class='ocrx_word' id='word_1_96' title='bbox 1377 1298 1460 1360; x_wconf 87' lang='lat' dir='ltr'><strong>iussi.</strong></span> 
     </span>
     <span class='ocr_line' id='line_1_11' title="bbox 122 1391 1461 1478; baseline 0.004 -24"><span class='ocrx_word' id='word_1_97' title='bbox 122 1417 146 1455; x_wconf 86' lang='lat' dir='ltr'><strong>ro</strong></span> <span class='ocrx_word' id='word_1_98' title='bbox 160 1392 264 1469; x_wconf 83' lang='lat' dir='ltr'><strong>quinta</strong></span> <span class='ocrx_word' id='word_1_99' title='bbox 285 1391 376 1450; x_wconf 91' lang='lat' dir='ltr'><strong>lorma</strong></span> <span class='ocrx_word' id='word_1_100' title='bbox 398 1397 444 1449; x_wconf 84' lang='lat' dir='ltr'><strong>est</strong></span> <span class='ocrx_word' id='word_1_101' title='bbox 465 1407 541 1467; x_wconf 84' lang='lat' dir='ltr'><strong>qaae</strong></span> <span class='ocrx_word' id='word_1_102' title='bbox 564 1400 692 1452; x_wconf 82' lang='lat' dir='ltr'><strong>extrema</strong></span> <span class='ocrx_word' id='word_1_103' title='bbox 715 1391 824 1471; x_wconf 77' lang='lat' dir='ltr'><strong>syllaba</strong></span> <span class='ocrx_word' id='word_1_104' title='bbox 845 1393 875 1453; x_wconf 89' lang='lat' dir='ltr'><strong>in</strong></span> <span class='ocrx_word' id='word_1_105' title='bbox 898 1393 926 1453; x_wconf 81' lang='lat' dir='ltr'><strong>xi</strong></span> <span class='ocrx_word' id='word_1_106' title='bbox 948 1392 1058 1454; x_wconf 78' lang='lat' dir='ltr'><strong>litteras</strong></span> <span class='ocrx_word' id='word_1_107' title='bbox 1085 1394 1178 1466; x_wconf 87' lang='lat' dir='ltr'><strong>cadit,</strong></span> <span class='ocrx_word' id='word_1_108' title='bbox 1207 1403 1239 1454; x_wconf 92' lang='lat' dir='ltr'><strong>ut</strong></span> <span class='ocrx_word' id='word_1_109' title='bbox 1266 1397 1358 1478; x_wconf 84' lang='lat' dir='ltr'><strong>lrigco</strong></span> <span class='ocrx_word' id='word_1_110' title='bbox 1385 1400 1461 1473; x_wconf 83' lang='lat' dir='ltr'><strong>triti,</strong></span> 
     </span>
     <span class='ocr_line' id='line_1_12' title="bbox 159 1489 1461 1579; baseline 0.005 -26"><span class='ocrx_word' id='word_1_111' title='bbox 159 1492 279 1570; x_wconf 83' lang='lat' dir='ltr'><strong>mulgeo</strong></span> <span class='ocrx_word' id='word_1_112' title='bbox 300 1491 403 1564; x_wconf 80' lang='lat' dir='ltr'><strong>multi,</strong></span> <span class='ocrx_word' id='word_1_113' title='bbox 427 1509 520 1569; x_wconf 88' lang='lat' dir='ltr'><strong>rugen</strong></span> <span class='ocrx_word' id='word_1_114' title='bbox 534 1491 614 1565; x_wconf 84' lang='lat' dir='ltr'><strong>ruti,</strong></span> <span class='ocrx_word' id='word_1_115' title='bbox 636 1491 723 1570; x_wconf 87' lang='lat' dir='ltr'><strong>lugeo</strong></span> <span class='ocrx_word' id='word_1_116' title='bbox 740 1492 815 1566; x_wconf 82' lang='lat' dir='ltr'><strong>luti,</strong></span> <span class='ocrx_word' id='word_1_117' title='bbox 829 1489 843 1573; x_wconf 77' lang='lat' dir='ltr'><strong>ll</strong></span> <span class='ocrx_word' id='word_1_118' title='bbox 858 1511 951 1570; x_wconf 91' lang='lat' dir='ltr'><strong>augeo</strong></span> <span class='ocrx_word' id='word_1_119' title='bbox 972 1495 1053 1568; x_wconf 82' lang='lat' dir='ltr'><strong>auxi,</strong></span> <span class='ocrx_word' id='word_1_120' title='bbox 1072 1494 1176 1555; x_wconf 91' lang='lat' dir='ltr'><strong>alliceo</strong></span> <span class='ocrx_word' id='word_1_121' title='bbox 1193 1495 1292 1572; x_wconf 79' lang='lat' dir='ltr'><strong>allexi3</strong></span> <span class='ocrx_word' id='word_1_122' title='bbox 1315 1498 1368 1559; x_wconf 92' lang='lat' dir='ltr'><strong>sed</strong></span> <span class='ocrx_word' id='word_1_123' title='bbox 1382 1500 1461 1579; x_wconf 85' lang='lat' dir='ltr'><strong>apud</strong></span> 
     </span>
     <span class='ocr_line' id='line_1_13' title="bbox 159 1592 1460 1674; baseline 0.006 -20"><span class='ocrx_word' id='word_1_124' title='bbox 159 1603 275 1655; x_wconf 87' lang='lat' dir='ltr'><strong>veteres</strong></span> <span class='ocrx_word' id='word_1_125' title='bbox 296 1592 398 1653; x_wconf 89' lang='lat' dir='ltr'><strong>alliceo</strong></span> <span class='ocrx_word' id='word_1_126' title='bbox 421 1592 530 1652; x_wconf 79' lang='lat' dir='ltr'><strong>allieni</strong></span> <span class='ocrx_word' id='word_1_127' title='bbox 549 1593 690 1671; x_wconf 85' lang='lat' dir='ltr'><strong>legimus:</strong></span> <span class='ocrx_word' id='word_1_128' title='bbox 713 1593 837 1672; x_wconf 89' lang='lat' dir='ltr'><strong>pelliceo</strong></span> <span class='ocrx_word' id='word_1_129' title='bbox 856 1594 976 1674; x_wconf 84' lang='lat' dir='ltr'><strong>pellexi,</strong></span> <span class='ocrx_word' id='word_1_130' title='bbox 994 1596 1079 1657; x_wconf 91' lang='lat' dir='ltr'><strong>luceo</strong></span> <span class='ocrx_word' id='word_1_131' title='bbox 1099 1595 1168 1656; x_wconf 84' lang='lat' dir='ltr'><strong>luti.</strong></span> <span class='ocrx_word' id='word_1_132' title='bbox 1201 1597 1260 1658; x_wconf 91' lang='lat' dir='ltr'><strong>duo</strong></span> <span class='ocrx_word' id='word_1_133' title='bbox 1275 1618 1346 1662; x_wconf 85' lang='lat' dir='ltr'><strong>sane</strong></span> <span class='ocrx_word' id='word_1_134' title='bbox 1363 1600 1460 1674; x_wconf 89' lang='lat' dir='ltr'><strong>verba,</strong></span> 
     </span>
     <span class='ocr_line' id='line_1_14' title="bbox 159 1692 1462 1780; baseline 0.005 -24"><span class='ocrx_word' id='word_1_135' title='bbox 159 1696 244 1756; x_wconf 87' lang='lat' dir='ltr'><strong>video</strong></span> <span class='ocrx_word' id='word_1_136' title='bbox 268 1704 296 1754; x_wconf 92' lang='lat' dir='ltr'><strong>et</strong></span> <span class='ocrx_word' id='word_1_137' title='bbox 319 1695 464 1773; x_wconf 90' lang='lat' dir='ltr'><strong>prandeo,</strong></span> <span class='ocrx_word' id='word_1_138' title='bbox 486 1712 563 1772; x_wconf 83' lang='lat' dir='ltr'><strong>quae</strong></span> <span class='ocrx_word' id='word_1_139' title='bbox 586 1692 693 1754; x_wconf 90' lang='lat' dir='ltr'><strong>nullius</strong></span> <span class='ocrx_word' id='word_1_140' title='bbox 714 1695 824 1754; x_wconf 90' lang='lat' dir='ltr'><strong>lormae</strong></span> <span class='ocrx_word' id='word_1_141' title='bbox 846 1695 979 1774; x_wconf 84' lang='lat' dir='ltr'><strong>regulam</strong></span> <span class='ocrx_word' id='word_1_142' title='bbox 998 1705 1129 1770; x_wconf 90' lang='lat' dir='ltr'><strong>servant,</strong></span> <span class='ocrx_word' id='word_1_143' title='bbox 1149 1704 1199 1757; x_wconf 86' lang='lat' dir='ltr'><strong>aut</strong></span> <span class='ocrx_word' id='word_1_144' title='bbox 1216 1706 1296 1759; x_wconf 89' lang='lat' dir='ltr'><strong>recte</strong></span> <span class='ocrx_word' id='word_1_145' title='bbox 1315 1701 1462 1780; x_wconf 81' lang='lat' dir='ltr'><strong>excipien-</strong></span> 
     </span>
     <span class='ocr_line' id='line_1_15' title="bbox 161 1795 1460 1880; baseline 0.005 -24"><span class='ocrx_word' id='word_1_146' title='bbox 161 1806 208 1857; x_wconf 88' lang='lat' dir='ltr'><strong>tur</strong></span> <span class='ocrx_word' id='word_1_147' title='bbox 229 1807 279 1856; x_wconf 90' lang='lat' dir='ltr'><strong>aut</strong></span> <span class='ocrx_word' id='word_1_148' title='bbox 301 1804 413 1856; x_wconf 79' lang='lat' dir='ltr'><strong>sextam</strong></span> <span class='ocrx_word' id='word_1_149' title='bbox 433 1795 487 1857; x_wconf 93' lang='lat' dir='ltr'><strong>sibi</strong></span> <span class='ocrx_word' id='word_1_150' title='bbox 511 1797 633 1856; x_wconf 84' lang='lat' dir='ltr'><strong>sormam</strong></span> <span class='ocrx_word' id='word_1_151' title='bbox 661 1795 863 1869; x_wconf 91' lang='lat' dir='ltr'><strong>vindicabunt,</strong></span> <span class='ocrx_word' id='word_1_152' title='bbox 896 1804 930 1856; x_wconf 93' lang='lat' dir='ltr'><strong>ut</strong></span> <span class='ocrx_word' id='word_1_153' title='bbox 959 1797 1042 1860; x_wconf 91' lang='lat' dir='ltr'><strong>video</strong></span> <span class='ocrx_word' id='word_1_154' title='bbox 1069 1799 1141 1871; x_wconf 92' lang='lat' dir='ltr'><strong>vidi,</strong></span> <span class='ocrx_word' id='word_1_155' title='bbox 1173 1798 1305 1878; x_wconf 90' lang='lat' dir='ltr'><strong>prandeo</strong></span> <span class='ocrx_word' id='word_1_156' title='bbox 1331 1803 1460 1880; x_wconf 88' lang='lat' dir='ltr'><strong>prandes</strong></span> 
     </span>
     <span class='ocr_line' id='line_1_16' title="bbox 125 1896 1459 1980; baseline 0.004 -22"><span class='ocrx_word' id='word_1_157' title='bbox 125 1897 274 1976; x_wconf 76' lang='lat' dir='ltr'><strong>asprandi.</strong></span> <span class='ocrx_word' id='word_1_158' title='bbox 320 1915 387 1956; x_wconf 93' lang='lat' dir='ltr'><strong>nam</strong></span> <span class='ocrx_word' id='word_1_159' title='bbox 409 1896 439 1956; x_wconf 94' lang='lat' dir='ltr'><strong>in</strong></span> <span class='ocrx_word' id='word_1_160' title='bbox 463 1897 593 1958; x_wconf 88' lang='lat' dir='ltr'><strong>secundo</strong></span> <span class='ocrx_word' id='word_1_161' title='bbox 615 1897 717 1957; x_wconf 91' lang='lat' dir='ltr'><strong>ordine</strong></span> <span class='ocrx_word' id='word_1_162' title='bbox 739 1916 798 1956; x_wconf 93' lang='lat' dir='ltr'><strong>non</strong></span> <span class='ocrx_word' id='word_1_163' title='bbox 820 1904 866 1957; x_wconf 90' lang='lat' dir='ltr'><strong>est</strong></span> <span class='ocrx_word' id='word_1_164' title='bbox 887 1899 1018 1977; x_wconf 89' lang='lat' dir='ltr'><strong>reperire</strong></span> <span class='ocrx_word' id='word_1_165' title='bbox 1047 1898 1138 1959; x_wconf 91' lang='lat' dir='ltr'><strong>ullum</strong></span> <span class='ocrx_word' id='word_1_166' title='bbox 1165 1898 1285 1959; x_wconf 91' lang='lat' dir='ltr'><strong>verbnm</strong></span> <span class='ocrx_word' id='word_1_167' title='bbox 1311 1909 1459 1980; x_wconf 89' lang='lat' dir='ltr'><strong>postrema</strong></span> 
     </span>
     <span class='ocr_line' id='line_1_17' title="bbox 159 1997 1460 2079; baseline 0.005 -22"><span class='ocrx_word' id='word_1_168' title='bbox 159 2007 243 2078; x_wconf 89' lang='lat' dir='ltr'><strong>parte</strong></span> <span class='ocrx_word' id='word_1_169' title='bbox 264 1997 420 2074; x_wconf 87' lang='lat' dir='ltr'><strong>geminari,</strong></span> <span class='ocrx_word' id='word_1_170' title='bbox 451 1998 503 2059; x_wconf 91' lang='lat' dir='ltr'><strong>sed</strong></span> <span class='ocrx_word' id='word_1_171' title='bbox 531 2017 547 2058; x_wconf 92' lang='lat' dir='ltr'><strong>a</strong></span> <span class='ocrx_word' id='word_1_172' title='bbox 575 1998 667 2077; x_wconf 87' lang='lat' dir='ltr'><strong>prima</strong></span> <span class='ocrx_word' id='word_1_173' title='bbox 691 2005 819 2070; x_wconf 88' lang='lat' dir='ltr'><strong>tantum,</strong></span> <span class='ocrx_word' id='word_1_174' title='bbox 850 1997 935 2076; x_wconf 85' lang='lat' dir='ltr'><strong>quale</strong></span> <span class='ocrx_word' id='word_1_175' title='bbox 957 2007 1003 2060; x_wconf 91' lang='lat' dir='ltr'><strong>est</strong></span> <span class='ocrx_word' id='word_1_176' title='bbox 1024 2000 1145 2061; x_wconf 92' lang='lat' dir='ltr'><strong>mordeo</strong></span> <span class='ocrx_word' id='word_1_177' title='bbox 1171 2000 1324 2061; x_wconf 89' lang='lat' dir='ltr'><strong>momordi.</strong></span> <span class='ocrx_word' id='word_1_178' title='bbox 1370 2019 1460 2079; x_wconf 87' lang='lat' dir='ltr'><strong>quare</strong></span> 
     </span>
     <span class='ocr_line' id='line_1_18' title="bbox 159 2098 617 2178; baseline 0.002 -20"><span class='ocrx_word' id='word_1_179' title='bbox 159 2107 261 2159; x_wconf 89' lang='lat' dir='ltr'><strong>errant</strong></span> <span class='ocrx_word' id='word_1_180' title='bbox 281 2099 331 2176; x_wconf 85' lang='lat' dir='ltr'><strong>qui</strong></span> <span class='ocrx_word' id='word_1_181' title='bbox 351 2098 452 2159; x_wconf 91' lang='lat' dir='ltr'><strong>dicunt</strong></span> <span class='ocrx_word' id='word_1_182' title='bbox 473 2099 617 2178; x_wconf 88' lang='lat' dir='ltr'><strong>prandidi.</strong></span> 
     </span>
     <span class='ocr_line' id='line_1_19' title="bbox 242 2198 1460 2280; baseline 0.005 -22"><span class='ocrx_word' id='word_1_183' title='bbox 242 2198 465 2276; x_wconf 78' lang='lat' dir='ltr'><strong>Coniugationis</strong></span> <span class='ocrx_word' id='word_1_184' title='bbox 487 2201 590 2261; x_wconf 85' lang='lat' dir='ltr'><strong>tertiae</strong></span> <span class='ocrx_word' id='word_1_185' title='bbox 609 2209 761 2280; x_wconf 82' lang='lat' dir='ltr'><strong>correptae</strong></span> <span class='ocrx_word' id='word_1_186' title='bbox 782 2200 923 2278; x_wconf 84' lang='lat' dir='ltr'><strong>temporis</strong></span> <span class='ocrx_word' id='word_1_187' title='bbox 943 2202 1091 2279; x_wconf 90' lang='lat' dir='ltr'><strong>praeteriti</strong></span> <span class='ocrx_word' id='word_1_188' title='bbox 1113 2202 1235 2280; x_wconf 91' lang='lat' dir='ltr'><strong>perlecti</strong></span> <span class='ocrx_word' id='word_1_189' title='bbox 1258 2202 1369 2263; x_wconf 89' lang='lat' dir='ltr'><strong>lormae</strong></span> <span class='ocrx_word' id='word_1_190' title='bbox 1389 2213 1460 2264; x_wconf 91' lang='lat' dir='ltr'><strong>sunt</strong></span> 
     </span>
     <span class='ocr_line' id='line_1_20' title="bbox 158 2301 1459 2382; baseline 0.002 -20"><span class='ocrx_word' id='word_1_191' title='bbox 158 2319 273 2362; x_wconf 87' lang='lat' dir='ltr'><strong>novem.</strong></span> <span class='ocrx_word' id='word_1_192' title='bbox 319 2301 411 2380; x_wconf 92' lang='lat' dir='ltr'><strong>prima</strong></span> <span class='ocrx_word' id='word_1_193' title='bbox 434 2308 479 2362; x_wconf 89' lang='lat' dir='ltr'><strong>est</strong></span> <span class='ocrx_word' id='word_1_194' title='bbox 502 2320 578 2378; x_wconf 90' lang='lat' dir='ltr'><strong>quae</strong></span> <span class='ocrx_word' id='word_1_195' title='bbox 599 2302 706 2362; x_wconf 88' lang='lat' dir='ltr'><strong>desinit</strong></span> <span class='ocrx_word' id='word_1_196' title='bbox 728 2301 845 2380; x_wconf 86' lang='lat' dir='ltr'><strong>quidem</strong></span> <span class='ocrx_word' id='word_1_197' title='bbox 868 2303 898 2362; x_wconf 93' lang='lat' dir='ltr'><strong>in</strong></span> <span class='ocrx_word' id='word_1_198' title='bbox 921 2303 947 2362; x_wconf 88' lang='lat' dir='ltr'><strong>vi</strong></span> <span class='ocrx_word' id='word_1_199' title='bbox 975 2302 1129 2382; x_wconf 76' lang='lat' dir='ltr'><strong>syllabam,</strong></span> <span class='ocrx_word' id='word_1_200' title='bbox 1162 2302 1214 2362; x_wconf 89' lang='lat' dir='ltr'><strong>sed</strong></span> <span class='ocrx_word' id='word_1_201' title='bbox 1236 2310 1335 2363; x_wconf 90' lang='lat' dir='ltr'><strong>tamen</strong></span> <span class='ocrx_word' id='word_1_202' title='bbox 1356 2303 1459 2365; x_wconf 87' lang='lat' dir='ltr'><strong>simili-</strong></span> 
     </span>
     <span class='ocr_line' id='line_1_21' title="bbox 120 2402 1458 2483; baseline 0 -16"><span class='ocrx_word' id='word_1_203' title='bbox 120 2430 143 2467; x_wconf 84' lang='lat' dir='ltr'><strong>ao</strong></span> <span class='ocrx_word' id='word_1_204' title='bbox 158 2403 289 2463; x_wconf 91' lang='lat' dir='ltr'><strong>tudinem</strong></span> <span class='ocrx_word' id='word_1_205' title='bbox 312 2403 465 2463; x_wconf 85' lang='lat' dir='ltr'><strong>verborum</strong></span> <span class='ocrx_word' id='word_1_206' title='bbox 487 2402 617 2463; x_wconf 91' lang='lat' dir='ltr'><strong>continet</strong></span> <span class='ocrx_word' id='word_1_207' title='bbox 635 2403 747 2482; x_wconf 90' lang='lat' dir='ltr'><strong>primae</strong></span> <span class='ocrx_word' id='word_1_208' title='bbox 768 2404 998 2483; x_wconf 90' lang='lat' dir='ltr'><strong>coniugationis,</strong></span> <span class='ocrx_word' id='word_1_209' title='bbox 1026 2405 1056 2465; x_wconf 92' lang='lat' dir='ltr'><strong>id</strong></span> <span class='ocrx_word' id='word_1_210' title='bbox 1085 2412 1131 2464; x_wconf 89' lang='lat' dir='ltr'><strong>est</strong></span> <span class='ocrx_word' id='word_1_211' title='bbox 1157 2424 1172 2464; x_wconf 92' lang='lat' dir='ltr'><strong>a</strong></span> <span class='ocrx_word' id='word_1_212' title='bbox 1201 2403 1290 2465; x_wconf 89' lang='lat' dir='ltr'><strong>habet</strong></span> <span class='ocrx_word' id='word_1_213' title='bbox 1315 2413 1382 2465; x_wconf 88' lang='lat' dir='ltr'><strong>ante</strong></span> <span class='ocrx_word' id='word_1_214' title='bbox 1404 2425 1458 2467; x_wconf 91' lang='lat' dir='ltr'><strong>no·</strong></span> 
     </span>
     <span class='ocr_line' id='line_1_22' title="bbox 158 2503 1459 2586; baseline 0.003 -23"><span class='ocrx_word' id='word_1_215' title='bbox 158 2504 308 2563; x_wconf 73' lang='lat' dir='ltr'><strong>tissiraam</strong></span> <span class='ocrx_word' id='word_1_216' title='bbox 330 2504 485 2582; x_wconf 88' lang='lat' dir='ltr'><strong>syllabam,</strong></span> <span class='ocrx_word' id='word_1_217' title='bbox 514 2512 547 2564; x_wconf 91' lang='lat' dir='ltr'><strong>ut</strong></span> <span class='ocrx_word' id='word_1_218' title='bbox 569 2523 660 2583; x_wconf 83' lang='lat' dir='ltr'><strong>pasco</strong></span> <span class='ocrx_word' id='word_1_219' title='bbox 682 2503 761 2582; x_wconf 90' lang='lat' dir='ltr'><strong>pavi,</strong></span> <span class='ocrx_word' id='word_1_220' title='bbox 788 2512 889 2566; x_wconf 87' lang='lat' dir='ltr'><strong>sterno</strong></span> <span class='ocrx_word' id='word_1_221' title='bbox 911 2506 1007 2566; x_wconf 82' lang='lat' dir='ltr'><strong>stravi.</strong></span> <span class='ocrx_word' id='word_1_222' title='bbox 1052 2506 1181 2567; x_wconf 89' lang='lat' dir='ltr'><strong>secunda</strong></span> <span class='ocrx_word' id='word_1_223' title='bbox 1204 2507 1296 2565; x_wconf 85' lang='lat' dir='ltr'><strong>torma</strong></span> <span class='ocrx_word' id='word_1_224' title='bbox 1314 2505 1345 2566; x_wconf 88' lang='lat' dir='ltr'><strong>in</strong></span> <span class='ocrx_word' id='word_1_225' title='bbox 1368 2505 1376 2563; x_wconf 95' lang='lat' dir='ltr'><strong>i</strong></span> <span class='ocrx_word' id='word_1_226' title='bbox 1403 2526 1459 2586; x_wconf 90' lang='lat' dir='ltr'><strong>pu·</strong></span> 
     </span>
     <span class='ocr_line' id='line_1_23' title="bbox 156 2603 1458 2685; baseline 0.001 -17"><span class='ocrx_word' id='word_1_227' title='bbox 156 2626 221 2668; x_wconf 92' lang='lat' dir='ltr'><strong>ram</strong></span> <span class='ocrx_word' id='word_1_228' title='bbox 242 2606 368 2666; x_wconf 89' lang='lat' dir='ltr'><strong>litteram</strong></span> <span class='ocrx_word' id='word_1_229' title='bbox 391 2605 512 2679; x_wconf 88' lang='lat' dir='ltr'><strong>desinit,</strong></span> <span class='ocrx_word' id='word_1_230' title='bbox 537 2614 568 2666; x_wconf 91' lang='lat' dir='ltr'><strong>ut</strong></span> <span class='ocrx_word' id='word_1_231' title='bbox 585 2604 631 2665; x_wconf 90' lang='lat' dir='ltr'><strong>alo</strong></span> <span class='ocrx_word' id='word_1_232' title='bbox 654 2603 726 2677; x_wconf 91' lang='lat' dir='ltr'><strong>alui,</strong></span> <span class='ocrx_word' id='word_1_233' title='bbox 750 2623 841 2684; x_wconf 81' lang='lat' dir='ltr'><strong>arguo</strong></span> <span class='ocrx_word' id='word_1_234' title='bbox 863 2607 961 2685; x_wconf 88' lang='lat' dir='ltr'><strong>argui,</strong></span> <span class='ocrx_word' id='word_1_235' title='bbox 985 2624 1060 2667; x_wconf 92' lang='lat' dir='ltr'><strong>acuo</strong></span> <span class='ocrx_word' id='word_1_236' title='bbox 1083 2603 1164 2678; x_wconf 89' lang='lat' dir='ltr'><strong>acui,</strong></span> <span class='ocrx_word' id='word_1_237' title='bbox 1185 2605 1250 2666; x_wconf 90' lang='lat' dir='ltr'><strong>colo</strong></span> <span class='ocrx_word' id='word_1_238' title='bbox 1272 2607 1365 2682; x_wconf 92' lang='lat' dir='ltr'><strong>colui,</strong></span> <span class='ocrx_word' id='word_1_239' title='bbox 1386 2626 1458 2669; x_wconf 91' lang='lat' dir='ltr'><strong>con-</strong></span> 
     </span>
     <span class='ocr_line' id='line_1_24' title="bbox 156 2705 1458 2782; baseline 0.002 -14"><span class='ocrx_word' id='word_1_240' title='bbox 156 2727 213 2768; x_wconf 88' lang='lat' dir='ltr'><strong>suo</strong></span> <span class='ocrx_word' id='word_1_241' title='bbox 236 2707 355 2780; x_wconf 89' lang='lat' dir='ltr'><strong>consni,</strong></span> <span class='ocrx_word' id='word_1_242' title='bbox 386 2725 456 2766; x_wconf 89' lang='lat' dir='ltr'><strong>eruo</strong></span> <span class='ocrx_word' id='word_1_243' title='bbox 479 2705 557 2778; x_wconf 89' lang='lat' dir='ltr'><strong>erui,</strong></span> <span class='ocrx_word' id='word_1_244' title='bbox 585 2724 659 2766; x_wconf 80' lang='lat' dir='ltr'><strong>enno</strong></span> <span class='ocrx_word' id='word_1_245' title='bbox 681 2705 762 2779; x_wconf 82' lang='lat' dir='ltr'><strong>erui,</strong></span> <span class='ocrx_word' id='word_1_246' title='bbox 790 2708 883 2769; x_wconf 89' lang='lat' dir='ltr'><strong>lrerno</strong></span> <span class='ocrx_word' id='word_1_247' title='bbox 905 2708 1025 2781; x_wconf 87' lang='lat' dir='ltr'><strong>tremui,</strong></span> <span class='ocrx_word' id='word_1_248' title='bbox 1054 2706 1132 2768; x_wconf 91' lang='lat' dir='ltr'><strong>molo</strong></span> <span class='ocrx_word' id='word_1_249' title='bbox 1154 2708 1260 2782; x_wconf 89' lang='lat' dir='ltr'><strong>molui,</strong></span> <span class='ocrx_word' id='word_1_250' title='bbox 1282 2709 1383 2770; x_wconf 91' lang='lat' dir='ltr'><strong>minuo</strong></span> <span class='ocrx_word' id='word_1_251' title='bbox 1402 2710 1458 2770; x_wconf 94' lang='lat' dir='ltr'><strong>mi-</strong></span> 
     </span>
     <span class='ocr_line' id='line_1_25' title="bbox 157 2807 1457 2884; baseline 0.002 -16"><span class='ocrx_word' id='word_1_252' title='bbox 157 2809 225 2881; x_wconf 89' lang='lat' dir='ltr'><strong>nui,</strong></span> <span class='ocrx_word' id='word_1_253' title='bbox 249 2814 345 2867; x_wconf 89' lang='lat' dir='ltr'><strong>statuo</strong></span> <span class='ocrx_word' id='word_1_254' title='bbox 368 2807 472 2879; x_wconf 88' lang='lat' dir='ltr'><strong>statui,</strong></span> <span class='ocrx_word' id='word_1_255' title='bbox 496 2826 580 2867; x_wconf 88' lang='lat' dir='ltr'><strong>vomo</strong></span> <span class='ocrx_word' id='word_1_256' title='bbox 603 2807 715 2879; x_wconf 91' lang='lat' dir='ltr'><strong>vomui,</strong></span> <span class='ocrx_word' id='word_1_257' title='bbox 744 2815 837 2870; x_wconf 89' lang='lat' dir='ltr'><strong>tremo</strong></span> <span class='ocrx_word' id='word_1_258' title='bbox 857 2811 977 2884; x_wconf 83' lang='lat' dir='ltr'><strong>tremm,</strong></span> <span class='ocrx_word' id='word_1_259' title='bbox 1001 2817 1092 2870; x_wconf 87' lang='lat' dir='ltr'><strong>sterto</strong></span> <span class='ocrx_word' id='word_1_260' title='bbox 1114 2809 1232 2882; x_wconf 89' lang='lat' dir='ltr'><strong>stertui,</strong></span> <span class='ocrx_word' id='word_1_261' title='bbox 1253 2810 1391 2872; x_wconf 90' lang='lat' dir='ltr'><strong>incumbo</strong></span> <span class='ocrx_word' id='word_1_262' title='bbox 1412 2811 1457 2870; x_wconf 94' lang='lat' dir='ltr'><strong>in-</strong></span> 
     </span>
     <span class='ocr_line' id='line_1_26' title="bbox 115 2908 1455 2991; baseline 0.001 -23"><span class='ocrx_word' id='word_1_263' title='bbox 115 2929 141 2968; x_wconf 77' lang='lat' dir='ltr'><strong>ts</strong></span> <span class='ocrx_word' id='word_1_264' title='bbox 156 2909 262 2981; x_wconf 89' lang='lat' dir='ltr'><strong>cubui,</strong></span> <span class='ocrx_word' id='word_1_265' title='bbox 294 2909 417 2970; x_wconf 91' lang='lat' dir='ltr'><strong>consulo</strong></span> <span class='ocrx_word' id='word_1_266' title='bbox 446 2908 597 2981; x_wconf 87' lang='lat' dir='ltr'><strong>consului,</strong></span> <span class='ocrx_word' id='word_1_267' title='bbox 627 2916 713 2985; x_wconf 91' lang='lat' dir='ltr'><strong>pecto</strong></span> <span class='ocrx_word' id='word_1_268' title='bbox 741 2911 844 2988; x_wconf 81' lang='lat' dir='ltr'><strong>perui,</strong></span> <span class='ocrx_word' id='word_1_269' title='bbox 877 2932 954 2991; x_wconf 91' lang='lat' dir='ltr'><strong>pono</strong></span> <span class='ocrx_word' id='word_1_270' title='bbox 982 2911 1083 2991; x_wconf 89' lang='lat' dir='ltr'><strong>posui,</strong></span> <span class='ocrx_word' id='word_1_271' title='bbox 1113 2911 1202 2988; x_wconf 88' lang='lat' dir='ltr'><strong>gigno</strong></span> <span class='ocrx_word' id='word_1_272' title='bbox 1234 2911 1330 2989; x_wconf 87' lang='lat' dir='ltr'><strong>gignis</strong></span> <span class='ocrx_word' id='word_1_273' title='bbox 1358 2912 1455 2989; x_wconf 89' lang='lat' dir='ltr'><strong>genui,</strong></span> 
     </span>
     <span class='ocr_line' id='line_1_27' title="bbox 155 3008 1486 3087; baseline -0.002 -14"><span class='ocrx_word' id='word_1_274' title='bbox 155 3018 235 3073; x_wconf 80' lang='lat' dir='ltr'><strong>meto</strong></span> <span class='ocrx_word' id='word_1_275' title='bbox 254 3011 381 3083; x_wconf 91' lang='lat' dir='ltr'><strong>messui,</strong></span> <span class='ocrx_word' id='word_1_276' title='bbox 411 3008 626 3087; x_wconf 89' lang='lat' dir='ltr'><strong>quodquidam</strong></span> <span class='ocrx_word' id='word_1_277' title='bbox 650 3011 856 3073; x_wconf 79' lang='lat' dir='ltr'><strong>exterminant:</strong></span> <span class='ocrx_word' id='word_1_278' title='bbox 890 3013 993 3074; x_wconf 91' lang='lat' dir='ltr'><strong>amicio</strong></span> <span class='ocrx_word' id='word_1_279' title='bbox 1022 3011 1143 3084; x_wconf 89' lang='lat' dir='ltr'><strong>amicui,</strong></span> <span class='ocrx_word' id='word_1_280' title='bbox 1175 3019 1206 3072; x_wconf 88' lang='lat' dir='ltr'><strong>ut</strong></span> <span class='ocrx_word' id='word_1_281' title='bbox 1227 3012 1336 3073; x_wconf 87' lang='lat' dir='ltr'><strong>Brutus</strong></span> <span class='ocrx_word' id='word_1_282' title='bbox 1356 3011 1486 3080; x_wconf 73' lang='lat' dir='ltr'><strong>lauda-⁸</strong></span> 
     </span>
     <span class='ocr_line' id='line_1_28' title="bbox 156 3110 1456 3192; baseline 0.002 -21"><span class='ocrx_word' id='word_1_283' title='bbox 156 3114 236 3172; x_wconf 84' lang='lat' dir='ltr'><strong>lintre</strong></span> <span class='ocrx_word' id='word_1_284' title='bbox 259 3111 343 3190; x_wconf 75' lang='lat' dir='ltr'><strong>Appii</strong></span> <span class='ocrx_word' id='word_1_285' title='bbox 367 3110 478 3171; x_wconf 87' lang='lat' dir='ltr'><strong>Claudii</strong></span> <span class='ocrx_word' id='word_1_286' title='bbox 501 3111 579 3189; x_wconf 77' lang='lat' dir='ltr'><strong>‘qui</strong></span> <span class='ocrx_word' id='word_1_287' title='bbox 609 3118 643 3170; x_wconf 92' lang='lat' dir='ltr'><strong>te</strong></span> <span class='ocrx_word' id='word_1_288' title='bbox 672 3119 758 3189; x_wconf 88' lang='lat' dir='ltr'><strong>tuga</strong></span> <span class='ocrx_word' id='word_1_289' title='bbox 788 3120 984 3192; x_wconf 85' lang='lat' dir='ltr'><strong>praetexta</strong></span> <span class='ocrx_word' id='word_1_290' title='bbox 1011 3113 1204 3188; x_wconf 88' lang='lat' dir='ltr'><strong>amieuit&#39;;</strong></span> <span class='ocrx_word' id='word_1_291' title='bbox 1242 3113 1296 3175; x_wconf 85' lang='lat' dir='ltr'><strong>sed</strong></span> <span class='ocrx_word' id='word_1_292' title='bbox 1316 3114 1406 3174; x_wconf 89' lang='lat' dir='ltr'><strong>Varro</strong></span> <span class='ocrx_word' id='word_1_293' title='bbox 1425 3113 1456 3173; x_wconf 94' lang='lat' dir='ltr'><strong>in</strong></span> 
     </span>
     <span class='ocr_line' id='line_1_29' title="bbox 155 3212 1456 3292; baseline 0.001 -20"><span class='ocrx_word' id='word_1_294' title='bbox 155 3212 351 3292; x_wconf 83' lang='lat' dir='ltr'><strong>cynorhetore</strong></span> <span class='ocrx_word' id='word_1_295' title='bbox 374 3212 558 3273; x_wconf 74' lang='lat' dir='ltr'><strong>‘celerius</strong></span> <span class='ocrx_word' id='word_1_296' title='bbox 580 3220 697 3274; x_wconf 91' lang='lat' dir='ltr'><strong>mater</strong></span> <span class='ocrx_word' id='word_1_297' title='bbox 718 3214 872 3274; x_wconf 83' lang='lat' dir='ltr'><strong>amixit&#39;.</strong></span> <span class='ocrx_word' id='word_1_298' title='bbox 917 3213 1003 3274; x_wconf 88' lang='lat' dir='ltr'><strong>tertia</strong></span> <span class='ocrx_word' id='word_1_299' title='bbox 1023 3214 1116 3274; x_wconf 82' lang='lat' dir='ltr'><strong>forma</strong></span> <span class='ocrx_word' id='word_1_300' title='bbox 1139 3223 1183 3274; x_wconf 89' lang='lat' dir='ltr'><strong>est</strong></span> <span class='ocrx_word' id='word_1_301' title='bbox 1205 3232 1280 3292; x_wconf 91' lang='lat' dir='ltr'><strong>qnae</strong></span> <span class='ocrx_word' id='word_1_302' title='bbox 1298 3213 1406 3274; x_wconf 86' lang='lat' dir='ltr'><strong>desinit</strong></span> <span class='ocrx_word' id='word_1_303' title='bbox 1425 3214 1456 3273; x_wconf 92' lang='lat' dir='ltr'><strong>in</strong></span> 
     </span>
     <span class='ocr_line' id='line_1_30' title="bbox 154 3312 1455 3393; baseline 0 -20"><span class='ocrx_word' id='word_1_304' title='bbox 154 3314 162 3373; x_wconf 96' lang='lat' dir='ltr'><strong>i</strong></span> <span class='ocrx_word' id='word_1_305' title='bbox 186 3313 304 3392; x_wconf 86' lang='lat' dir='ltr'><strong>quidem</strong></span> <span class='ocrx_word' id='word_1_306' title='bbox 325 3312 451 3374; x_wconf 90' lang='lat' dir='ltr'><strong>litteram</strong></span> <span class='ocrx_word' id='word_1_307' title='bbox 474 3313 616 3392; x_wconf 88' lang='lat' dir='ltr'><strong>appositis</strong></span> <span class='ocrx_word' id='word_1_308' title='bbox 635 3315 721 3376; x_wconf 86' lang='lat' dir='ltr'><strong>variis</strong></span> <span class='ocrx_word' id='word_1_309' title='bbox 739 3313 986 3386; x_wconf 86' lang='lat' dir='ltr'><strong>consonantibus,</strong></span> <span class='ocrx_word' id='word_1_310' title='bbox 1016 3314 1068 3375; x_wconf 90' lang='lat' dir='ltr'><strong>sed</strong></span> <span class='ocrx_word' id='word_1_311' title='bbox 1090 3314 1235 3393; x_wconf 81' lang='lat' dir='ltr'><strong>inceptiva</strong></span> <span class='ocrx_word' id='word_1_312' title='bbox 1258 3312 1337 3374; x_wconf 89' lang='lat' dir='ltr'><strong>verbi</strong></span> <span class='ocrx_word' id='word_1_313' title='bbox 1360 3314 1455 3373; x_wconf 90' lang='lat' dir='ltr'><strong>littera</strong></span> 
     </span>
     <span class='ocr_line' id='line_1_31' title="bbox 112 3413 1456 3494; baseline -0.004 -16"><span class='ocrx_word' id='word_1_314' title='bbox 112 3444 138 3483; x_wconf 78' lang='lat' dir='ltr'><strong>aa</strong></span> <span class='ocrx_word' id='word_1_315' title='bbox 154 3419 217 3478; x_wconf 88' lang='lat' dir='ltr'><strong>sive</strong></span> <span class='ocrx_word' id='word_1_316' title='bbox 238 3415 348 3494; x_wconf 86' lang='lat' dir='ltr'><strong>syllaba</strong></span> <span class='ocrx_word' id='word_1_317' title='bbox 370 3415 516 3492; x_wconf 85' lang='lat' dir='ltr'><strong>geminata</strong></span> <span class='ocrx_word' id='word_1_318' title='bbox 540 3415 569 3475; x_wconf 94' lang='lat' dir='ltr'><strong>in</strong></span> <span class='ocrx_word' id='word_1_319' title='bbox 594 3416 673 3476; x_wconf 91' lang='lat' dir='ltr'><strong>bunc</strong></span> <span class='ocrx_word' id='word_1_320' title='bbox 693 3415 834 3476; x_wconf 88' lang='lat' dir='ltr'><strong>liniuntur</strong></span> <span class='ocrx_word' id='word_1_321' title='bbox 856 3413 985 3472; x_wconf 88' lang='lat' dir='ltr'><strong>modum.</strong></span> <span class='ocrx_word' id='word_1_322' title='bbox 1029 3414 1154 3493; x_wconf 88' lang='lat' dir='ltr'><strong>primam</strong></span> <span class='ocrx_word' id='word_1_323' title='bbox 1182 3415 1323 3493; x_wconf 88' lang='lat' dir='ltr'><strong>syllabam</strong></span> <span class='ocrx_word' id='word_1_324' title='bbox 1348 3415 1456 3474; x_wconf 90' lang='lat' dir='ltr'><strong>iterant</strong></span> 
     </span>
     <span class='ocr_line' id='line_1_32' title="bbox 154 3513 1454 3593; baseline -0.004 -15"><span class='ocrx_word' id='word_1_325' title='bbox 154 3537 243 3578; x_wconf 89' lang='lat' dir='ltr'><strong>curro</strong></span> <span class='ocrx_word' id='word_1_326' title='bbox 265 3517 397 3589; x_wconf 86' lang='lat' dir='ltr'><strong>cucurri,</strong></span> <span class='ocrx_word' id='word_1_327' title='bbox 417 3517 499 3578; x_wconf 91' lang='lat' dir='ltr'><strong>disco</strong></span> <span class='ocrx_word' id='word_1_328' title='bbox 521 3515 623 3588; x_wconf 90' lang='lat' dir='ltr'><strong>didici,</strong></span> <span class='ocrx_word' id='word_1_329' title='bbox 649 3534 722 3575; x_wconf 92' lang='lat' dir='ltr'><strong>cano</strong></span> <span class='ocrx_word' id='word_1_330' title='bbox 740 3515 849 3586; x_wconf 88' lang='lat' dir='ltr'><strong>cecini,</strong></span> <span class='ocrx_word' id='word_1_331' title='bbox 872 3521 960 3590; x_wconf 89' lang='lat' dir='ltr'><strong>tango</strong></span> <span class='ocrx_word' id='word_1_332' title='bbox 983 3513 1078 3592; x_wconf 91' lang='lat' dir='ltr'><strong>tetigi,</strong></span> <span class='ocrx_word' id='word_1_333' title='bbox 1098 3517 1186 3576; x_wconf 88' lang='lat' dir='ltr'><strong>tendo</strong></span> <span class='ocrx_word' id='word_1_334' title='bbox 1208 3515 1334 3587; x_wconf 91' lang='lat' dir='ltr'><strong>tetendi,</strong></span> <span class='ocrx_word' id='word_1_335' title='bbox 1357 3513 1454 3593; x_wconf 91' lang='lat' dir='ltr'><strong>pendo</strong></span> 
     </span>
    </p>
   </div>
   <div class='ocr_carea' id='block_1_4' title="bbox 152 3651 1454 3972">
    <p class='ocr_par' dir='ltr' id='par_1_4' title="bbox 152 3651 1454 3972">
     <span class='ocr_line' id='line_1_33' title="bbox 1148 3651 1161 3675; baseline 0 0"><span class='ocrx_word' id='word_1_336' title='bbox 1148 3651 1161 3675; x_wconf 78' lang='lat' dir='ltr'>V</span> 
     </span>
     <span class='ocr_line' id='line_1_34' title="bbox 207 3689 1452 3760; baseline -0.006 -14"><span class='ocrx_word' id='word_1_337' title='bbox 207 3696 220 3746; x_wconf 94' lang='lat' dir='ltr'><strong>l</strong></span> <span class='ocrx_word' id='word_1_338' title='bbox 235 3695 334 3744; x_wconf 88' lang='lat' dir='ltr'><strong>desinet</strong></span> <span class='ocrx_word' id='word_1_339' title='bbox 345 3695 370 3743; x_wconf 84' lang='lat' dir='ltr'><em>A</em></span> <span class='ocrx_word' id='word_1_340' title='bbox 429 3697 445 3744; x_wconf 75' lang='lat'><strong>2</strong></span> <span class='ocrx_word' id='word_1_341' title='bbox 460 3695 587 3760; x_wconf 84' lang='lat' dir='ltr'><strong>inceptiua</strong></span> <span class='ocrx_word' id='word_1_342' title='bbox 596 3695 623 3743; x_wconf 92' lang='lat' dir='ltr'><strong>.l.</strong></span> <span class='ocrx_word' id='word_1_343' title='bbox 635 3693 717 3743; x_wconf 85' lang='lat' dir='ltr'><strong>littera</strong></span> <span class='ocrx_word' id='word_1_344' title='bbox 727 3691 760 3741; x_wconf 89' lang='lat' dir='ltr'><em>M</em></span> <span class='ocrx_word' id='word_1_345' title='bbox 773 3691 900 3756; x_wconf 86' lang='lat' dir='ltr'><strong>inceptiua</strong></span> <span class='ocrx_word' id='word_1_346' title='bbox 913 3690 995 3739; x_wconf 86' lang='lat' dir='ltr'><strong>littera</strong></span> <span class='ocrx_word' id='word_1_347' title='bbox 1006 3689 1059 3757; x_wconf 85' lang='grc' dir='ltr'><strong>ΑΒ</strong></span> <span class='ocrx_word' id='word_1_348' title='bbox 1110 3692 1126 3744; x_wconf 87' lang='grc'>3</span> <span class='ocrx_word' id='word_1_349' title='bbox 1141 3691 1231 3741; x_wconf 87' lang='lat' dir='ltr'><strong>tondeo</strong></span> <span class='ocrx_word' id='word_1_350' title='bbox 1245 3690 1341 3740; x_wconf 89' lang='lat' dir='ltr'><strong>totondi</strong></span> <span class='ocrx_word' id='word_1_351' title='bbox 1355 3689 1378 3737; x_wconf 85' lang='lat' dir='ltr'><em>A</em></span> <span class='ocrx_word' id='word_1_352' title='bbox 1395 3697 1452 3738; x_wconf 92' lang='lat' dir='ltr'><strong>tnn-</strong></span> 
     </span>
     <span class='ocr_line' id='line_1_35' title="bbox 152 3759 1454 3826; baseline -0.005 -11"><span class='ocrx_word' id='word_1_353' title='bbox 152 3768 201 3815; x_wconf 89' lang='lat' dir='ltr'><strong>deo</strong></span> <span class='ocrx_word' id='word_1_354' title='bbox 220 3764 321 3813; x_wconf 91' lang='lat' dir='ltr'><strong>tutundi</strong></span> <span class='ocrx_word' id='word_1_355' title='bbox 340 3763 589 3813; x_wconf 86' lang='lat' dir='ltr'><strong>detundoodetundi</strong></span> <span class='ocrx_word' id='word_1_356' title='bbox 607 3762 638 3810; x_wconf 95' lang='lat' dir='ltr'><em>M</em></span> <span class='ocrx_word' id='word_1_357' title='bbox 723 3763 739 3812; x_wconf 87' lang='grc'><strong>4</strong></span> <span class='ocrx_word' id='word_1_358' title='bbox 762 3760 889 3810; x_wconf 91' lang='lat' dir='ltr'><strong>detundeo</strong></span> <span class='ocrx_word' id='word_1_359' title='bbox 907 3759 1010 3809; x_wconf 85' lang='lat' dir='ltr'><strong>detondi</strong></span> <span class='ocrx_word' id='word_1_360' title='bbox 1031 3760 1061 3809; x_wconf 90' lang='lat' dir='ltr'><em>M</em></span> <span class='ocrx_word' id='word_1_361' title='bbox 1130 3759 1270 3826; x_wconf 86' lang='lat' dir='ltr'><strong>dispondeo</strong></span> <span class='ocrx_word' id='word_1_362' title='bbox 1290 3759 1409 3824; x_wconf 88' lang='lat' dir='ltr'><strong>dispondi</strong></span> <span class='ocrx_word' id='word_1_363' title='bbox 1428 3759 1454 3808; x_wconf 89' lang='lat' dir='ltr'><em>B</em></span> 
     </span>
     <span class='ocr_line' id='line_1_36' title="bbox 223 3828 1452 3896; baseline -0.007 -12"><span class='ocrx_word' id='word_1_364' title='bbox 223 3833 373 3884; x_wconf 79' lang='lat' dir='ltr'><strong>lladmittet</strong></span> <span class='ocrx_word' id='word_1_365' title='bbox 391 3834 424 3882; x_wconf 90' lang='lat' dir='ltr'><em>M</em></span> <span class='ocrx_word' id='word_1_366' title='bbox 510 3833 688 3882; x_wconf 76' lang='lat' dir='ltr'><strong>lintrenimns</strong></span> <span class='ocrx_word' id='word_1_367' title='bbox 705 3830 844 3896; x_wconf 87' lang='lat' dir='ltr'><strong>perlectum</strong></span> <span class='ocrx_word' id='word_1_368' title='bbox 862 3839 963 3894; x_wconf 86' lang='lat' dir='ltr'><strong>tempus</strong></span> <span class='ocrx_word' id='word_1_369' title='bbox 983 3829 1066 3879; x_wconf 90' lang='grc' dir='ltr'><strong>ΑΒΜ</strong></span> <span class='ocrx_word' id='word_1_370' title='bbox 1150 3830 1272 3894; x_wconf 85' lang='lat' dir='ltr'><strong>lltergec</strong></span> <span class='ocrx_word' id='word_1_371' title='bbox 1290 3828 1366 3886; x_wconf 89' lang='lat' dir='ltr'><strong>tersi,</strong></span> <span class='ocrx_word' id='word_1_372' title='bbox 1385 3828 1452 3890; x_wconf 90' lang='lat' dir='ltr'><strong>quod</strong></span> 
     </span>
     <span class='ocr_line' id='line_1_37' title="bbox 152 3896 1452 3972; baseline -0.007 -18"><span class='ocrx_word' id='word_1_373' title='bbox 152 3904 251 3954; x_wconf 82' lang='lat' dir='ltr'><strong>Probus</strong></span> <span class='ocrx_word' id='word_1_374' title='bbox 270 3911 294 3951; x_wconf 90' lang='lat' dir='ltr'><strong>et</strong></span> <span class='ocrx_word' id='word_1_375' title='bbox 304 3901 439 3951; x_wconf 77' lang='lat' dir='ltr'><strong>Clturisius</strong></span> <span class='ocrx_word' id='word_1_376' title='bbox 458 3911 481 3951; x_wconf 90' lang='lat' dir='ltr'><strong>et</strong></span> <span class='ocrx_word' id='word_1_377' title='bbox 500 3902 589 3952; x_wconf 88' lang='lat' dir='ltr'><strong>Celsus</strong></span> <span class='ocrx_word' id='word_1_378' title='bbox 607 3910 632 3950; x_wconf 88' lang='lat' dir='ltr'><strong>et</strong></span> <span class='ocrx_word' id='word_1_379' title='bbox 649 3900 784 3950; x_wconf 85' lang='lat' dir='ltr'><strong>Diomedes</strong></span> <span class='ocrx_word' id='word_1_380' title='bbox 808 3900 973 3965; x_wconf 88' lang='lat' dir='ltr'><strong>comprobant</strong></span> <span class='ocrx_word' id='word_1_381' title='bbox 996 3901 1144 3950; x_wconf 66' lang='lat' dir='ltr'><strong>Melonem</strong></span> <span class='ocrx_word' id='word_1_382' title='bbox 1166 3916 1192 3972; x_wconf 85' lang='lat' dir='ltr'><strong>p.</strong></span> <span class='ocrx_word' id='word_1_383' title='bbox 1211 3897 1264 3948; x_wconf 82' lang='lat'><strong>870</strong></span> <span class='ocrx_word' id='word_1_384' title='bbox 1336 3896 1369 3947; x_wconf 84' lang='lat' dir='ltr'><strong>tt)</strong></span> <span class='ocrx_word' id='word_1_385' title='bbox 1387 3898 1452 3946; x_wconf 90' lang='lat' dir='ltr'><strong>litte-</strong></span> 
     </span>
    </p>
   </div>
   <div class='ocr_carea' id='block_1_5' title="bbox 151 3977 1533 4568">
    <p class='ocr_par' dir='ltr' id='par_1_5' title="bbox 151 3977 1533 4568">
     <span class='ocr_line' id='line_1_38' title="bbox 1172 3977 1179 4003; baseline 0 0"><span class='ocrx_word' id='word_1_386' title='bbox 1172 3977 1179 4003; x_wconf 85' lang='lat' dir='ltr'><strong>l</strong></span> 
     </span>
     <span class='ocr_line' id='line_1_39' title="bbox 151 4016 1452 4084; baseline -0.007 -11"><span class='ocrx_word' id='word_1_387' title='bbox 151 4041 194 4074; x_wconf 81' lang='lat' dir='ltr'><strong>ras</strong></span> <span class='ocrx_word' id='word_1_388' title='bbox 215 4021 345 4071; x_wconf 75' lang='lat' dir='ltr'><strong>Cdart&#39;et&#39;ue</strong></span> <span class='ocrx_word' id='word_1_389' title='bbox 375 4021 483 4069; x_wconf 87' lang='lat' dir='ltr'><strong>litteram</strong></span> <span class='ocrx_word' id='word_1_390' title='bbox 510 4021 532 4068; x_wconf 87' lang='grc' dir='ltr'><em>Α</em></span> <span class='ocrx_word' id='word_1_391' title='bbox 558 4020 641 4068; x_wconf 86' lang='lat' dir='ltr'><strong>littera</strong></span> <span class='ocrx_word' id='word_1_392' title='bbox 664 4019 722 4069; x_wconf 90' lang='lat' dir='ltr'><strong>BM</strong></span> <span class='ocrx_word' id='word_1_393' title='bbox 792 4019 822 4068; x_wconf 89' lang='lat' dir='ltr'><strong>ll</strong></span> <span class='ocrx_word' id='word_1_394' title='bbox 843 4019 911 4084; x_wconf 87' lang='lat' dir='ltr'><strong>apud</strong></span> <span class='ocrx_word' id='word_1_395' title='bbox 930 4029 1029 4067; x_wconf 87' lang='lat' dir='ltr'><strong>ueteres</strong></span> <span class='ocrx_word' id='word_1_396' title='bbox 1046 4018 1134 4066; x_wconf 89' lang='lat' dir='ltr'><strong>alliceo</strong></span> <span class='ocrx_word' id='word_1_397' title='bbox 1153 4018 1255 4079; x_wconf 85' lang='lat' dir='ltr'><strong>(alliceo</strong></span> <span class='ocrx_word' id='word_1_398' title='bbox 1273 4018 1299 4067; x_wconf 88' lang='lat' dir='ltr'><em>B</em></span> <span class='ocrx_word' id='word_1_399' title='bbox 1315 4016 1394 4066; x_wconf 84' lang='lat' dir='ltr'><strong>aliceo</strong></span> <span class='ocrx_word' id='word_1_400' title='bbox 1413 4017 1452 4075; x_wconf 81' lang='grc' dir='ltr'><strong>Α)</strong></span> 
     </span>
     <span class='ocr_line' id='line_1_40' title="bbox 152 4085 1452 4158; baseline -0.007 -15"><span class='ocrx_word' id='word_1_401' title='bbox 152 4093 263 4158; x_wconf 80' lang='lat' dir='ltr'><strong>legimus</strong></span> <span class='ocrx_word' id='word_1_402' title='bbox 281 4089 364 4138; x_wconf 86' lang='grc' dir='ltr'><strong>ΑΒΜ</strong></span> <span class='ocrx_word' id='word_1_403' title='bbox 382 4090 450 4154; x_wconf 85' lang='lat' dir='ltr'><strong>apud</strong></span> <span class='ocrx_word' id='word_1_404' title='bbox 468 4100 567 4139; x_wconf 86' lang='lat' dir='ltr'><strong>ueteres</strong></span> <span class='ocrx_word' id='word_1_405' title='bbox 586 4089 668 4137; x_wconf 87' lang='lat' dir='ltr'><strong>allicio</strong></span> <span class='ocrx_word' id='word_1_406' title='bbox 686 4090 794 4154; x_wconf 82' lang='lat' dir='ltr'><strong>legimus</strong></span> <span class='ocrx_word' id='word_1_407' title='bbox 812 4102 837 4144; x_wconf 88' lang='grc' dir='ltr'><strong>ς.</strong></span> <span class='ocrx_word' id='word_1_408' title='bbox 856 4089 939 4137; x_wconf 79' lang='lat' dir='ltr'><strong>allieni</strong></span> <span class='ocrx_word' id='word_1_409' title='bbox 958 4088 1048 4137; x_wconf 82' lang='lat' dir='ltr'><strong>addidi</strong></span> <span class='ocrx_word' id='word_1_410' title='bbox 1062 4104 1098 4138; x_wconf 72' lang='lat' dir='ltr'><strong>ca·</strong></span> <span class='ocrx_word' id='word_1_411' title='bbox 1115 4085 1347 4152; x_wconf 79' lang='lat' dir='ltr'><strong>Priscianop.877</strong></span> <span class='ocrx_word' id='word_1_412' title='bbox 1420 4087 1452 4136; x_wconf 79' lang='lat'><strong>12</strong></span> 
     </span>
     <span class='ocr_line' id='line_1_41' title="bbox 152 4154 1452 4229; baseline -0.003 -20"><span class='ocrx_word' id='word_1_413' title='bbox 152 4162 261 4229; x_wconf 91' lang='lat' dir='ltr'><strong>polliceo</strong></span> <span class='ocrx_word' id='word_1_414' title='bbox 281 4160 376 4224; x_wconf 85' lang='lat' dir='ltr'><strong>pellexi</strong></span> <span class='ocrx_word' id='word_1_415' title='bbox 394 4157 426 4206; x_wconf 95' lang='lat' dir='ltr'><em>M</em></span> <span class='ocrx_word' id='word_1_416' title='bbox 496 4160 528 4208; x_wconf 88' lang='lat'><strong>15</strong></span> <span class='ocrx_word' id='word_1_417' title='bbox 547 4174 604 4207; x_wconf 86' lang='lat' dir='ltr'><strong>narn</strong></span> <span class='ocrx_word' id='word_1_418' title='bbox 623 4186 657 4194; x_wconf 96' lang='lat'><em>-</em></span> <span class='ocrx_word' id='word_1_419' title='bbox 679 4158 707 4207; x_wconf 84' lang='lat' dir='ltr'><strong>tt</strong></span> <span class='ocrx_word' id='word_1_420' title='bbox 726 4155 845 4223; x_wconf 79' lang='lat' dir='ltr'><strong>prandidi</strong></span> <span class='ocrx_word' id='word_1_421' title='bbox 864 4159 945 4208; x_wconf 74' lang='lat' dir='ltr'><strong>mom.</strong></span> <span class='ocrx_word' id='word_1_422' title='bbox 962 4174 990 4220; x_wconf 86' lang='lat' dir='ltr'><strong>p.</strong></span> <span class='ocrx_word' id='word_1_423' title='bbox 1009 4155 1062 4207; x_wconf 81' lang='lat'><strong>348</strong></span> <span class='ocrx_word' id='word_1_424' title='bbox 1131 4158 1210 4207; x_wconf 91' lang='lat' dir='ltr'><strong>ullum</strong></span> <span class='ocrx_word' id='word_1_425' title='bbox 1227 4174 1274 4209; x_wconf 70' lang='grc' dir='ltr'><strong>σπι.</strong></span> <span class='ocrx_word' id='word_1_426' title='bbox 1291 4154 1348 4205; x_wconf 87' lang='grc' dir='ltr'><strong>ΑΜ</strong></span> <span class='ocrx_word' id='word_1_427' title='bbox 1420 4154 1452 4206; x_wconf 82' lang='grc'><strong>19</strong></span> 
     </span>
     <span class='ocr_line' id='line_1_42' title="bbox 152 4223 1533 4298; baseline -0.006 -18"><span class='ocrx_word' id='word_1_428' title='bbox 152 4233 236 4298; x_wconf 84' lang='lat' dir='ltr'><strong>prima</strong></span> <span class='ocrx_word' id='word_1_429' title='bbox 252 4239 291 4278; x_wconf 86' lang='lat' dir='ltr'><strong>est</strong></span> <span class='ocrx_word' id='word_1_430' title='bbox 310 4229 412 4291; x_wconf 91' lang='lat' dir='ltr'><strong>quidem</strong></span> <span class='ocrx_word' id='word_1_431' title='bbox 431 4242 495 4290; x_wconf 87' lang='lat' dir='ltr'><strong>quae</strong></span> <span class='ocrx_word' id='word_1_432' title='bbox 513 4229 605 4277; x_wconf 91' lang='lat' dir='ltr'><strong>desiuit</strong></span> <span class='ocrx_word' id='word_1_433' title='bbox 624 4228 737 4290; x_wconf 79' lang='lat' dir='ltr'><strong>(desinet</strong></span> <span class='ocrx_word' id='word_1_434' title='bbox 751 4226 821 4287; x_wconf 88' lang='lat' dir='ltr'><strong>AM)</strong></span> <span class='ocrx_word' id='word_1_435' title='bbox 839 4227 865 4274; x_wconf 92' lang='lat' dir='ltr'><strong>in</strong></span> <span class='ocrx_word' id='word_1_436' title='bbox 881 4225 963 4275; x_wconf 83' lang='lat' dir='ltr'><strong>ABM</strong></span> <span class='ocrx_word' id='word_1_437' title='bbox 1043 4224 1078 4275; x_wconf 81' lang='lat'><strong>20</strong></span> <span class='ocrx_word' id='word_1_438' title='bbox 1095 4228 1206 4276; x_wconf 79' lang='lat' dir='ltr'><strong>continet</strong></span> <span class='ocrx_word' id='word_1_439' title='bbox 1223 4226 1354 4288; x_wconf 81' lang='lat' dir='ltr'><strong>(contenet</strong></span> <span class='ocrx_word' id='word_1_440' title='bbox 1370 4223 1408 4287; x_wconf 88' lang='lat' dir='ltr'><strong>B)</strong></span> <span class='ocrx_word' id='word_1_441' title='bbox 1426 4233 1452 4273; x_wconf 93' lang='lat' dir='ltr'><strong>et</strong></span> <span class='ocrx_word' id='word_1_442' title='bbox 1527 4250 1533 4259; x_wconf 87' lang='lat'><strong><em>.</em></strong></span> 
     </span>
     <span class='ocr_line' id='line_1_43' title="bbox 152 4293 1451 4366; baseline -0.006 -17"><span class='ocrx_word' id='word_1_443' title='bbox 152 4301 250 4366; x_wconf 84' lang='lat' dir='ltr'><strong>primae</strong></span> <span class='ocrx_word' id='word_1_444' title='bbox 268 4297 354 4347; x_wconf 86' lang='grc' dir='ltr'><strong>ΑΒΜ</strong></span> <span class='ocrx_word' id='word_1_445' title='bbox 422 4298 456 4346; x_wconf 82' lang='lat'><strong>22</strong></span> <span class='ocrx_word' id='word_1_446' title='bbox 481 4297 574 4347; x_wconf 82' lang='lat' dir='ltr'><strong>desinit</strong></span> <span class='ocrx_word' id='word_1_447' title='bbox 592 4296 617 4345; x_wconf 89' lang='lat' dir='ltr'><em>B</em></span> <span class='ocrx_word' id='word_1_448' title='bbox 642 4296 740 4344; x_wconf 87' lang='lat' dir='ltr'><strong>desinet</strong></span> <span class='ocrx_word' id='word_1_449' title='bbox 758 4294 817 4344; x_wconf 85' lang='lat' dir='ltr'><strong>AM</strong></span> <span class='ocrx_word' id='word_1_450' title='bbox 886 4309 949 4344; x_wconf 86' lang='lat' dir='ltr'><strong>aeuo</strong></span> <span class='ocrx_word' id='word_1_451' title='bbox 974 4295 1031 4342; x_wconf 84' lang='lat' dir='ltr'><strong>aeui</strong></span> <span class='ocrx_word' id='word_1_452' title='bbox 1049 4293 1107 4344; x_wconf 90' lang='grc' dir='ltr'><strong>ΒΜ</strong></span> <span class='ocrx_word' id='word_1_453' title='bbox 1129 4311 1197 4362; x_wconf 80' lang='lat' dir='ltr'><strong>agno</strong></span> <span class='ocrx_word' id='word_1_454' title='bbox 1216 4297 1277 4361; x_wconf 85' lang='lat' dir='ltr'><strong>agui</strong></span> <span class='ocrx_word' id='word_1_455' title='bbox 1293 4294 1319 4343; x_wconf 82' lang='lat' dir='ltr'><em>A</em></span> <span class='ocrx_word' id='word_1_456' title='bbox 1396 4294 1451 4342; x_wconf 86' lang='lat' dir='ltr'><strong>calo</strong></span> 
     </span>
     <span class='ocr_line' id='line_1_44' title="bbox 152 4363 1450 4432; baseline -0.005 -16"><span class='ocrx_word' id='word_1_457' title='bbox 152 4369 237 4432; x_wconf 83' lang='lat' dir='ltr'><strong>(caleo</strong></span> <span class='ocrx_word' id='word_1_458' title='bbox 256 4367 294 4427; x_wconf 88' lang='grc' dir='ltr'><strong>Α)</strong></span> <span class='ocrx_word' id='word_1_459' title='bbox 312 4368 377 4416; x_wconf 86' lang='lat' dir='ltr'><strong>calui</strong></span> <span class='ocrx_word' id='word_1_460' title='bbox 397 4381 474 4415; x_wconf 86' lang='lat' dir='ltr'><strong>conso</strong></span> <span class='ocrx_word' id='word_1_461' title='bbox 492 4367 581 4416; x_wconf 89' lang='lat' dir='ltr'><strong>consui</strong></span> <span class='ocrx_word' id='word_1_462' title='bbox 598 4364 682 4413; x_wconf 90' lang='grc' dir='ltr'><strong>ΑΒΜ</strong></span> <span class='ocrx_word' id='word_1_463' title='bbox 751 4367 785 4415; x_wconf 75' lang='grc'><strong>’24</strong></span> <span class='ocrx_word' id='word_1_464' title='bbox 802 4364 904 4414; x_wconf 87' lang='lat' dir='ltr'><strong>incubui</strong></span> <span class='ocrx_word' id='word_1_465' title='bbox 917 4364 957 4413; x_wconf 79' lang='lat' dir='ltr'><strong>At</strong></span> <span class='ocrx_word' id='word_1_466' title='bbox 977 4364 1105 4413; x_wconf 80' lang='lat' dir='ltr'><strong>incumbat</strong></span> <span class='ocrx_word' id='word_1_467' title='bbox 1117 4364 1174 4414; x_wconf 84' lang='grc' dir='ltr'><strong>ΒΜ</strong></span> <span class='ocrx_word' id='word_1_468' title='bbox 1191 4364 1293 4414; x_wconf 82' lang='lat' dir='ltr'><strong>incubui</strong></span> <span class='ocrx_word' id='word_1_469' title='bbox 1311 4371 1336 4411; x_wconf 88' lang='lat' dir='ltr'><strong>et</strong></span> <span class='ocrx_word' id='word_1_470' title='bbox 1354 4363 1450 4410; x_wconf 62' lang='lat' dir='ltr'><strong>incurab</strong></span> 
     </span>
     <span class='ocr_line' id='line_1_45' title="bbox 152 4431 1452 4501; baseline -0.007 -14"><span class='ocrx_word' id='word_1_471' title='bbox 152 4439 196 4486; x_wconf 86' lang='lat' dir='ltr'><strong>bui</strong></span> <span class='ocrx_word' id='word_1_472' title='bbox 214 4437 346 4486; x_wconf 70' lang='lat' dir='ltr'><strong>Charisius</strong></span> <span class='ocrx_word' id='word_1_473' title='bbox 415 4436 448 4485; x_wconf 75' lang='lat'><strong>25</strong></span> <span class='ocrx_word' id='word_1_474' title='bbox 467 4449 534 4500; x_wconf 88' lang='lat' dir='ltr'><strong>pono</strong></span> <span class='ocrx_word' id='word_1_475' title='bbox 554 4437 633 4501; x_wconf 86' lang='lat' dir='ltr'><strong>penui</strong></span> <span class='ocrx_word' id='word_1_476' title='bbox 649 4435 675 4484; x_wconf 89' lang='lat' dir='ltr'><em>B</em></span> <span class='ocrx_word' id='word_1_477' title='bbox 749 4435 827 4500; x_wconf 84' lang='lat' dir='ltr'><strong>genui</strong></span> <span class='ocrx_word' id='word_1_478' title='bbox 844 4447 862 4489; x_wconf 83' lang='grc' dir='ltr'><strong><em>ς</em></strong></span> <span class='ocrx_word' id='word_1_479' title='bbox 880 4433 971 4499; x_wconf 86' lang='lat' dir='ltr'><strong>gignui</strong></span> <span class='ocrx_word' id='word_1_480' title='bbox 987 4432 1072 4482; x_wconf 89' lang='grc' dir='ltr'><strong>ΑΒΜ</strong></span> <span class='ocrx_word' id='word_1_481' title='bbox 1139 4434 1174 4484; x_wconf 75' lang='lat' dir='ltr'><strong>ad</strong></span> <span class='ocrx_word' id='word_1_482' title='bbox 1190 4431 1340 4482; x_wconf 84' lang='lat' dir='ltr'><strong>ntensniB:</strong></span> <span class='ocrx_word' id='word_1_483' title='bbox 1356 4431 1452 4481; x_wconf 83' lang='lat' dir='ltr'><strong>messui</strong></span> 
     </span>
     <span class='ocr_line' id='line_1_46' title="bbox 153 4500 1451 4568; baseline -0.004 -13"><span class='ocrx_word' id='word_1_484' title='bbox 153 4518 176 4556; x_wconf 88' lang='lat' dir='ltr'><strong>et</strong></span> <span class='ocrx_word' id='word_1_485' title='bbox 188 4508 258 4568; x_wconf 85' lang='lat' dir='ltr'><strong>quod</strong></span> <span class='ocrx_word' id='word_1_486' title='bbox 271 4507 408 4556; x_wconf 72' lang='lat' dir='ltr'><strong>Caesarius</strong></span> <span class='ocrx_word' id='word_1_487' title='bbox 476 4504 689 4560; x_wconf 69' lang='lat' dir='ltr'><strong>amicinsttutico</strong></span> <span class='ocrx_word' id='word_1_488' title='bbox 702 4502 785 4552; x_wconf 87' lang='grc' dir='ltr'><strong>ΑΒΜ</strong></span> <span class='ocrx_word' id='word_1_489' title='bbox 872 4501 1007 4551; x_wconf 88' lang='lat' dir='ltr'><strong>brtrctusB</strong></span> <span class='ocrx_word' id='word_1_490' title='bbox 1077 4503 1111 4551; x_wconf 80' lang='lat'><strong>27</strong></span> <span class='ocrx_word' id='word_1_491' title='bbox 1122 4503 1174 4568; x_wconf 90' lang='lat' dir='ltr'><strong>apii</strong></span> <span class='ocrx_word' id='word_1_492' title='bbox 1187 4501 1272 4551; x_wconf 90' lang='grc' dir='ltr'><strong>ΑΒΜ</strong></span> <span class='ocrx_word' id='word_1_493' title='bbox 1339 4500 1451 4550; x_wconf 89' lang='lat' dir='ltr'><strong>cludiiB</strong></span> 
     </span>
    </p>
   </div>
   <div class='ocr_carea' id='block_1_6' title="bbox 153 4570 1450 4705">
    <p class='ocr_par' dir='ltr' id='par_1_6' title="bbox 153 4570 1450 4705">
     <span class='ocr_line' id='line_1_47' title="bbox 223 4570 1379 4639; baseline -0.003 -16"><span class='ocrx_word' id='word_1_494' title='bbox 223 4577 267 4639; x_wconf 92' lang='lat' dir='ltr'><strong>qui</strong></span> <span class='ocrx_word' id='word_1_495' title='bbox 286 4585 310 4625; x_wconf 92' lang='lat' dir='ltr'><strong>te</strong></span> <span class='ocrx_word' id='word_1_496' title='bbox 328 4576 462 4625; x_wconf 81' lang='lat' dir='ltr'><strong>Puteedt&#39;us</strong></span> <span class='ocrx_word' id='word_1_497' title='bbox 480 4575 523 4638; x_wconf 86' lang='lat' dir='ltr'><strong>qtti</strong></span> <span class='ocrx_word' id='word_1_498' title='bbox 542 4576 574 4624; x_wconf 90' lang='lat' dir='ltr'><strong>de</strong></span> <span class='ocrx_word' id='word_1_499' title='bbox 592 4572 676 4622; x_wconf 89' lang='grc' dir='ltr'><strong>ΑΒΜ</strong></span> <span class='ocrx_word' id='word_1_500' title='bbox 693 4574 813 4622; x_wconf 68' lang='lat' dir='ltr'><strong>deletitia</strong></span> <span class='ocrx_word' id='word_1_501' title='bbox 826 4570 882 4620; x_wconf 93' lang='lat' dir='ltr'><strong>Md</strong></span> <span class='ocrx_word' id='word_1_502' title='bbox 895 4574 980 4622; x_wconf 82' lang='lat' dir='ltr'><strong>littera</strong></span> <span class='ocrx_word' id='word_1_503' title='bbox 997 4586 1061 4633; x_wconf 86' lang='lat' dir='ltr'><strong>quae</strong></span> <span class='ocrx_word' id='word_1_504' title='bbox 1079 4571 1111 4620; x_wconf 87' lang='lat' dir='ltr'><strong>de</strong></span> <span class='ocrx_word' id='word_1_505' title='bbox 1129 4587 1146 4627; x_wconf 90' lang='grc' dir='ltr'><strong><em>ς</em></strong></span> <span class='ocrx_word' id='word_1_506' title='bbox 1164 4586 1230 4634; x_wconf 87' lang='lat' dir='ltr'><strong>quae</strong></span> <span class='ocrx_word' id='word_1_507' title='bbox 1249 4579 1273 4619; x_wconf 90' lang='lat' dir='ltr'><strong>te</strong></span> <span class='ocrx_word' id='word_1_508' title='bbox 1290 4570 1379 4620; x_wconf 79' lang='lat' dir='ltr'><strong>Ilt&#39;et&#39;ue</strong></span> 
     </span>
     <span class='ocr_line' id='line_1_48' title="bbox 153 4639 1450 4705; baseline -0.004 -13"><span class='ocrx_word' id='word_1_509' title='bbox 153 4646 255 4694; x_wconf 80' lang='lat' dir='ltr'><strong>emicuit</strong></span> <span class='ocrx_word' id='word_1_510' title='bbox 274 4645 298 4693; x_wconf 82' lang='lat' dir='ltr'><em>A</em></span> <span class='ocrx_word' id='word_1_511' title='bbox 324 4646 437 4693; x_wconf 81' lang='lat' dir='ltr'><strong>mnieitrit</strong></span> <span class='ocrx_word' id='word_1_512' title='bbox 454 4644 480 4692; x_wconf 88' lang='grc' dir='ltr'><em>Β</em></span> <span class='ocrx_word' id='word_1_513' title='bbox 504 4653 527 4694; x_wconf 88' lang='lat' dir='ltr'><strong>et</strong></span> <span class='ocrx_word' id='word_1_514' title='bbox 550 4661 619 4694; x_wconf 83' lang='lat' dir='ltr'><strong>corr.</strong></span> <span class='ocrx_word' id='word_1_515' title='bbox 644 4642 744 4690; x_wconf 87' lang='lat' dir='ltr'><strong>arnicuit</strong></span> <span class='ocrx_word' id='word_1_516' title='bbox 767 4639 799 4688; x_wconf 95' lang='lat' dir='ltr'><em>M</em></span> <span class='ocrx_word' id='word_1_517' title='bbox 883 4640 929 4690; x_wconf 88' lang='lat' dir='ltr'><strong>sed</strong></span> <span class='ocrx_word' id='word_1_518' title='bbox 954 4639 1035 4688; x_wconf 84' lang='lat' dir='ltr'><strong>Varro</strong></span> <span class='ocrx_word' id='word_1_519' title='bbox 1061 4639 1164 4689; x_wconf 90' lang='lat' dir='ltr'><strong>sceleris</strong></span> <span class='ocrx_word' id='word_1_520' title='bbox 1186 4639 1309 4705; x_wconf 84' lang='lat' dir='ltr'><strong>tnagister</strong></span> <span class='ocrx_word' id='word_1_521' title='bbox 1332 4639 1450 4697; x_wconf 60' lang='lat' dir='ltr'><strong>amisit&lt;</strong></span> 
     </span>
    </p>
   </div>
   <div class='ocr_carea' id='block_1_7' title="bbox 155 4707 1380 4832">
    <p class='ocr_par' dir='ltr' id='par_1_7' title="bbox 155 4707 1380 4832">
     <span class='ocr_line' id='line_1_49' title="bbox 221 4707 1380 4831; baseline -0.001 -68.014"><span class='ocrx_word' id='word_1_522' title='bbox 221 4715 256 4764; x_wconf 76' lang='grc'><strong>’28</strong></span> <span class='ocrx_word' id='word_1_523' title='bbox 275 4713 441 4831; x_wconf 27' lang='grc' dir='ltr'><strong>,οςηῧώεῑοτε</strong></span> <span class='ocrx_word' id='word_1_524' title='bbox 463 4713 520 4763; x_wconf 92' lang='grc' dir='ltr'><strong>ΒΜ</strong></span> <span class='ocrx_word' id='word_1_525' title='bbox 535 4711 692 4762; x_wconf 87' lang='lat' dir='ltr'><strong>cinorhetore</strong></span> <span class='ocrx_word' id='word_1_526' title='bbox 704 4710 729 4758; x_wconf 91' lang='grc' dir='ltr'><em>Α</em></span> <span class='ocrx_word' id='word_1_527' title='bbox 747 4710 912 4759; x_wconf 86' lang='lat' dir='ltr'><strong>cinostretore</strong></span> <span class='ocrx_word' id='word_1_528' title='bbox 930 4710 1013 4760; x_wconf 61' lang='lat' dir='ltr'><strong>code-e</strong></span> <span class='ocrx_word' id='word_1_529' title='bbox 1030 4711 1147 4774; x_wconf 78' lang='lat' dir='ltr'><strong>Scioppit&#39;</strong></span> <span class='ocrx_word' id='word_1_530' title='bbox 1159 4725 1229 4774; x_wconf 78' lang='lat' dir='ltr'><strong>resp.</strong></span> <span class='ocrx_word' id='word_1_531' title='bbox 1248 4712 1305 4760; x_wconf 84' lang='lat' dir='ltr'><strong>lect.</strong></span> <span class='ocrx_word' id='word_1_532' title='bbox 1322 4710 1345 4759; x_wconf 91' lang='lat'><strong>11</strong></span> <span class='ocrx_word' id='word_1_533' title='bbox 1363 4707 1380 4762; x_wconf 81' lang='grc'>6</span> 
     </span>
     <span class='ocr_line' id='line_1_50' title="bbox 155 4793 320 4832; baseline -0.006 -1"><span class='ocrx_word' id='word_1_534' title='bbox 155 4793 292 4832; x_wconf 81' lang='lat' dir='ltr'><strong>uratamuut</strong></span> <span class='ocrx_word' id='word_1_535' title='bbox 312 4816 320 4830; x_wconf 49' lang='lat'><em>2</em></span> 
     </span>
    </p>
   </div>
   <div class='ocr_carea' id='block_1_8' title="bbox 0 0 1562 5356">
    <p class='ocr_par' dir='ltr' id='par_1_8' title="bbox 0 0 1562 5356">
     <span class='ocr_line' id='line_1_51' title="bbox 0 0 1562 5356; baseline 0 3"><span class='ocrx_word' id='word_1_536' title='bbox 0 0 1562 5356; x_wconf 95' lang='lat' dir='ltr'><strong> </strong></span> 
     </span>
    </p>
   </div>
  </div>
 </body>
</html>
