3114 5356
518 298 652 361 msrrr.
676 282 786 361 canu
809 298 927 360 unu
1306 296 1366 359 ras

139 413 308 461 Asa-ear.
1138 427 1160 468 ρ.
1177 414 1222 456 raa
1239 413 1314 457 rrae.

68 431 175 551 ablris
198 486 332 569 partibus
353 485 492 548 orationis
507 486 667 548 tenninata
689 504 776 565 quam
796 487 827 549 in
849 485 955 565 quibus
977 484 1156 566 comparatio
1172 493 1270 566 potest
1287 487 1368 548 iuve-

71 592 145 665 uiri,
167 599 201 652 ut
221 594 268 652 est
288 589 408 668 elegans
431 588 592 667 elegantior
612 588 774 666 eleganter,
795 588 903 649 decens
918 587 1069 649 decentior
1082 588 1230 664 decenter,
1253 588 1367 668 pudens

69 692 230 774 pudentior
255 690 415 772 pudenter:
450 690 591 768 sicergo
617 689 727 751 arideus
754 691 907 752 audentior
932 690 1074 752 audenter
1098 709 1156 771 qpa
1183 689 1366 767 vocabulum,

51 782 131 857 'uon
153 800 213 874 qiua
230 793 430 874 participium,
452 792 482 853 in
505 791 673 853 adverbium
696 794 926 872 transfiguratur.

45 924 59 965 s
155 898 198 959 lts
216 894 371 957 terminata
391 894 502 976 duplici
524 893 611 955 modo
632 911 667 954 ex
682 888 695 977 Η
711 913 745 956 se
765 894 900 957 adverbia
922 896 1031 959 faciunt
1052 898 1083 959 in
1107 904 1153 958 ter
1174 895 1365 956 decurrentia

71 1016 198 1077 qnorum
215 1015 291 1059 unus
311 998 426 1076 estqui
448 996 456 1057 i
479 998 604 1074 litteram
627 1004 723 1058 serrat
743 1004 811 1058 ante
830 996 1018 1059 notissimam
1039 998 1195 1079 syllabam,
1217 1003 1251 1057 nt
1264 1015 1367 1058 vecors
1412 1000 1416 1007 '

71 1098 251 1172 vecorditer,
286 1099 360 1161 alter
387 1099 438 1178 qui
464 1100 528 1162 sine
556 1098 566 1158 i
593 1097 687 1159 littera
718 1098 853 1171 effertur,
889 1106 922 1159 ut
948 1098 1052 1161 sollers
1078 1098 1220 1161 sollerter.
1271 1115 1367 1176 neque

70 1200 168 1263 onmia
190 1208 288 1262 tamen
314 1219 388 1280 qnae
410 1220 441 1262 rs
460 1201 565 1261 littoris
584 1183 778 1261 terminantur
797 1199 827 1260 in
847 1199 982 1262 adverbia
1004 1207 1174 1281 transeunt,
1197 1200 1275 1262 sicin
1296 1219 1367 1262 con·

70 1321 146 1364 cors.
191 1301 272 1363 iners
293 1322 409 1383 quoque
431 1303 532 1364 habuit
557 1300 767 1363 dubitationem
793 1320 831 1363 an
859 1302 978 1364 omnino
999 1303 1029 1363 in
1053 1302 1221 1364 adverbium
1242 1303 1368 1365 tramite

38 1404 183 1485 topossit,
206 1404 339 1484 mamus
360 1406 391 1467 iu
413 1405 523 1484 vulgari
546 1403 757 1466 consuetudine
778 1404 818 1466 sit
838 1404 955 1465 inerter.
1000 1423 1060 1465 non
1078 1404 1177 1465 statim
1197 1411 1295 1466 nmen
1317 1404 1368 1466 ad·

71 1524 164 1567 nuere
182 1505 342 1582 debemus,
366 1507 424 1570 uisi
447 1506 604 1568 auctoritas
629 1505 733 1567 eniditi
753 1504 875 1567 alicuius
897 1506 1064 1581 accesserit
1102 1525 1169 1568 nam
1191 1507 1368 1570 inertissime

69 1607 142 1687 quin
165 1615 246 1670 recte
268 1606 382 1670 dicatur
404 1608 537 1671 dubitem
558 1628 617 1671 uon
638 1625 814 1688 possumus,
845 1626 912 1669 cum
934 1607 970 1669 ab
999 1607 1134 1686 eoquod
1156 1616 1203 1670 est
1224 1609 1368 1671 inertissi-

69 1728 138 1772 mus
161 1709 266 1772 veniat
306 1709 367 1771 fors
389 1727 506 1789 quoqne
526 1711 669 1773 uariarum
688 1710 846 1788 liguramm
867 1709 1004 1772 adverbia
1028 1711 1106 1772 facit
1148 1710 1272 1773 dicimus
1289 1713 1368 1774 enim

65 1811 185 1891 forano
206 1812 330 1874 forsitan
353 1811 478 1872 fortasse
498 1813 648 1887 fortassis;
676 1819 706 1873 et
730 1809 942 1872 consuetudine
971 1811 1089 1891 quidem
1109 1811 1236 1875 obtinuit
1257 1822 1289 1876 ut
1309 1816 1368 1885 for-

33 1921 154 1979 atasse
175 1912 314 1974 libentius
332 1912 480 1976 diceretur
502 1930 590 1994 quam
616 1911 766 1987 fortassis,
791 1913 928 1991 quoniam
953 1914 1086 1975 fortassis
1114 1913 1235 1976 auribus
1258 1914 1367 1976 nostris

67 2014 230 2076 absurdius
258 2013 379 2076 videtur.
424 2023 454 2076 at
477 2015 576 2077 forsan
599 2024 629 2076 et
649 2015 771 2077 forsitan
798 2014 895 2094 poetis
919 2013 1136 2093 relinquemus,
1166 2034 1241 2095 quae
1265 2016 1367 2078 Latina

67 2134 139 2177 esse
157 2134 245 2177 nemo
267 2115 426 2192 dubitabit,
446 2137 513 2179 eum
534 2125 565 2180 et
585 2117 727 2196 Vergilius
747 2112 825 2177 dicat

237 2216 366 2280 forsan
387 2226 423 2279 et
445 2219 536 2282 baec
558 2218 644 2280 olim
662 2217 880 2279 meminisse
901 2214 1058 2293 iuvabit,

196 2352 207 2373 ·
238 2320 401 2383 forsitan
421 2330 456 2383 et
481 2321 620 2383 Priami
642 2320 784 2382 fuerint
809 2336 903 2397 qnae
924 2320 1002 2381 fata
1023 2320 1210 2399 requires.

24 2440 129 2484 aeneo
150 2420 250 2484 minus
271 2422 333 2485 fors
354 2441 409 2503 pro
433 2422 570 2485 adverbio
591 2423 726 2505 ponitur,
750 2429 781 2483 ut

402 2525 483 2586 fors
504 2525 678 2604 aequatis
701 2522 897 2603 cepissent
917 2523 1082 2603 praemia
1103 2525 1253 2586 rostris.

156 2624 182 2686 ll
203 2624 299 2687 littera
322 2626 473 2689 terminata
495 2624 611 2691 duobus
632 2625 728 2692 modis
749 2625 779 2687 in
801 2624 937 2688 adverbia
958 2632 1120 2688 transeunts
1156 2636 1207 2690 aut
1227 2629 1305 2691 enim
1325 2630 1365 2692 im

68 2725 176 2788 litteris
199 2727 404 2803 terminantur,
426 2738 458 2792 ut
480 2749 550 2809 grex
570 2725 736 2808 grelgatim3
767 2736 818 2790 aut
838 2747 891 2809 per
910 2726 958 2803 r,’
970 2736 1003 2789 ut
1020 2728 1114 2790 audax
1134 2728 1297 2807 audaciter,
1323 2731 1366 2793 lo-

67 2847 148 2908 quas
169 2827 338 2907 loquaciter.
384 2831 435 2892 sed
454 2832 672 2894 meminerimus
695 2830 875 2893 eruditorum
895 2830 1108 2893 cousuetudine
1132 2830 1285 2895 audacter
1303 2834 1367 2897 sine

26 2931 78 2990 aei
103 2930 200 2991 littera
222 2930 344 3007 elatum,
368 2951 427 2994 non
445 2944 477 2995 ut
498 2934 662 3014 procaciter
681 2941 731 2995 aut
748 2932 915 3012 loquaciter.

156 3034 180 3093 l
202 3032 350 3094 femininis
369 3052 486 3112 quoqne
506 3035 675 3097 nominibus
699 3054 716 3096 a
743 3035 839 3096 littera
866 3034 1027 3096 terminatis
1050 3043 1211 3098 nascuntur
1232 3037 1366 3101 adverbia

68 3137 113 3197 im
134 3134 240 3195 litteris
261 3135 357 3207 fruita,
377 3142 410 3194 ut
431 3137 521 3197 fascia
545 3135 703 3211 fascinum,
727 3137 857 3198 centuria
879 3136 1079 3212 centmiatim,
1099 3137 1216 3199 decuria
1234 3139 1367 3202 decuria·

69 3237 134 3298 tim.
178 3255 238 3297 non
260 3237 331 3301 nulli
353 3245 449 3299 antem
472 3238 642 3300 decuriatim
665 3245 694 3300 et
713 3238 897 3299 centuriatim
924 3256 983 3298 non
1005 3258 1022 3298 a
1043 3239 1161 3300 decuria
1184 3248 1212 3300 et
1235 3243 1366 3305 centuria

69 3340 125 3401 sed
153 3359 170 3401 a
198 3339 356 3401 decurione
384 3347 413 3400 et
439 3340 609 3402 centurione
633 3348 723 3401 tracta
750 3348 869 3420 putant,
903 3339 946 3401 sic
970 3340 1011 3401 nti
1030 3339 1066 3401 ab
1086 3342 1188 3403 ordine
1210 3344 1365 3407 ordinatim

26 3468 56 3509 a
72 3441 138 3525 [rel
160 3442 196 3503 ab
218 3438 387 3522 ordinato],
416 3461 476 3502 non
505 3442 708 3521 intellegentes
736 3440 840 3503 similia
866 3441 984 3502 nomina
1010 3461 1068 3503 non
1091 3462 1158 3505 esse
1180 3446 1313 3508 ordinem
1335 3458 1364 3509 et
1465 3490 1469 3497 ·

68 3544 281 3605 centurionem.
326 3563 393 3605 narn
414 3552 447 3604 ut
467 3545 538 3607 ordo
561 3553 590 3605 et
611 3545 742 3607 centurio
762 3563 794 3605 ea
817 3546 908 3622 figura
935 3562 992 3621 qua
1016 3552 1172 3624 utinamque
1190 3566 1208 3607 o
1227 3550 1366 3611 termina·

69 3656 119 3707 tur
140 3645 244 3707 similia
268 3654 353 3719 sunt,
377 3646 415 3706 ita
438 3645 593 3729 quantitate
613 3654 642 3707 et
662 3645 873 3725 significatione
899 3645 1035 3727 disparia.
1080 3648 1223 3709 fasciatim
1247 3667 1365 3729 quoque

68 3764 131 3807 non
152 3764 168 3806 a
186 3747 277 3808 fascia
296 3756 401 3827 putant
418 3754 544 3810 tractum
564 3748 616 3809 sed
639 3768 655 3808 a
677 3749 772 3821 fasce,
794 3747 818 3807 si
839 3747 956 3825 quidem
980 3749 1122 3811 fasciatim
1140 3748 1286 3833 [tractum]
1303 3772 1363 3814 non

68 3867 124 3930 per
146 3832 251 3910 fascias
280 3849 331 3912 sed
358 3869 412 3930 per
434 3851 546 3925 fasces,
582 3859 612 3910 ut.
640 3848 823 3909 centuriatim
854 3870 913 3911 non
939 3870 993 3931 per
1017 3852 1203 3914 centuriones
1231 3854 1284 3915 sed
1310 3874 1364 3934 per

31 3972 58 4013 as
71 3951 230 4013 centurias.
275 3971 291 4011 a
313 3952 425 4012 neutris
446 3970 565 4030 quoque
586 3951 753 4013 nominibus
779 3953 935 4015 trabuntur
962 3954 1097 4017 adverbia
1116 3955 1156 4017 irn
1178 3955 1283 4018 litteris
1303 3965 1363 4029 ter,-

70 4053 196 4126 minata,
219 4062 251 4115 ut
273 4053 437 4115 membrum
460 4053 659 4128 membratim,
683 4054 756 4116 iiber
774 4055 908 4117 ubertim.

154 4155 326 4218 Nonnullis
348 4157 544 4236 grammaticis
566 4157 661 4237 placet
684 4166 715 4219 nt
740 4177 757 4219 a
786 4158 954 4219 rionrinibns
984 4158 1028 4219 sic
1054 4159 1142 4221 etiam
1162 4182 1179 4222 a
1202 4162 1363 4243 participiis

70 4266 100 4318 et
120 4256 343 4338 pmnominibus
362 4267 392 4319 et
411 4258 506 4320 verbis
528 4258 663 4320 arlverbia
681 4261 814 4340 figurari,
842 4268 874 4323 ut
892 4259 928 4321 ab
948 4262 1080 4340 eoquod
1100 4271 1146 4324 est
1165 4264 1260 4327 iustus
1286 4264 1362 4327 iuste
1412 4254 1419 4268 ³

138 4479 198 4530 5111
217 4468 245 4529 er
262 4477 289 4527 N
364 4479 397 4543 ll
413 4478 499 4529 forsan
518 4495 563 4529 om.
583 4479 616 4537 N,
636 4480 733 4544 add.p
811 4483 842 4535 lb
863 4481 1010 4531 libenterN
1083 4482 1116 4534 16
1134 4483 1228 4534 farsam
1245 4494 1271 4535 et
1288 4484 1362 4536 forsi-

71 4558 111 4597 tan
129 4547 157 4597 N
225 4548 308 4614 poetis
325 4549 497 4613 relinquemus
515 4548 650 4599 Fabricius
669 4552 754 4615 potins
772 4552 926 4617 reliquentes
944 4551 969 4601 N
1038 4552 1070 4604 18
1086 4550 1183 4618 forsan]
1201 4555 1281 4620 Vera.
1294 4556 1361 4607 Aen.

72 4616 147 4668 latit
224 4619 257 4670 19
271 4617 391 4684 forsitan]
414 4620 492 4683 Verg.
513 4619 577 4668 Aen.
597 4619 617 4668 ll
633 4619 685 4670 500
763 4623 795 4674 21
811 4620 875 4689 fors]
900 4623 979 4687 Verq.
997 4620 1063 4676 Aen.
1083 4623 1173 4676 V232
1249 4626 1283 4677 2l
1301 4643 1362 4677 cou-

71 4689 227 4738 suetudinem
251 4687 344 4753 peri.
365 4689 472 4738 litteram
496 4688 560 4752 (orn.
576 4689 713 4754 audacter)
729 4691 767 4744 N:
798 4694 883 4744 audax
900 4691 1043 4757 audaciter,
1068 4691 1127 4742 lieet
1147 4695 1268 4745 aumcter
1291 4695 1360 4762 lega-

72 4772 125 4807 mus
138 4772 171 4821 p:
203 4758 251 4808 sed
275 4759 465 4809 meminerimus
485 4759 605 4808 audacter
627 4761 784 4812 eruditorum
811 4762 993 4814 consrretudine
1016 4764 1071 4813 sine
1089 4763 1098 4811 i
1115 4762 1200 4815 littera
1221 4765 1315 4816 elatum
1338 4784 1361 4819 m

136 4827 170 4879 38
188 4836 215 4878 nt
234 4828 320 4878 uerbis
339 4826 364 4875 Ν
381 4840 405 4878 et
423 4844 438 4877 a
458 4829 543 4879 uerbis
557 4829 691 4881 f'abra'cius
