3114 5356
143 331 225 375 xxxvl
681 302 887 365 PRAEFATIO

143 499 276 560 tinetur.
321 489 476 577 quocirca
500 485 639 571 singulis
662 484 743 549 locis
764 483 843 571 quid
865 486 1003 571 quisque
1021 486 1223 571 peccaverit,
1251 485 1331 572 quid
1348 495 1436 550 recte

29 575 44 593 ’
145 592 355 680 descripserit
384 588 532 654 adhibito
567 586 690 650 iudicio
726 585 978 649 existimandum
1000 597 1059 651 est.
1103 588 1295 675 plerumque
1327 595 1437 650 tamen

146 693 325 763 similitudo
346 689 503 756 librorum
526 697 559 753 et
578 686 754 752 manifesta
777 709 921 752 errorum
944 697 1063 752 natura
1082 687 1190 752 effecit
1211 695 1249 752 ut
1271 697 1366 752 extra
1383 708 1436 772 pe-

48 812 59 831 ·
143 797 281 864 siculum
304 794 445 881 positum
464 799 552 854 esset
573 787 740 852 iudicium.
786 790 876 853 vitiis
899 800 1007 854 autem
1030 810 1227 876 quamquam
1250 795 1373 852 certam
1396 788 1435 850 le·

143 923 217 986 gem
235 895 336 961 scribi
358 913 424 956 non
444 913 540 978 posse
561 888 713 976 adparet,
735 893 889 975 quoniam
910 891 1120 976 neglegentia
1140 890 1307 956 hominum
1327 908 1434 976 perse

144 1003 200 1068 via
222 1009 255 1063 et
272 996 399 1061 ratione
422 993 580 1057 destituta
602 1001 665 1073 est,
690 1000 817 1073 tamen,
836 1014 909 1055 cum
930 1011 1051 1075 magna
1073 1012 1183 1055 eorum
1204 1013 1282 1077 pars
1305 1011 1348 1055 ex
1367 991 1433 1076 ipsa

143 1101 244 1190 prisci
266 1094 464 1181 exemplaris
486 1093 674 1159 conditione
703 1101 735 1156 et
766 1102 884 1156 natura
911 1102 981 1156 orta
1011 1113 1083 1157 esse
1106 1093 1277 1175 videatur,
1306 1090 1347 1154 dc
1377 1089 1433 1154 hoc

142 1204 214 1269 loco
235 1196 346 1287 paullo
367 1195 501 1260 uberius
522 1193 691 1281 disputare
712 1193 829 1281 placet.
873 1215 938 1280 qua
962 1193 996 1256 in
1022 1216 1058 1257 re
1080 1216 1147 1259 non
1166 1194 1273 1278 magis
1292 1191 1432 1279 proposi·

143 1315 212 1368 tum
234 1299 339 1364 babeo
357 1305 394 1359 ut
417 1317 528 1359 omnes
543 1317 685 1378 errores,
708 1316 845 1383 quorum
866 1294 1015 1359 infinitus
1035 1304 1085 1359 est
1108 1316 1279 1376 numerus,
1301 1314 1361 1378 per
1382 1314 1431 1378 ge·

80 1390 83 1395 ’
143 1424 224 1467 nera
245 1396 429 1464 describam
451 1418 548 1483 quam
579 1406 615 1459 ut
638 1416 748 1459 eorum
771 1415 855 1480 quae
881 1396 952 1481 ipse
975 1396 1147 1460 emendavi
1176 1397 1335 1460 rationem
1366 1393 1430 1458 red·

143 1502 235 1583 dam,
255 1497 313 1563 sed
335 1496 486 1584 exempla
503 1497 662 1583 quaedam
686 1517 882 1584 proponam,
906 1495 1025 1582 quibus
1048 1518 1130 1583 quae
1153 1497 1253 1561 fuerit
1274 1497 1358 1560 ratio
1381 1517 1429 1558 an·

142 1600 320 1689 tiquissimi
350 1598 491 1680 codicis,
526 1620 569 1660 ex
596 1619 659 1684 quo
688 1619 782 1661 omne
810 1595 1003 1661 recensendi
1036 1608 1068 1660 et
1094 1598 1288 1662 emendandi
1318 1618 1428 1661 munus

141 1702 278 1791 pendet,
299 1699 453 1783 cognosci
475 1699 589 1785 possit.

227 1802 373 1866 Primum
400 1799 502 1884 igitur
525 1798 694 1880 sciendum
720 1808 771 1862 est
795 1799 906 1863 multis
933 1799 1114 1884 scripturae
1139 1799 1330 1887 conpendiis
1354 1799 1424 1862 anti

57 1931 64 1945 ·
143 1903 337 1991 quissimum
358 1898 528 1963 librarium
550 1920 644 1962 usum
669 1900 787 1978 luisse,
820 1922 957 1987 quorum
980 1901 1046 1964 vim
1072 1922 1146 1964 curn
1168 1924 1234 1991 non
1264 1902 1343 1965 satis
1366 1922 1424 1987 per

143 2006 305 2091 spicerent
333 2000 546 2077 recentiores,
574 1999 678 2064 multa
704 2002 739 2064 in
760 2000 824 2065 ¹hoc
843 2022 964 2085 genere
986 1999 1072 2064 alius
1097 2001 1161 2067 alio
1181 2002 1251 2067 loco
1273 2002 1425 2089 peccavit

142 2106 284 2170 maxime
305 2111 413 2165 autern
433 2103 462 2165 is
483 2103 540 2187 qui
559 2101 595 2165 M
617 2103 765 2188 scripsit,
796 2103 852 2188 qui
873 2102 981 2164 minus
1002 2104 1127 2188 peritus
1149 2106 1277 2189 priscae
1298 2105 1422 2191 scriptu

140 2228 196 2271 rae
219 2205 321 2268 fuisse
343 2201 489 2285 videtur,
516 2204 550 2266 in
573 2203 634 2267 hoc
656 2225 776 2288 genere
798 2202 929 2266 erravit.
975 2202 1051 2266 inde
1072 2204 1194 2267 facturn
1216 2215 1340 2288 estut,
1362 2225 1423 2266 cun

141 2329 170 2371 m
200 2307 310 2370 littera
335 2303 678 2383 interminationibus
702 2302 934 2369 vocabulorum
968 2302 1090 2368 lineola
1118 2307 1359 2392 superscripta
1388 2306 1423 2368 in

141 2407 251 2471 dicata
290 2415 394 2487 essct,
435 2404 585 2491 itemque
612 2407 734 2471 similes
771 2405 910 2470 lineolae
943 2404 1105 2469 interdum
1138 2405 1278 2492 singulis
1316 2404 1421 2469 littori¹

142 2528 221 2571 casu
257 2504 399 2591 quodam
435 2506 568 2571 additae
602 2518 727 2590 essent,
766 2508 954 2594 saepissime
985 2507 1017 2569 in
1051 2529 1089 2570 eo
1120 2516 1312 2594 peccaretur
1347 2529 1421 2593 quo<

143 2631 171 2672 m
194 2608 303 2671 littera
324 2605 421 2670 modo
448 2605 561 2670 addita
589 2628 690 2692 prave
712 2608 808 2673 modo
837 2608 958 2672 omissa
980 2617 1039 2671 est.
1085 2608 1171 2674 idem
1191 2606 1280 2671 valet
1305 2607 1346 2671 de
1370 2607 1419 2694 syl

140 2710 216 2774 laba
242 2720 308 2790 tur,
339 2727 422 2792 quae
444 2707 536 2792 apice
562 2705 604 2775 ad
626 2720 637 2767 t
657 2706 799 2772 litteram
831 2707 942 2771 addito
965 2708 1149 2794 significata
1176 2709 1254 2791 fuit,
1285 2710 1342 2795 qui
1365 2710 1419 2795 ips

140 2832 206 2875 non
228 2805 325 2870 nullis
354 2804 434 2868 locis
453 2827 517 2890 quo
539 2806 672 2870 minime
694 2811 836 2895 pertinet
864 2811 961 2872 etiam
982 2811 1015 2873 in
1039 2811 1158 2875 nostris
1183 2810 1275 2875 libris
1299 2809 1418 2874 relictu

141 2922 201 2991 est,
226 2918 262 2970 ut
284 2909 356 2987 346,
382 2910 419 2968 14
442 2913 563 2968 exeunt‘
588 2907 630 2989 A,
652 2911 725 2991 347,
749 2911 788 2972 34
811 2915 960 2974 coherent‘
985 2909 1030 2973 M.
1068 2912 1143 2975 hinc
1166 2913 1286 2976 accidit
1308 2922 1345 2975 ut
1367 2934 1417 2977 sae

139 3009 272 3098 pissime
293 3019 305 3068 t
329 3027 388 3092 pro
409 3016 459 3068 tur
480 3006 533 3069 vel
563 3017 675 3071 contra
702 3008 915 3091 scriberetur,
944 3032 1010 3074 non
1037 3033 1226 3099 numquam,
1242 3014 1340 3076 etiarn
1369 3035 1416 3078 no:

138 3106 304 3174 intellecto
327 3103 574 3190 compendiolo,
598 3118 635 3172 ut
652 3111 724 3192 3211,
748 3113 782 3173 21
811 3115 933 3188 adserto
947 3111 990 3190 M,
1013 3114 1085 3194 321,
1109 3115 1147 3176 12
1170 3119 1367 3178 demonstrato
1387 3115 1415 3178 M

138 3208 288 3274 similiter
309 3229 343 3270 er
365 3206 492 3294 syllaba
513 3210 644 3295 saepius
665 3210 786 3275 lineola
811 3235 908 3300 super
930 3213 1051 3298 scripta
1074 3215 1217 3278 indicata
1238 3216 1316 3300 fuit,
1340 3219 1414 3282 cuiu

139 3312 330 3396 vestigium,
357 3309 478 3373 utalia
499 3311 664 3394 omittam,
694 3313 815 3379 restitit
835 3318 869 3380 in
891 3316 926 3380 M
948 3319 1021 3400 367,
1044 3318 1083 3380 28
1106 3324 1270 3380 mutdmtxr't
1292 3339 1351 3405 pro
1371 3339 1413 3381 nu

137 3425 182 3477 ter
202 3419 317 3476 umixrt.
363 3433 404 3474 ex
432 3410 545 3476 eodem
574 3413 757 3500 conpendio
785 3426 891 3480 ortum
913 3439 985 3482 esse
1007 3428 1085 3504 puto
1112 3422 1190 3501 313,
1220 3420 1258 3482 12
1286 3432 1318 3483 ut
1342 3428 1412 3485 celia

137 3514 214 3580 AM
231 3535 289 3599 pro
313 3520 432 3591 studius.
479 3512 597 3578 deinde
615 3538 674 3602 pro
698 3537 764 3578 rum
787 3520 1016 3584 terminatione
1038 3519 1102 3582 fuit
1124 3529 1152 3602 ν’,
1176 3519 1263 3584 unde
1284 3525 1363 3605 488,
1392 3526 1412 3586 2

136 3638 195 3704 pro
215 3622 404 3678 miserturum
418 3613 484 3677 AB
507 3616 663 3701 scriptum
679 3627 728 3680 est
742 3625 878 3684 miserius
900 3624 933 3684 in
951 3620 996 3684 M.
1039 3630 1147 3684 turns.
1169 3642 1229 3707 pro
1246 3628 1313 3702 sed,
1336 3633 1356 3688 ῑι
1373 3647 1411 3711 pr

137 3738 194 3782 non
214 3716 292 3797 suit,
314 3712 402 3778 unde
425 3724 495 3779 orta
515 3726 592 3779 sunt
609 3719 703 3800 talia,
725 3730 761 3783 ut
776 3722 855 3806 325,
880 3726 918 3785 10
940 3729 1058 3785 rrumeri
1076 3728 1131 3785 sed
1150 3721 1216 3785 AB
1237 3732 1369 3789 numeris
1386 3725 1410 3789 ll

137 3821 198 3883 402
206 3866 215 3898 ,
240 3820 278 3879 15
296 3822 400 3879 iuraui
418 3821 473 3880 sed
492 3817 563 3880 AB
589 3823 703 3890 ιἰιναῠίε
724 3819 774 3904 M,
797 3827 869 3904 403,
892 3826 911 3888 3
932 3828 1053 3901 furenti
1073 3826 1128 3884 sed
1147 3822 1178 3884 A
1191 3822 1219 3885 B
1237 3828 1370 3901 furentis
1388 3826 1409 3890 b

136 3918 214 3999 394,
234 3919 271 3979 12
294 3923 360 3979 item
383 3938 420 3980 ne
441 3917 515 3981 AB
539 3926 605 3982 rtem
627 3941 685 3984 non
705 3932 749 3984 est
767 3920 817 4002 M,
839 3926 917 4006 4116,
941 3926 960 3986 2
982 3930 1067 4003 coepi
1086 3943 1143 3987 non
1165 3924 1239 3988 AB
1260 3926 1408 4006 coepinb

136 4039 232 4105 porro
253 4038 312 4103 pro
333 4039 401 4080 cum
420 4019 575 4105 scriptum
601 4019 663 4083 fuit
684 4040 726 4097 a,
745 4021 831 4085 unde
849 4025 1037 4110 saepissime
1062 4025 1096 4088 in
1113 4024 1158 4107 M,
1181 4028 1288 4090 rarius
1310 4028 1345 4091 in
1361 4029 1407 4092 Α.

136 4141 194 4207 pro
217 4140 255 4181 eo
274 4124 305 4181 ci
324 4120 480 4204 scriptum
505 4129 570 4202 est,
594 4129 630 4184 ut
650 4125 721 4201 318,
745 4124 784 4184 27
807 4130 938 4188 circidut
958 4127 1037 4206 3211,
1060 4128 1094 4188 31
1122 4133 1339 4207 circiscre'ptum
1359 4132 1406 4193 33·

136 4224 231 4284 ttoci
249 4240 307 4304 pro
329 4225 426 4282 locum
444 4229 476 4284 et
492 4223 564 4298 460,
585 4222 604 4283 8
640 4234 718 4288 ⁶2⁸0,
731 4231 838 4289 locutio
847 4251 858 4298 ,·
875 4227 1037 4291 interdum
1053 4235 1104 4291 cui
1118 4250 1177 4313 pro
1190 4250 1258 4292 cum
1279 4231 1405 4315 positun

136 4341 391 4406 nonnumquam
412 4321 511 4383 etiam
533 4341 605 4384 cum
624 4344 647 4400 y
670 4321 780 4387 littera
802 4325 882 4390 illud
905 4328 1123 4416 conpendium
1142 4339 1301 4393 mutatum
1314 4340 1373 4412 est,
1397 4353 1404 4394 ι

135 4421 207 4503 383,
229 4421 266 4482 18
281 4442 304 4498 q
317 4428 446 4485 litteram
457 4420 517 4484 AB
535 4443 602 4485 cum
615 4431 744 4488 litteram
759 4425 804 4508 M,
825 4427 869 4491 ib.
883 4431 924 4492 20
936 4437 1061 4509 coenosi
1072 4435 1201 4495 dicentes
1212 4430 1272 4493 AB
1283 4451 1350 4495 cum
1366 4452 1403 4496 no

135 4526 273 4585 dicebant
290 4522 341 4604 M,
364 4525 437 4605 449,
458 4524 492 4585 21
520 4544 587 4587 cum
609 4533 709 4605 utique
722 4526 788 4589 AB
805 4537 938 4608 putrique
958 4531 1003 4595 M.
1050 4533 1148 4596 simili
1171 4533 1354 4620 conpendio
1378 4535 1402 4598 d

134 4617 231 4682 betur
246 4622 334 4706 quod
353 4627 482 4710 saepius
503 4630 550 4688 tui
568 4633 725 4711 proluunt
741 4627 794 4692 vel
815 4641 928 4695 contra
945 4634 1100 4718 scripturn
1117 4634 1294 4698 invenitur.
1339 4657 1400 4721 pra

133 4727 224 4783 terea
244 4729 289 4786 sic
305 4745 365 4809 pro
384 4731 473 4802 sicut,
501 4731 552 4790 dic*
573 4735 605 4790 et
623 4729 682 4802 sud
701 4750 760 4814 pro
783 4734 855 4794 dicit
875 4733 928 4796 vel
951 4739 1055 4798 dicunt
1080 4739 1211 4812 etfacit
1237 4736 1291 4799 vel
1308 4741 1401 4813 suctu

134 4821 289 4906 scriptum
316 4823 396 4910 suit,
431 4826 519 4892 unde
548 4826 702 4915 frequens
730 4826 843 4894 horum
870 4835 904 4897 in
934 4834 1086 4900 omnibus
1114 4834 1208 4900 libris
1230 4849 1399 4903 conmutat
