3114 5356
604 345 810 406 rmumuo
1301 304 1354 409 in

50 541 162 594 extare
181 550 413 617 speraveram,
435 530 553 594 litteris
572 528 736 611 adiissem,
758 528 839 592 nihil
861 529 1027 616 quodhuc
1042 532 1220 616 pertineret
1241 530 1289 595 ibi
1303 552 1355 594 su-

52 653 185 717 peresse
212 630 413 717 rescriptum
434 640 491 695 est.
537 633 648 716 itaque
671 651 799 694 rursum
828 631 871 695 ad
899 652 939 695 ea
966 653 1050 718 quae
1078 654 1151 696 cum
1173 630 1301 696 Merula
1322 638 1355 694 et

54 731 166 796 Dousa
191 740 226 796 et
245 730 439 795 Bondamus
462 732 501 797 de
525 730 664 817 singulis
692 730 773 794 locis
793 732 1031 798 adnotaverant
1055 742 1124 798 tum
1145 756 1204 819 per
1224 702 1356 797 uriiver·

55 854 121 896 sam
136 833 319 897 editionem
340 842 523 898 novaverat
537 833 600 896 Put
601 832 711 896 sobius
729 832 894 912 redactus,
912 857 1107 921 quamquam
1122 835 1263 923 plurima
1274 855 1354 898 sane

55 957 71 996 e
92 933 207 997 codice
222 954 322 997 manu
344 933 467 1018 scripto
488 935 590 1020 petita
605 932 852 1016 ascendebam,
871 943 989 1018 tamen,
1003 956 1076 998 cum
1098 934 1227 1001 illinon
1247 935 1354 1021 ipsum

56 1045 199 1100 veterem
222 1034 370 1099 codicem
392 1056 487 1121 quem
509 1034 705 1099 dictitabant
724 1036 935 1120 usurpavisse
956 1037 1078 1101 sodex
1099 1036 1186 1100 edito
1202 1035 1354 1122 exemplo

56 1137 94 1200 ad
116 1136 218 1201 fidem
239 1134 365 1200 codicis
389 1134 559 1199 emendato
583 1156 642 1198 sua
663 1134 814 1200 hausisse
835 1137 1034 1219 viderentur,
1057 1139 1259 1202 coniecturas
1280 1136 1354 1201 doc·

56 1249 159 1304 torum
182 1241 328 1303 virorum
345 1238 392 1300 ita
413 1258 486 1300 cum
507 1245 620 1301 vetere
638 1238 799 1323 scriptura
819 1239 940 1303 mixtas
960 1259 1031 1302 esse
1051 1237 1198 1304 intellexi
1217 1248 1254 1304 ut
1267 1238 1354 1303 unde

57 1360 204 1427 quaeque
223 1336 373 1424 profecta
393 1346 504 1401 esseut
525 1347 613 1402 certo
631 1338 767 1403 iudicari
787 1360 854 1402 nou
874 1347 996 1425 posset.
1040 1361 1141 1427 quare
1162 1349 1229 1404 tam
1250 1341 1355 1404 incer·

57 1452 104 1505 tae
122 1440 332 1505 auctoritatis
351 1437 434 1503 libro
451 1439 494 1503 ad
513 1461 626 1503 veram
644 1440 815 1505 lectionem
833 1442 1093 1508 constituendam
1112 1441 1194 1532 nihil
1211 1441 1355 1506 tribuen-

58 1545 129 1607 dum
150 1563 227 1607 esse
248 1540 374 1628 putavi,
396 1542 588 1627 praesertim
608 1564 680 1605 cum
708 1544 750 1607 ad
773 1565 813 1607 ea
834 1566 918 1630 quae
938 1545 1010 1631 ipsc
1026 1546 1248 1630 incorruptam
1267 1541 1354 1608 codi-

58 1668 124 1710 cum
148 1644 253 1708 fidom
272 1651 404 1706 secutus
426 1645 616 1707 inveneram
639 1645 697 1708 vix
720 1646 894 1731 quicquam
917 1646 1006 1726 novi,
1036 1643 1277 1732 quodquidam
1307 1643 1356 1707 in·

57 1746 284 1832 terpolationis
308 1745 489 1831 suspitione
510 1754 651 1828 vacaret,
673 1768 716 1810 ex
735 1748 799 1811 isto
820 1746 904 1812 libro
927 1748 1084 1814 accedere
1105 1747 1263 1813 viderem.
1305 1765 1356 1808 ce-

57 1857 154 1912 terum
178 1867 264 1933 quae
284 1847 426 1911 maxime
448 1847 550 1931 digna
571 1849 724 1912 memoria
746 1871 817 1913 esse
839 1849 1038 1916 videbantur
1058 1848 1233 1936 adscriptis
1254 1845 1356 1912 nomi·

61 1949 155 2014 nibus
186 1954 356 2012 auctorum
387 1970 524 2035 quorum
553 1947 617 2012 fide
643 1950 791 2013 nituntur
815 1951 850 2013 in
875 1950 1084 2014 adnotatione
1107 1947 1253 2014 exhibui.
1298 1947 1356 2012 sed

57 2059 185 2137 praeter
208 2050 396 2137 opinionem
416 2049 537 2114 accidit
561 2059 597 2113 ut
622 2072 658 2114 re
681 2061 830 2136 peracta,
859 2074 932 2115 cum
957 2050 1020 2115 iam
1042 2051 1155 2116 formis
1175 2049 1356 2112 litterarum

58 2152 110 2217 hoc
133 2151 295 2217 volumen
318 2152 602 2236 grammaticorum
625 2152 825 2238 exscriptum
845 2160 946 2234 esset,
965 2174 1050 2217 novo
1070 2150 1217 2216 subsidio
1239 2157 1354 2248 parato

60 2255 187 2370 egregie
215 2253 286 2316 eius
307 2251 431 2316 codicis
453 2254 569 2316 notitia
591 2244 776 2338 augeretur.
816 2275 891 2317 nam
912 2252 1026 2317 eodem
1046 2252 1115 2316 fere
1130 2260 1275 2339 tempore
1290 2272 1354 2338 quo

59 2357 193 2440 primum
217 2352 353 2416 Dousae
373 2352 503 2418 nomine
524 2355 670 2419 codicem
693 2354 836 2420 Charisii
858 2361 1049 2440 usurpatum
1071 2375 1144 2419 esse
1167 2353 1356 2441 supradixi

59 2455 104 2519 rel
124 2477 195 2520 non
218 2453 321 2517 multo
343 2462 420 2518 ante
441 2456 582 2520 Ioannes
603 2454 769 2521 Cauchius
790 2455 997 2520 Traiectinus
1013 2476 1133 2519 novam
1150 2453 1355 2542 grammatici

10 2594 12 2599 ·
60 2557 230 2622 ediu'onem
252 2566 438 2641 paraverat.
473 2557 599 2643 quade
621 2580 657 2621 re
678 2557 801 2622 Paulus
821 2556 989 2621 Manutius
1009 2556 1052 2619 ad
1073 2556 1257 2620 Laevinum
1275 2554 1353 2619 Tor·

60 2660 194 2722 rentium
224 2653 341 2721 scribit
370 2655 466 2741 epist.
499 2656 527 2718 V
555 2663 574 2721 4
601 2683 633 2745 p.
664 2661 724 2724 261
751 2657 802 2721 ed.
835 2657 950 2721 Venet.
976 2678 1007 2722 a.
1033 2660 1129 2740 1595,
1160 2656 1241 2742 duos
1269 2655 1353 2720 Cau-

60 2760 116 2824 chii
134 2759 224 2837 filios
244 2758 280 2820 in
299 2754 398 2819 Italia
423 2761 669 2844 peregrinantes
690 2759 834 2825 Charisii
863 2757 1048 2844 exemplum
1077 2779 1097 2821 a
1123 2767 1217 2844 patre
1246 2778 1354 2821 emen-

60 2863 163 2926 datum
176 2859 275 2925 adse
295 2848 452 2922 detulisse
476 2882 576 2947 seque
596 2869 633 2924 ut
655 2860 737 2925 illud
759 2860 911 2925 ederetur
931 2869 1044 2946 optare
1063 2868 1097 2924 et
1110 2862 1142 2925 ei
1155 2861 1204 2925 rei
1223 2874 1354 2945 operam

60 2964 204 3029 daturum
225 2982 311 3024 esse.
356 2969 389 3024 et
412 2960 512 3025 editio
535 2960 668 3048 quidem
688 2961 825 3027 Cauchii
847 2964 958 3027 nescio
981 2984 1044 3048 quo
1063 2984 1142 3027 casu
1157 2962 1277 3028 omissa
1293 2967 1354 3042 est,

60 3074 145 3128 notas
162 3069 276 3126 autem
292 3061 434 3126 ineditas
450 3071 563 3149 postea
579 3085 600 3127 a
615 3063 760 3128 Graevio
779 3072 904 3149 emptas
919 3084 992 3127 esse
1009 3065 1197 3128 testimonio
1213 3061 1354 3146 cognovi

60 3165 90 3229 C.
109 3163 297 3229 Burmanni
313 3161 454 3227 Traiect.
476 3164 610 3229 litterat.
633 3188 665 3253 p.
687 3166 738 3229 82.
782 3163 859 3228 hinc
879 3172 957 3228 nata
979 3186 1054 3253 spes
1076 3163 1147 3228 fore
1169 3171 1205 3225 ut
1221 3158 1354 3224 Heidel-

59 3265 183 3351 bergae,
205 3285 272 3351 quo
295 3263 432 3328 Graevii
449 3263 551 3329 libros
574 3263 699 3328 delatos
717 3287 790 3329 esse
812 3273 950 3348 constat,
968 3266 1108 3331 schedae
1123 3264 1353 3351 reperirentur.

60 3371 160 3455 itaque
174 3388 196 3430 a
211 3364 401 3431 Christiano
415 3365 557 3431 Baehrio
578 3365 651 3430 viro
669 3365 893 3431 illustrissimo
914 3368 1016 3454 petivi
1031 3375 1068 3430 ut
1082 3387 1122 3430 ea
1136 3362 1180 3431 de*
1199 3387 1234 3428 re
1255 3378 1354 3450 quae·

58 3477 138 3532 reret
158 3478 204 3548 et,
227 3489 313 3554 quae
335 3476 385 3531 est
407 3467 477 3531 eius
498 3467 684 3531 humanitas
704 3466 898 3553 singularis,
921 3489 1099 3556 paucorum
1127 3467 1253 3531 dierum
1282 3483 1353 3548 spa·

57 3571 96 3635 tio
114 3570 290 3634 interiecto
310 3568 429 3634 librum
452 3590 548 3655 quem
570 3566 767 3655 quaerebam
790 3570 913 3655 accepi.
954 3577 1004 3633 est
1030 3577 1138 3634 autem
1168 3563 1354 3650 exemplum

59 3669 214 3757 principis
236 3669 391 3734 editionis
412 3671 466 3734 cui
481 3668 702 3754 discrepantia
715 3668 792 3733 libri
805 3691 904 3734 manu
924 3670 1038 3754 scripti
1055 3668 1096 3733 ab
1112 3669 1184 3754 ipso
1200 3664 1353 3746 Cauchio‚

59 3773 147 3834 cuius
161 3792 199 3835 se
215 3792 347 3834 manum
364 3769 464 3854 probe
480 3792 678 3855 cognoscere
694 3770 832 3835 conlatis
846 3771 920 3836 aliis
935 3771 1080 3836 eiusdem
1101 3767 1240 3835 Cauchii
1260 3764 1354 3830 libris

58 3871 216 3937 liaehrius
243 3869 454 3953 adfirmabat,
484 3871 651 3957 adscripta
678 3880 739 3935 est.
784 3894 827 3935 ex
850 3894 913 3959 quo
942 3871 1091 3958 exemplo
1118 3870 1353 3935 accuratiorem

59 3975 208 4038 notitiam
224 3973 296 4036 cius
316 3971 439 4035 codicis
456 3971 496 4037 de
516 3994 580 4058 quo
596 3980 694 4035 antea
708 3972 832 4037 frustra
848 3975 1075 4061 quaesiveram
1095 3973 1163 4059 poti
1176 3990 1274 4059 posse
1290 3978 1353 4032 sta

59 4079 110 4139 tim
133 4073 296 4140 intellexi.
339 4094 414 4136 uam
431 4073 477 4137 ita
494 4073 576 4138 haec
596 4094 680 4160 quae
697 4071 861 4139 Cauchius
884 4075 1061 4162 adscripsit
1079 4096 1153 4139 cum
1168 4074 1210 4136 iis
1228 4090 1311 4156 quae
1335 4089 1353 4131 e

58 4174 188 4240 Dousae
208 4173 293 4238 libro
313 4182 471 4260 excerpta
492 4173 642 4239 feruntur
661 4175 870 4239 consentiunt
891 4185 929 4239 ut
949 4174 1092 4243 dubitari
1113 4178 1255 4261 nequeat
1274 4170 1353 4257 quin

58 4298 95 4339 cx
115 4297 183 4339 uno
206 4275 388 4362 eodemque
404 4274 494 4339 fonte
516 4275 627 4340 omnia
647 4273 746 4338 ducta
767 4275 841 4340 sint.
886 4275 1074 4342 continebat
1093 4284 1203 4340 autem
1226 4271 1282 4335 ille
1300 4292 1353 4335 co.-

59 4378 119 4443 dex
148 4400 214 4466 quo
242 4399 322 4442 usus
349 4384 400 4441 est
427 4376 592 4441 Cauchius
620 4377 796 4440 maximam
824 4387 950 4465 partem
976 4376 1052 4443 libri
1084 4377 1182 4465 primi
1210 4370 1354 4437 Charisii

58 4490 86 4544 et
103 4479 224 4545 librum
243 4478 427 4545 secundum
450 4487 483 4542 et
500 4479 644 4542 tertium.
690 4479 819 4542 namin
839 4478 975 4566 reliquis
996 4479 1090 4545 libris
1119 4473 1248 4542 duobus
1272 4468 1354 4534 nihil

59 4581 242 4646 macutum
258 4592 320 4647 est.
364 4587 457 4644 etex
476 4579 581 4665 primo
603 4579 735 4666 quidem
754 4578 849 4663 libro,
871 4581 964 4644 cuius
986 4579 1086 4644 iudex
1106 4574 1264 4663 adpositis
1278 4573 1355 4636 titu-

59 4681 93 4748 lis
107 4693 138 4748 et
151 4686 297 4749 numeris
314 4680 513 4747 schedarum
530 4678 697 4744 subiectus
715 4689 765 4744 est
780 4702 800 4744 a
813 4679 969 4762 Cauchio,
989 4680 1062 4743 aliis
1080 4676 1220 4757 omissis,
1233 4675 1267 4737 in
1279 4673 1354 4738 aliis

59 4785 160 4851 ordine
178 4809 288 4852 rerum
308 4790 440 4850 mutato
457 4790 589 4872 ¹recepta
604 4789 698 4845 eraut
716 4781 807 4862 haec,
825 4781 850 4846 f.
870 4785 971 4843 1-74
991 4766 1028 4842 ds
1043 4781 1277 4842 extremitatibus
1295 4797 1353 4840 no—

59 4893 153 4952 nium
168 4902 199 4955 et
210 4892 350 4958 dicaris
371 4888 742 4964 quaesumus-sonus
759 4890 840 4949 aas
854 4885 982 4948 odorittt‘t
1002 4879 1049 4969 (p.
1064 4881 1116 4962 50,
1133 4878 1272 4960 7-112,
1291 4880 1358 4961 ta),-
