3114 5356
133 290 174 352 64
701 287 863 351 uuamsu

134 478 180 540 nis
188 416 211 551 ἲ
219 404 300 537 {iah}
314 403 449 536 ¹'l’latonis
474 483 510 535 et·
523 483 636 550 ccte1·a;
652 475 791 563 ‘exceptis
815 475 861 535 his
883 474 1013 548 duobus,
1035 472 1136 554 hpollo
1156 402 1337 552 liarthagpo.³⁸
1350 401 1427 535 1nam

134 576 252 658 Apollo,
281 594 347 638 cum
378 576 416 637 sit
441 566 606 656 proprium,
635 596 694 637 non
718 576 866 665 Apollonis
888 576 971 650 lacit,
994 576 1045 637 sed
1069 568 1226 655 Apollinis}
1263 575 1332 635 item
1353 575 1433 637 liar*

134 679 221 758 thago
242 697 302 740 non
324 677 533 756 Karthagonis,
556 686 588 738 ut
605 678 677 739 luno
700 679 834 753 lunonis,
856 677 908 739 sed
923 676 1116 757 Karthaginis.
1162 679 1186 740 si
1205 685 1303 738 autem
1325 675 1427 757 appel-

133 781 218 842 latim
247 779 369 855 luerint,
396 780 505 861 duplici
532 781 663 858 genetivo
692 782 861 841 atteruntur.
906 789 956 842 aut
983 781 1059 870 enim
1088 800 1140 861 per
1161 776 1176 864 ΙΙ
1196 800 1230 854 ο,
1257 786 1290 839 ut
1318 796 1426 858 praeco

135 883 304 965 praeconis,
338 881 411 944 latro
440 882 577 956 latronis,
609 899 710 943 mucro
739 883 903 958 mucronis,
939 890 988 943 aut
1013 901 1067 962 per
1097 881 1121 956 i,
1150 889 1182 942 ut
1205 881 1277 943 ordo
1302 879 1426 951 ordinis,

136 985 223 1047 cardo
242 984 383 1059 cardinis,
405 1003 506 1062 margo
527 984 675 1063 marginis.
720 1003 789 1063 ergo
808 984 838 1044 in
861 984 1023 1058 femininis,
1046 983 1070 1044 si
1092 982 1208 1062 quando
1233 1003 1251 1044 ο
1272 981 1398 1042 litteram
1417 980 1452 1043 it

133 1088 227 1149 littera
247 1086 411 1168 praecedit,
432 1093 502 1146 tunc
523 1085 674 1164 genetivus
693 1093 788 1147 servat
806 1108 823 1148 ο
841 1087 981 1163 litteram,
1000 1085 1077 1146 velut
1099 1085 1179 1163 regio
1204 1085 1349 1164 regionis,
1379 1102 1429 1145 se·

134 1190 204 1252 ditio
227 1189 392 1263 seditionis,
420 1187 589 1268 superstitio
612 1187 843 1266 superstitionis,
871 1192 977 1273 emptio
987 1187 1170 1305 eaptiouim
1192 1186 1320 1267 exceptis
1342 1184 1425 1245 dchi·

135 1291 211 1353 libus
233 1310 320 1372 supra
343 1290 460 1371 scriptis
483 1289 555 1351 Anio
579 1297 609 1349 et
631 1308 707 1351 caro.
753 1292 777 1351 si
798 1300 895 1354 autom
915 1292 983 1353 sinc
1002 1308 1015 1350 t
1033 1288 1146 1367 suerit,
1172 1296 1243 1349 tunc
1266 1287 1353 1349 vertit
1372 1284 1429 1366 per

135 1393 159 1470 i,
179 1393 257 1455 velut
278 1392 459 1454 consuetudo
478 1391 698 1452 consuetudinis
706 1414 726 1466 ,·
736 1391 828 1472 caligo
850 1394 990 1472 caliginis.
1019 1391 1217 1472 ‚excipiuntur
1235 1398 1332 1452 autem
1351 1389 1427 1450 hacc

135 1503 285 1575 quattuor,
305 1511 379 1574 qnae
402 1500 432 1552 et
448 1491 597 1572 pluraliter
614 1495 774 1554 eliciuntur
796 1504 825 1556 ct
836 1498 984 1557 rationem
1006 1494 1202 1567 contundunt,
1228 1500 1294 1554 octo
1316 1489 1424 1571 pondo,
1440 1507 1464 1553 1ο

135 1615 209 1676 quac
230 1593 443 1658 indeclinabilia
465 1602 534 1654 sunt
555 1602 584 1654 et
605 1602 716 1656 tantum
737 1596 886 1677 plumliter
907 1599 1078 1672 cllenmtur;
1115 1595 1185 1656 item
1204 1595 1262 1656 duo
1284 1600 1312 1653 ct
1325 1591 1424 1663 ambo,

135 1686 171 1760 de
193 1697 298 1777 quihus
318 1697 392 1757 inira
415 1696 542 1771 dicetur,
562 1715 637 1775 quae
658 1697 840 1760 declinantur
865 1699 921 1760 hoc
941 1699 1045 1774 modo,
1075 1699 1133 1760 duo
1155 1698 1279 1759 duorum
1298 1693 1425 1766 duobus,

135 1798 221 1861 ambo
254 1797 405 1860 amborum
437 1796 579 1859 ambobus
614 1806 643 1858 et
674 1794 831 1880 deinceps3
873 1801 942 1862 item
980 1820 1065 1876 caro,
1103 1800 1181 1881 quod
1216 1796 1312 1858 carnis
1346 1794 1423 1857 lacit.

135 1902 203 1963 item
231 1899 413 1981 excipiuntur
439 1907 469 1961 et
496 1899 708 1980 Graeca,quac
734 1902 909 1964 nominativo
935 1922 952 1962 ο
974 1904 1149 1977 clleruntur,
1181 1909 1213 1962 ut
1244 1898 1424 1980 praedictum

135 2014 195 2079 est,
216 2003 290 2063 [leno
312 2009 449 2075 autentu,
471 2020 529 2061 non
553 2003 646 2079 gravi,
670 2013 701 2065 ut
721 2004 798 2084 apud
818 2004 979 2077 Romanos,
999 2002 1076 2064 vclut
1097 2004 1215 2083 Sappho
1237 2001 1326 2062 Erato
1349 1998 1423 2059 Dido
1438 2016 1462 2058 rs

136 2105 241 2167 Manto.
285 2121 353 2165 nam
375 2122 429 2163 suo
457 2110 534 2163 statu
561 2113 733 2183 permanent
759 2113 788 2165 et
817 2104 1015 2166 declinantur‘
1029 2105 1190 2166 secundum
1213 2104 1352 2164 Graecam
1374 2100 1425 2160 dc·

136 2205 309 2280 linitionem,
329 2204 408 2265 velut
429 2206 548 2286 Sappho
567 2206 721 2288 Sapphus,
744 2196 817 2267 llido
838 2206 944 2281 Didus,
967 2206 1063 2268 llanto
1086 2206 1214 2279 llantus,
1242 2204 1331 2264 Erato
1352 2201 1425 2262 Era-

136 2315 198 2383 tus,
218 2314 249 2369 ut
269 2306 345 2386 apud
364 2307 521 2386 Vergilium·
715 2298 724 2317 ⁸

300 2409 481 2471 fatidicae
502 2409 652 2470 llantus.

219 2512 290 2590 ltcm
313 2509 460 2589 quaeritur
485 2528 574 2589 quare
594 2510 664 2572 Sino
687 2511 820 2585 Sinonis,
839 2510 953 2599 hlpmno
973 2512 1143 2575 Memnonis.
1188 2509 1285 2573 omnia
1306 2507 1424 2569 nomina
1437 2526 1465 2569 ss

137 2613 245 2675 Graeca
273 2612 413 2674 Graecam
440 2612 581 2672 rationem
609 2620 638 2673 et
664 2612 739 2693 apud
766 2612 886 2675 Latinos
914 2624 1053 2700 secuntur
1078 2623 1108 2676 ct
1125 2622 1195 2677 tunc
1219 2610 1384 2692 producunt
1406 2631 1424 2670 o

136 2714 261 2778 litteram
291 2714 437 2794 genetivo,
464 2731 530 2774 cum
553 2714 638 2775 etiam
665 2714 741 2794 apud
766 2714 892 2774 Graecos
913 2717 1092 2794 producunt,
1122 2716 1200 2777 velut
1228 2707 1334 2772 Κόνων
1362 2705 1424 2772 Κό-

138 2838 233 2889 νωνος
255 2823 285 2876 ct
305 2814 382 2896 apud
403 2833 458 2875 nos
481 2815 561 2875 Cono
584 2815 720 2876 Cononis.
765 2815 789 2875 si
811 2822 908 2876 autcm
930 2818 1006 2897 apud
1028 2820 1154 2880 Graecos
1177 2816 1352 2895 corripiunt,
1376 2834 1425 2876 ca-

136 2919 202 2980 dem
237 2915 368 2976 similiter
394 2924 423 2977 ct
449 2916 525 2996 apud
549 2934 619 2989 nos,
654 2914 788 2994 Μέμνων
817 2914 991 2994 Μέμνονος,
1026 2939 1080 2982 nos
1109 2920 1223 2980 Memno
1250 2917 1422 2979 hlemnonis.

139 3018 186 3081 uhi
208 3025 304 3078 autem
326 3037 380 3097 per
400 3038 449 3088 τος
470 3019 644 3093 ellemntur,
667 3027 697 3080 ct
714 3020 791 3100 apud
812 3037 867 3080 nos
889 3039 943 3100 per
964 3020 1017 3095 tis,
1049 3022 1125 3082 relut
1144 3009 1307 3080 Ἱπποκόων
1322 3010 1463 3078 ‘Iuncus

136 3113 279 3195 νόωντος,
302 3119 473 3200 llippocoon
495 3119 713 3199 llippocoontis.
757 3121 869 3196 Turbo,
891 3122 915 3183 si
940 3122 977 3183 sit
999 3124 1148 3204 proprium
1167 3140 1288 3196 nomon,
1311 3121 1425 3183 Turbo·
1460 3151 1463 3156 ·

137 3224 183 3284 nis
206 3222 286 3295 lacit,
312 3222 336 3283 si
354 3221 572 3302 appellativum,
594 3222 727 3285 turbinis.
754 3242 819 3285 nam
839 3224 899 3285 sive
923 3233 1026 3286 ventus
1048 3225 1107 3286 sire
1130 3242 1188 3302 quo
1206 3223 1310 3284 ludunt
1331 3223 1425 3304 pueri,

69 3326 77 3343 '
137 3326 185 3387 hic
211 3325 295 3387 turho
322 3324 442 3398 dicitur,
469 3342 528 3385 uon
556 3332 588 3385 ut
616 3325 732 3404 quidam
765 3325 852 3389 stulte
882 3327 929 3388 hic
962 3328 1067 3388 turben
1095 3326 1228 3387 dixerunt
1257 3344 1424 3407 puerorum.

137 3447 204 3491 nam
224 3427 364 3507 Vergilius
383 3427 454 3489 uim

669 3539 769 3592 torto
791 3530 859 3592 suh
880 3531 1042 3592 verbere
1063 3531 1180 3592 turho.
1437 3560 1463 3604 η

136 3633 261 3713 Antipho
289 3651 404 3712 quoque
431 3642 460 3694 et
488 3633 630 3714 Demipho
654 3632 787 3696 similiter
820 3632 1016 3706 declinantur,
1048 3634 1134 3694 huius
1163 3631 1337 3712 Antiphonis
1367 3631 1425 3691 lle·

138 3735 300 3816 miphonis,
322 3755 396 3810 non,
419 3744 451 3796 ut
471 3736 588 3814 quidam
608 3744 727 3816 putant,
753 3735 938 3815 Antiphontis
963 3744 993 3796 et
1015 3735 1217 3815 llemiphontis
1243 3733 1352 3794 Graeca
1374 3733 1425 3793 de-

138 3922 154 3972 t
188 3921 214 3970 N
229 3929 237 3970 1
255 3926 274 3977 t,
291 3926 299 3967 t
336 3922 450 3987 exceptis

207 4109 299 4159 lnam
316 4105 419 4172 appollo
436 4105 462 4155 N
528 4110 612 4158 2non
628 4108 771 4174 appollonis
848 4107 1021 4173 3apellatiua
1038 4107 1064 4157 N
1141 4102 1317 4159 diormicius}
1332 4107 1382 4167 N.

138 4176 156 4229 8
172 4179 195 4230 si
214 4186 296 4228 autem
315 4177 370 4227 sine·
386 4176 396 4225 ἰ
410 4174 487 4226 fuerit
503 4183 561 4226 tunc
578 4178 604 4225 in
623 4178 632 4226 i
647 4179 771 4227 conuertit
788 4192 806 4241 p
831 4179 853 4227 si
872 4187 955 4227 autem
973 4178 1048 4227 uertit
1065 4191 1109 4241 per
1127 4179 1134 4226 i
1158 4177 1184 4226 N
1212 4179 1251 4227 sin
1269 4185 1353 4227 autem
1372 4176 1427 4228 lue·

138 4247 237 4299 ritulis
255 4247 338 4299 littera
355 4247 501 4310 coniuncta,
526 4253 585 4295 tunc
600 4248 686 4310 utique
704 4262 719 4297 ο
737 4248 762 4296 in
780 4248 788 4296 i
807 4254 903 4298 mutant
919 4248 1047 4299 massua
1062 4262 1089 4309 p.
1109 4249 1143 4298 25
1167 4249 1206 4298 sin
1231 4256 1313 4297 autem
1338 4248 1394 4298 sine
1418 4248 1428 4297 ἰ

138 4319 248 4380 cll'crtur,
268 4328 320 4369 tum
335 4316 410 4367 uertit
426 4329 440 4365 ο
456 4330 502 4380 per
519 4316 528 4365 i
544 4316 676 4367 Ihttscltius
758 4318 790 4367 12
807 4314 883 4382 inira]
896 4331 925 4379 p.
942 4316 976 4367 49
1061 4316 1159 4368 duobus
1177 4318 1309 4367 Fabricius
1327 4317 1428 4367 dubita-

139 4396 178 4438 tur
195 4389 222 4438 N
307 4387 339 4441 13
363 4400 421 4437 caro
441 4385 509 4449 quod
527 4387 610 4436 curnis
626 4387 758 4438 Fabricius
775 4386 843 4449 quod
860 4402 919 4436 caro
944 4387 1028 4437 carnis
1050 4385 1077 4433 N
1162 4387 1192 4436 15
1216 4387 1279 4437 sallo
1298 4397 1384 4437 aerato
1403 4386 1431 4436 N

208 4457 240 4509 to
255 4463 431 4524 permanentes
448 4455 606 4508 declinantur
624 4457 650 4506 N
665 4457 837 4521 permanentia
855 4456 1013 4507 declinantur
1032 4455 1162 4505 Putschius
1242 4454 1425 4522 definitionem]

136 4526 372 4596 ⁸declinationcmm
443 4526 475 4576 17
494 4525 558 4576 sallo
576 4525 696 4578 sallusN
765 4521 966 4592 lSVcrgilium]
984 4523 1157 4576 Aeaxtoo:
1175 4528 1210 4588 cs.
1226 4526 1427 4591 Chan's.p.lll

207 4600 241 4648 22
258 4599 399 4663 producant
415 4595 442 4646 N
517 4591 621 4645 Κόνων
632 4588 768 4654 Κόνωνος
785 4603 809 4646 et
826 4596 895 4662 apud
908 4611 955 4645 nos
967 4594 1053 4645 Conon
1068 4593 1176 4644 conoms
1190 4596 1320 4647 Putscdiua
1339 4611 1429 4648 rarwc

138 4681 259 4718 nnswnoc
277 4677 302 4719 et
320 4666 388 4732 apud
405 4681 451 4716 nos
468 4680 541 4719 cano.
560 4668 664 4716 cunonis
677 4666 703 4715 N
785 4668 818 4716 24
837 4681 948 4716 mennam
968 4664 1151 4715 sensualem
1219 4669 1252 4718 25
1263 4665 1331 4732 τος]
1351 4676 1391 4716 tos
1406 4666 1432 4715 N

208 4749 388 4788 innoroonroe
412 4738 537 4802 ippocoon
560 4736 719 4803 ippocoontis
741 4734 769 4785 N
852 4738 886 4787 27
912 4750 962 4800 quo
987 4734 1075 4784 ludunt
1099 4748 1157 4784 cccc.
1175 4735 1286 4801 orthopr.
1308 4751 1338 4799 p.
1360 4735 1429 4788 2803

139 4804 207 4866 quod
228 4805 315 4855 ludunt
332 4804 358 4853 N
429 4805 464 4857 29
481 4803 621 4873 Vergilius]
638 4803 703 4858 Aen.
719 4804 767 4856 vn
780 4803 831 4856 378
