3114 5356
613 311 745 374 lNSTl'l'.
768 312 878 375 (luant
902 244 976 376 LlBi
995 315 1008 376 1
1391 316 1450 377 tta

232 425 283 467 ,ιι
296 423 325 464 re
338 422 363 466 r.
1312 460 1319 473 .
1374 430 1399 471 ι..

175 436 259 570 nudr,
281 495 432 577 pluraliter
452 497 539 559 docta
553 497 684 559 doctiora
708 498 893 561 doctissima:
915 500 1119 563 adverbialiter
1132 501 1233 576 docte,
1256 430 1450 582 codap‘drative

175 598 293 674 metius,
326 598 501 680 superlative
533 600 716 662 doctissime:
747 601 903 682 appellatio
939 602 1011 664 baec
1041 603 1181 665 doctrina.
1234 603 1311 665 tertii
1339 603 1449 667 ordinis

108 778 110 783 Ι
175 701 224 762 boc
241 702 337 763 modo.
382 701 543 764 masculine
564 702 632 764 felix
653 703 766 765 felicior
786 703 989 781 felicissimus,
1010 705 1162 786 pluraliter
1182 705 1283 768 felices
1304 705 1449 769 feliciores

108 804 110 875 l
172 803 339 882 felicissimi3
360 805 499 866 feminine
520 805 587 865 felix
609 805 721 867 felicior
739 804 922 882 felicissima,
945 807 1095 888 pluraliter
1120 808 1220 871 felices
1241 807 1385 870 feliciores
1407 811 1450 870 fe·

150 902 335 982 tlicissimae3
361 906 531 969 neutraliter
555 907 622 969 felix
652 907 764 969 felicius
789 906 1005 985 felicissimum,
1032 910 1183 991 pluraliter
1204 909 1298 972 felicia
1320 909 1448 973 feliciora

168 1005 344 1069 felicissima:
378 1009 579 1071 adverbialiter
605 1009 742 1083 feliciter,
773 1009 956 1089 conparative
984 1010 1114 1088 felicius,
1143 1012 1317 1094 superlative
1343 1012 1445 1074 felicis

165 1108 250 1170 ncne:
272 1109 429 1191 appellatio
451 1111 524 1172 baec
545 1110 676 1174 felicitae.
691 1112 705 1193 Η

244 1211 320 1273 Sunt
349 1213 491 1291 quaedam
518 1232 592 1292 quae
618 1213 745 1294 primum
776 1221 806 1274 et
833 1213 994 1275 secundum
1021 1214 1142 1293 gradum
1170 1214 1317 1295 recipiunt
1336 1224 1449 1278 tantum

163 1313 264 1389 modo,
286 1323 320 1375 ut
340 1315 454 1377 iuvenis
477 1317 609 1378 iuvenior
630 1323 686 1376 out
705 1316 817 1399 iunior,
840 1334 929 1376 senex
951 1317 1064 1393 senior;
1083 1316 1225 1395 quaedam
1242 1335 1324 1398 quae
1343 1337 1449 1380 secun·

131 1417 230 1479 ndum
250 1426 281 1478 et
301 1417 435 1492 tertium,
464 1427 496 1480 nt
517 1418 639 1480 ulterior
659 1418 793 1494 ultimus,
819 1418 940 1479 intermr
967 1419 1102 1495 intimus3
1130 1419 1273 1498 quaedam
1293 1439 1368 1500 quae
1389 1423 1449 1503 pri·

162 1538 240 1581 mum
263 1528 294 1581 et
315 1520 448 1594 tertium,
473 1529 505 1581 ut
526 1520 592 1601 pius
616 1520 780 1601 piissimus,
808 1521 884 1582 fidus
906 1521 1080 1596 fidissimus,
1107 1521 1190 1584 cuius
1212 1524 1340 1586 seurnda
1362 1524 1447 1586 elatio

161 1630 206 1682 est
226 1623 320 1701 magis
342 1621 424 1702 pius,
447 1622 539 1701 magis
561 1623 645 1684 fidus.
690 1622 832 1702 quaedam
858 1633 955 1685 autem
977 1622 1056 1684 nulla
1077 1623 1272 1686 declinatione
1297 1626 1328 1687 in
1350 1624 1449 1687 conla-

160 1724 268 1784 tionem
298 1722 433 1799 reniunt,
460 1724 566 1803 quibus
593 1722 697 1785 accidit
725 1724 819 1803 magis
839 1731 867 1784 et
887 1725 1040 1801 maxime,
1072 1726 1141 1786 item
1159 1727 1256 1789 minus
1275 1736 1305 1788 ct
1319 1727 1446 1801 minime,

159 1825 236 1887 rclut
259 1825 342 1887 mdis
370 1825 506 1906 proprius
534 1826 658 1888 sobrius.
703 1826 826 1888 dicimus
853 1826 930 1887 euim
961 1826 1053 1905 magis
1082 1827 1163 1899 rudis
1193 1826 1286 1906 magis
1312 1828 1447 1909 proprius

126 1939 148 1980 ¹⁵
159 1929 252 2008 magis
272 1928 407 2001 sobrbrs,
438 1927 507 1988 item
527 1927 651 1989 maxime
674 1929 756 1989 mdis
780 1927 903 1989 maxime
928 1928 1064 2009 proprius
1092 1928 1215 1990 maxime
1235 1927 1360 1991 sobrius.
1404 1929 1448 1990 sic

159 2037 187 2090 et
212 2050 230 2093 e
260 2031 409 2093 contrario
434 2029 533 2091 minus
561 2031 642 2092 rudis
669 2031 766 2092 minus
793 2031 930 2111 proprius
957 2030 1054 2091 minus
1076 2029 1208 2105 sobrius3
1235 2030 1307 2091 item
1327 2029 1447 2093 minime

159 2132 239 2193 mdis
266 2132 375 2193 dicitur
401 2138 431 2193 et
450 2132 569 2194 minime
591 2135 727 2214 proprius
750 2141 780 2194 et
800 2131 918 2194 minime
942 2129 1065 2193 sobrius.
1109 2129 1158 2192 illa
1182 2139 1294 2205 autern,
1315 2132 1445 2210 quamvis

159 2233 272 2294 diversa
300 2234 374 2308 siut,
405 2233 513 2312 gradus
541 2242 637 2295 tamen
665 2235 742 2297 inter
769 2253 801 2297 sc
829 2236 977 2308 fecerunt,
1006 2239 1038 2292 ut
1061 2229 1156 2292 bonus
1183 2231 1286 2293 melior
1306 2233 1445 2314 optimus,

159 2333 254 2395 malus
275 2335 359 2414 peior
375 2337 536 2415 pessimus,
554 2356 677 2417 maguus
696 2337 788 2398 maior
802 2335 953 2397 maximos.
997 2331 1215 2395 observabimus
1234 2341 1346 2410 umen,
1367 2334 1446 2414 quod

125 2448 149 2488 ιι
162 2436 256 2516 ipsum
287 2437 345 2498 iam
373 2437 588 2515 adnotavimus,
614 2439 731 2500 nomina
759 2445 871 2499 tantum
893 2436 923 2498 in
945 2434 1210 2516 comparationibus
1231 2436 1354 2512 versari,
1386 2454 1445 2499 uon

160 2538 246 2599 etiarn
267 2538 428 2619 participia.
1086 2532 1088 2537 ⁵

242 2640 275 2701 ln
306 2639 353 2703 bis
387 2642 651 2723 comparationibus
684 2641 805 2705 secundi
833 2641 944 2704 ordinis
979 2641 1009 2702 iu
1037 2638 1180 2701 adverbiis
1207 2638 1293 2719 primi
1328 2632 1444 2716 gradus,

159 2743 286 2820 quaein
311 2761 328 2803 e
355 2745 555 2823 proferuntur,
584 2753 652 2806 sunt
680 2753 817 2824 quattuor
836 2745 909 2806 baec
929 2750 1066 2824 excepta,
1093 2760 1167 2821 quae
1189 2749 1290 2803 eontra
1315 2739 1444 2821 regulam
1549 2730 1552 2735 ’

159 2845 349 2924 proferuntur
371 2865 424 2926 per
444 2866 473 2922 r,
497 2857 529 2907 ut
550 2846 661 2907 naviter
679 2847 986 2926 humaniter-largiter
1007 2843 1131 2906 duriter:
1155 2861 1229 2921 quae
1243 2841 1373 2922 quamvis
1393 2861 1446 2903 an·

159 2943 282 3024 tiquitati
305 2946 458 3026 adsignent
479 2947 681 3028 grammatici,
695 2957 791 3022 tamen
814 2949 914 3011 dsunt
938 2945 1206 3009 etiamsecundum
1232 2964 1315 3008 suam
1336 2953 1453 3007 rectam·

122 3065 147 3106 ev
160 3047 322 3127 analogiam
349 3050 473 3130 proferri
494 3070 598 3133 posse,
627 3058 659 3111 ut
679 3070 751 3113 nave
773 3059 802 3112 et
824 3051 925 3130 ignave
948 3050 1073 3111 humane
1094 3048 1173 3126 large
1195 3048 1276 3110 dure.
1321 3047 1389 3131 [sed
1411 3065 1446 3108 ex

158 3149 204 3210 bis
226 3168 302 3228 quae
320 3159 387 3212 ante
409 3171 444 3213 us
470 3171 486 3213 e
518 3162 567 3215 aut
592 3153 600 3213 i
630 3153 739 3214 babent
760 3153 992 3232 comparationes
1012 3150 1074 3212 fleri
1093 3169 1151 3212 non
1173 3159 1307 3230 possunt
1350 3122 1466 3228 neqdfl

157 3252 237 3312 enirn
262 3251 298 3313 ab
328 3252 432 3314 idoneo
465 3254 586 3316 idoneor
617 3255 679 3317 fieri
713 3261 811 3335 potest
844 3273 939 3333 nequc
970 3272 987 3314 a
1013 3252 1180 3315 necessario
1207 3251 1389 3314 necessarior
1418 3259 1447 3311 et

156 3351 329 3434 similibus]
381 3373 438 3415 non
466 3356 543 3416 enim
569 3365 638 3420 sunt
663 3365 800 3436 quattuor
820 3363 933 3417 tantum
960 3355 1013 3416 sed
1039 3362 1068 3415 et
1095 3353 1150 3416 alia
1175 3353 1331 3434 conplura,
1360 3361 1445 3413 etex

155 3455 289 3515 secundo
311 3454 411 3517 ordine
438 3455 473 3518 ad
500 3458 617 3520 tertium
646 3460 812 3521 derivantur
833 3467 862 3520 et
883 3476 917 3519 cx
939 3455 1024 3517 tertio
1044 3474 1104 3519 non
1130 3455 1303 3517 derivantur.
1348 3454 1445 3515 Velius

112 3570 141 3610 ³⁰
156 3557 279 3636 Longus
297 3558 333 3618 de
359 3558 414 3619 bac
437 3561 535 3639 regula
558 3561 628 3622 dixit
650 3562 678 3622 in
701 3561 723 3620 V
746 3580 779 3621 ea
800 3569 898 3642 parte,

326 3678 413 3738 ergo
434 3661 570 3725 alacris
594 3670 830 3742 cunctosque
852 3668 988 3742 putans
1010 3657 1188 3721 excedere
1209 3654 1339 3737 palma.
1359 3651 1364 3737 Ι

227 3848 245 3900 9
262 3847 363 3900 iuuenis
379 3849 495 3898 iuuenlor
511 3857 554 3899 aut
569 3851 652 3900 iunior
667 3851 796 3903 Charisius
803 3866 830 3914 p.
841 3850 890 3903 130
907 3822 1112 3900 iuuenis.u⁰nior
1129 3846 1213 3897 iunior
1230 3844 1257 3894 N
1281 3841 1382 3925 iuuenis
1406 3843 1445 3890 iu·

155 3919 216 3967 nior
231 3917 259 3966 B
329 3919 452 3981 quaedam
470 3919 608 3969 secundum
626 3919 686 3986 (om.
707 3925 784 3984 quae)
801 3920 826 3969 N
901 3919 934 3970 10
949 3919 1054 3970 ultimus
1072 3919 1156 3982 potior
1173 3915 1322 3982 potissimus
1340 3920 1445 3993 interior

152 3989 263 4037 intimus
280 3988 405 4050 quaedam
424 3988 534 4054 prlmum
552 4000 576 4039 et
599 3991 700 4040 tertium
723 3999 750 4041 ut
771 3990 854 4041 bellus
871 3989 1029 4040 bellissimus
1045 3987 1111 4037 lldus
1128 3985 1266 4037 fidissimus
1283 3984 1342 4050 pius
1357 3995 1445 4047 pussi-

154 4073 216 4108 mus
239 4057 266 4107 B
352 4057 385 4110 13
410 4067 434 4108 et
456 4059 567 4108 maxime
587 4075 632 4109 om.
652 4060 690 4125 N,
716 4061 778 4111 add.
798 4061 824 4111 B
915 4058 949 4110 14
971 4058 1073 4109 sobrius
1090 4072 1157 4108 corr.
1176 4055 1276 4114 sobrius
1302 4052 1328 4102 N
1413 4050 1444 4099 15

153 4128 242 4193 magis
259 4127 362 4177 subrina
378 4129 465 4194 (corr.
484 4127 555 4192 sob.)
573 4129 598 4178 N
685 4132 796 4182 maxime
812 4129 914 4181 subrius
930 4128 1019 4193 (corr.
1043 4126 1120 4192 sob.)
1142 4125 1168 4176 Ν
1254 4121 1286 4175 lo
1304 4130 1329 4172 et
1346 4135 1392 4170 ont·
1411 4117 1444 4180 Ν,

152 4197 219 4248 add.
237 4196 264 4246 B
281 4204 306 4247 et
321 4211 380 4251 exo.
398 4197 508 4262 ornoor.
529 4212 557 4261 p.
576 4199 644 4251 27115
729 4201 789 4251 item
806 4214 853 4254 ora.
873 4198 909 4260 N,
927 4198 988 4248 add.
1003 4197 1028 4247 B
1114 4197 1148 4249 20
1162 4186 1349 4255 aduotnvlmus]
1365 4204 1401 4271 3²¹.
1411 4188 1444 4238 77

226 4265 261 4315 25
277 4266 325 4317 sed
340 4284 373 4317 ex
390 4267 431 4318 bis
447 4293 482 4303 -
499 4267 534 4318 28
550 4268 690 4330 similibus,
720 4286 786 4334 quae
807 4270 886 4320 isdem
904 4267 987 4319 verbis
1007 4269 1116 4332 repetita
1138 4273 1195 4317 emt
1213 4260 1362 4315 insecundo
1381 4256 1446 4306 libro

151 4352 182 4401 p.
204 4335 263 4398 167,
289 4343 333 4385 arat
349 4338 407 4387 inde
423 4335 470 4386 bue
485 4340 611 4388 trarulata
627 4346 686 4389 aunt
703 4347 747 4389 aut
761 4343 786 4390 in
808 4341 890 4389 α11οιιο
913 4344 982 4388 certe
1003 4339 1057 4389 loce
1079 4338 1219 4388 conlocata.
1254 4333 1348 4382 natiue
1365 4333 1445 4378 cutm

151 4414 214 4469 poet
227 4406 469 4471 sobrius.(lf)pom'
481 4414 609 4469 poterant.
628 4424 690 4481 nam*
702 4424 766 4472 quoe
780 4416 907 4468 secantur,
926 4421 976 4457 non
995 4408 1061 4457 enim
1078 4423 1144 4473 sqq„
1163 4405 1199 4455 ad
1214 4418 1259 4454 eae
1275 4397 1446 4480 adverbiorum

151 4477 254 4539 formae
277 4492 342 4541 quae
364 4493 400 4527 ecc
420 4476 553 4528 omnibus
574 4477 678 4529 secundi
699 4479 795 4528 ordiaris
818 4479 855 4528 nd
869 4479 969 4528 tertiatur
986 4477 1097 4527 ordinem
1116 4475 1229 4525 damari
1240 4472 1343 4533 saepuoe
1358 4467 1446 4547 dtcftm

154 4553 197 4595 eat
211 4553 330 4607 spectant
406 4546 440 4597 28
458 4560 506 4595 non
525 4557 583 4597 sunt
597 4556 714 4611 quattuor
731 4557 827 4598 tanturn
845 4546 932 4597 sedet
948 4546 1084 4611 oliaplure
1101 4558 1167 4608 ques
1182 4556 1215 4592 ex
1232 4539 1344 4591 secundo
1358 4535 1445 4587 ordine

154 4615 191 4665 ad
208 4616 310 4664 tertium
328 4615 476 4665 deriunutur
493 4631 525 4666 ex
542 4618 614 4666 tertio
631 4630 680 4666 non
698 4618 845 4668 deriunntur
859 4616 886 4666 B
953 4615 987 4667 29
1002 4615 1093 4666 Velius
1110 4615 1214 4679 Longus
1229 4610 1256 4660 B
1271 4606 1394 4673 uerpillus
1411 4604 1444 4654 N·

154 4685 191 4735 de
210 4685 282 4735 Velis·
298 4685 382 4748 Loopr'
397 4686 423 4733 in
438 4686 572 4736 Aeneidem
589 4690 767 4738 commentariis
783 4687 850 4736 dixit
866 4684 1040 4735 Laclnaanus
1060 4687 1087 4735 in
1110 4684 1215 4733 Lucret.
1230 4696 1259 4744 p.
1280 4677 1329 4728 leo
1412 4674 1447 4726 30
1533 4706 1540 4715 ·

153 4764 276 4873 3⁸9⁸?
294 4754 319 4804 B
346 4768 379 4803 ⁰¹
396 4762 466 4820 Pflfle
486 4755 513 4803 Ν
613 4756 643 4808 31
670 4754 748 4822 ergo]
774 4757 853 4822 Verp.
873 4755 939 4809 Aen.
965 4751 1057 4806 V380
1161 4750 1285 4801 excedere
1304 4747 1330 4799 B
1355 4759 1446 4795 excen-

175 4840 244 4874 erc,

200 4926 406 4971 onnsrunrrcr
429 4927 538 4968 narrar
560 4928 582 4970 1.
639 4976 644 4983 ¹
1222 4900 1241 4963 8
