3114 5356
133 307 213 371 514-
583 320 594 341 ·
694 292 878 361 alumnis

201 419 269 463 ,sm
285 419 310 460 m
324 417 347 461 r.
1229 424 1255 466 p.
1270 410 1403 457 assae

186 433 429 557 PArslaebulium
456 494 598 561 mearum,
626 483 678 547 ubi
701 483 871 545 hexametro
896 480 991 562 prima
1020 479 1131 560 syllaba
1155 480 1259 545 ablata
1283 491 1335 545 est
1362 492 1394 547 el
1416 483 1447 545 al

134 597 238 661 ultima
259 592 360 668 teriia,
383 597 414 653 et
432 589 542 651 lactum
562 593 611 649 est
629 583 697 659 lale,

303 693 354 756 tihi
371 691 503 754 nascitur
518 706 611 751 amne
630 704 738 768 pecus,
761 681 814 745 tibi
835 680 942 744 cressit
959 681 1060 745 herba.

137 798 259 863 restitue
279 793 404 876 syllabas
426 797 590 873 amputatas
612 796 642 851 et
658 783 794 867 implebis
816 783 1018 845 hexametrum
1039 784 1092 858 sis,

304 913 373 957 uam
395 892 447 956 ubi
467 890 599 954 nascitur
618 906 706 952 omne
728 902 837 967 pecias,
858 882 912 945 libi
933 883 1041 945 arescis
1061 885 1092 946 in
1112 885 1217 947 herba.
1455 906 1465 943 s

223 1013 368 1076 Trimeter
388 1012 498 1074 herous
517 1028 553 1072 ex
575 1006 728 1080 inferiore,
754 1018 844 1082 supra
865 999 945 1078 quad
967 999 1034 1062 dixi
1079 1002 1132 1064 sed
1152 1002 1213 1066 hoa
1238 1005 1377 1069 Serenus
1397 1025 1445 1069 ua·

139 1136 207 1181 rum
230 1113 378 1178 fecithoc
398 1111 496 1185 mado,

303 1211 511 1276 culice-llus
533 1207 673 1271 amasio
695 1203 812 1268 Tulle.

138 1319 188 1381 hic
209 1314 375 1398 praeposita
397 1319 443 1376 est
462 1330 519 1373 una
542 1307 661 1391 syllaba.
705 1322 773 1367 nam
795 1303 821 1366 si
845 1309 926 1365 esset
942 1300 1010 1378 lale,

306 1413 399 1477 sellus
420 1412 531 1475 amasia
552 1407 645 1482 Tulle,

140 1516 295 1581 manifesta
318 1524 378 1576 {res
399 1513 490 1594 pedes
509 1515 624 1584 essem,
647 1525 722 1587 quos
739 1505 829 1569 hahet
847 1523 917 1588 pars
938 1504 1085 1587 posterior
1100 1504 1277 1572 hexamelri.

227 1627 419 1693 Galliamhum
441 1635 567 1689 meaum
589 1622 667 1704 apud
689 1622 887 1684 Maecenatem
909 1620 967 1684 tale
981 1621 996 1705 ss
1009 1630 1064 1698 est,

305 1729 411 1806 ades,
430 1726 569 1807 inquit,
591 1746 609 1788 a
631 1724 775 1807 Cybebe
796 1724 877 1786 iera
898 1724 1080 1786 manlium
1101 1725 1176 1786 dea.

141 1837 277 1919 superius
299 1848 413 1894 comma
435 1828 513 1910 quad
537 1837 582 1892 est
604 1826 707 1902 ‘ades‚
729 1826 838 1905 inquit,
860 1845 878 1887 a
901 1822 1045 1905 cybelem,
1068 1823 1162 1887 simile
1186 1835 1233 1889 est
1256 1827 1308 1904 illi,

839 1925 921 1988 riae
942 1927 1042 1989 reris
1064 1934 1100 1988 et
1120 1926 1276 1991 Favoni.
1453 1943 1472 1984 ¹⁵

140 2038 263 2102 iuferius
282 2051 398 2098 comma
417 2029 560 2113 superiori
582 2027 676 2091 simile
698 2037 793 2104 esset,
814 2027 872 2091 nisi
893 2027 1041 2090 amisisset
1060 2027 1192 2090 ultimam
1213 2030 1369 2110 syllabam.

229 2149 421 2212 Galliambum
444 2146 521 2211 aliud
548 2165 584 2206 ex
609 2145 667 2206 hoa
692 2142 759 2225 ipsa
786 2143 912 2221 lactum,
944 2150 974 2205 et
995 2142 1022 2206 ei
1044 2142 1232 2228 simillilmum
1255 2158 1356 2227 essai,
1389 2152 1441 2214 uisi

143 2253 239 2336 quad,
264 2259 296 2314 ul
316 2249 480 2312 enervatius
502 2248 586 2308 llerel
607 2253 637 2306 et
655 2244 790 2321 mallius,
819 2245 949 2309 secunda
971 2244 1127 2308 sestertia
1153 2246 1190 2308 ab
1212 2227 1316 2313 ultima
1336 2253 1439 2334 syllaba

142 2358 174 2420 iu
196 2357 269 2418 duas
288 2353 393 2415 breves
415 2349 561 2432 mminaia
583 2354 642 2422 est,
663 2354 693 2408 et
711 2348 820 2409 lactum
839 2348 908 2422 tale,

307 2454 408 2516 laius
432 2453 593 2514 horreat
613 2447 788 2527 flagello,
815 2450 993 2511 comitum
1015 2447 1157 2511 chorus
1180 2448 1314 2515 ululet.
1450 2472 1470 2512 a

143 2558 169 2622 si
191 2564 271 2620 esset
288 2553 331 2618 sic
353 2555 511 2618 ‘comitum
532 2552 641 2613 chorus
665 2549 768 2625 valel’,
787 2558 868 2613 esset
884 2549 926 2612 illi
948 2550 1052 2624 simile,
1121 2565 1131 2588 ·

892 2652 974 2715 iera
996 2651 1176 2715 manlium
1197 2652 1277 2715 dea.

144 2769 276 2824 aetemm
296 2757 366 2819 lruic
383 2764 494 2829 melre,
515 2754 594 2833 quod
617 2761 785 2815 enervatum
807 2751 948 2827 diximus,
972 2753 1067 2815 simile
1090 2761 1135 2814 est
1156 2753 1228 2817 illud
1251 2757 1440 2832 neotericam,

144 2863 223 2941 quod
247 2866 292 2920 ast
315 2857 380 2930 lale,

308 2956 412 3019 rutilas
433 2954 531 3016 recide
553 2957 649 3018 crines
672 2954 863 3034 hahitumque
885 2974 958 3036 cape
981 2956 1042 3017 viri.
1450 2983 1469 3022 s

218 3196 423 3248 larchibuleum
442 3195 526 3247 ΑΒΜ
611 3195 709 3261 syllaba
729 3210 747 3255 5
770 3197 852 3249 littera
868 3196 953 3247 ABM
1038 3199 1055 3251 3
1076 3197 1137 3266 tibi]
1165 3202 1258 3252 Sereni
1273 3218 1374 3262 versun
1390 3219 1441 3254 esse

146 3272 292 3333 suspicatur
314 3267 506 3330 Wernsdarfias
520 3275 590 3331 poci.
609 3268 667 3317 Lat.
683 3270 741 3318 nain.
761 3271 783 3319 ll
798 3285 826 3332 p.
845 3267 895 3318 291
984 3270 1073 3319 crescit
1091 3269 1188 3320 haedus
1208 3278 1232 3320 cl
1244 3281 1338 3334 pastea
1356 3274 1441 3322 crescii

144 3348 169 3388 el
186 3336 284 3387 haedus
301 3340 334 3388 de
350 3343 429 3388 metro
453 3338 617 3401 anapaestico
640 3337 752 3388 dicentes
774 3338 865 3388 liabent
892 3339 1057 3390 Terentianus
1074 3340 1185 3390 Mauras
1208 3338 1277 3389 1915
1300 3350 1325 3392 et
1342 3342 1441 3392 Marius

148 3410 294 3459 Victorinus
310 3425 338 3471 p.
355 3406 437 3461 2587,
466 3422 529 3470 qaas
546 3415 645 3457 secutus
669 3416 705 3458 eal
726 3408 877 3466 Caesarius,
908 3409 998 3458 crescit
1025 3408 1104 3458 herba
1127 3411 1159 3458 de
1180 3416 1259 3459 metro
1284 3409 1440 3462 Archebaleo

143 3479 207 3530 idern
227 3476 329 3527 Marius
345 3492 373 3539 p.
394 3474 471 3535 2582,
497 3476 587 3525 crescii
605 3475 684 3525 herba
707 3485 730 3528 cl
748 3485 841 3541 postea
862 3480 953 3528 crescit
977 3488 1001 3528 et
1025 3477 1103 3527 herba
1128 3479 1221 3529 Acilius
1245 3479 1441 3531 fortunatianus

140 3564 169 3613 p.
190 3545 258 3596 2673
328 3544 417 3595 ddixi
436 3544 481 3593 sed
499 3558 516 3600 5
531 3545 639 3594 dixisset
659 3544 743 3594 ΑΒΜ
810 3545 974 3596 dculicellus
989 3547 1014 3596 A
1034 3555 1058 3597 el
1073 3549 1157 3598 codex
1170 3549 1287 3611 Scioppii
1303 3566 1373 3615 susp.
1387 3555 1440 3600 lecl.

144 3614 220 3666 V26
238 3614 373 3664 eusicellus
388 3615 415 3664 B
431 3612 576 3663 aculicellus
596 3613 642 3662 M:
670 3615 715 3664 tuli
733 3614 799 3664 telus
817 3615 912 3665 amisso
930 3615 990 3665 lule.
1015 3615 1074 3665 uide
1097 3616 1138 3666 hic
1161 3618 1311 3682 praeposita
1336 3629 1375 3668 est
1394 3632 1441 3668 una

144 3683 249 3749 syllaba
269 3698 327 3732 nam
345 3684 367 3733 si
385 3690 453 3733 esset
471 3682 521 3732 tale
540 3683 640 3748 respuis
658 3685 752 3734 amissa
771 3684 831 3745 lule,
850 3682 986 3734 manifeste
1001 3699 1019 3742 5
1101 3687 1197 3736 amasia
1215 3687 1249 3736 Μ
1263 3688 1376 3736 semasio
1394 3688 1442 3738 AB

143 3753 268 3803 semassia
293 3753 377 3804 codex
395 3753 509 3816 Scioppii
594 3751 683 3801 'lullae
706 3754 812 3804 coniecit
835 3752 1027 3818 Wernadorfias
1047 3764 1114 3819 poet.
1134 3757 1193 3805 Lat.
1216 3758 1274 3805 nan.
1300 3758 1322 3805 ll
1346 3773 1373 3820 p.
1394 3756 1442 3806 285

213 3820 287 3871 shio
304 3849 339 3857 -
359 3821 391 3871 10
408 3820 479 3869 Tulle
497 3837 544 3872 ons.
563 3820 596 3868 M
612 3828 635 3869 el
650 3823 733 3873 codex
750 3823 865 3886 Scioppii
953 3821 985 3873 10
1002 3823 1096 3886 celius]
1124 3824 1225 3889 cespius
1243 3823 1295 3873 AB
1318 3824 1443 3891 Thespius

144 3891 285 3942 Parisclriaa.
311 3890 390 3939 sellus
407 3892 517 3954 scripsi,
537 3894 563 3941 in
581 3906 629 3954 qao
647 3907 697 3941 una
713 3892 813 3955 syllaba
829 3892 945 3943 detracta
964 3909 1020 3944 esse
1037 3894 1089 3943 dici
1102 3897 1185 3956 poterit
1199 3910 1249 3957 pra
1269 3909 1299 3944 ea
1317 3896 1387 3957 qaod
1403 3912 1443 3944 ac-

143 3962 255 4011 curatius
271 3959 361 4010 diclwn
379 3969 416 4009 est
435 3975 461 4023 p.
481 3959 532 4010 515
557 3959 622 4006 ‘una
639 3959 751 4023 syllaba,
777 3960 853 4009 imma
873 3962 973 4011 duabus
992 3977 1056 4026 quae
1074 3977 1119 4026 pra
1139 3976 1189 4010 urm
1208 3972 1268 4011 sum
1291 3972 1316 4012 ei
1335 3966 1444 4030 semips-

144 4031 202 4079 dem
223 4025 334 4077 laciuut’
408 4027 438 4076 ll
459 4044 523 4090 quos
541 4042 559 4085 5
577 4028 644 4091 quod
662 4027 746 4078 ΑΒΜ
827 4029 861 4079 12
877 4031 1043 4081 Galliambum
1060 4031 1146 4080 ΑΒΜ
1222 4031 1292 4097 apud
1312 4031 1444 4083 Maecena·

143 4095 204 4161 tem]
223 4095 257 4158 cs.
276 4096 339 4149 Asu.
359 4098 490 4148 bertanae.
507 4115 533 4163 p.
552 4096 620 4148 ’21177
703 4097 734 4148 13
753 4099 815 4150 ades
833 4116 851 4149 a
867 4108 891 4152 ei
907 4100 991 4152 codex
1009 4100 1124 4164 Saiappii
1142 4100 1222 4149 audes
1241 4099 1326 4149 ΑΒΜ
1405 4104 1443 4150 ia·

143 4167 204 4231 quid
222 4164 305 4215 ΑΒΜ
392 4168 537 4230 aephebse
555 4166 580 4215 A
606 4167 745 4216 aerbelsae
762 4167 788 4217 B
809 4170 847 4218 ela
874 4168 931 4234 (sei
948 4170 999 4233 da)
1024 4168 1102 4233 cybse
1123 4169 1169 4218 bae
1189 4166 1220 4216 M
1243 4170 1365 4231 ocybele
1385 4179 1444 4228 51⁷1

143 4237 227 4288 eadca
244 4235 358 4300 Seioppii
439 4236 494 4285 iera
512 4264 546 4272 -
566 4236 598 4285 14
615 4236 716 4298 Cybebe
733 4253 779 4288 am.
798 4251 830 4294 5:
856 4239 904 4287 dea
921 4239 1069 4304 martigena
1085 4239 1133 4287 dea
1151 4239 1231 4288 edidit
1249 4240 1376 4303 Scaliqer.
1395 4250 1443 4290 nel.

140 4314 209 4371 poet.
229 4308 304 4354 catal.
328 4321 356 4369 p.
375 4303 435 4363 223,
460 4304 515 4355 lesa
538 4307 687 4371 montivagi
711 4306 760 4355 dea
781 4310 887 4358 coniecit
903 4309 938 4357 H.
959 4308 1062 4360 Grotius
1079 4308 1150 4372 apud
1165 4308 1368 4371 Peerlkaaspiam
1385 4309 1443 4359 didi.

142 4377 199 4424 crit.
220 4390 276 4425 non.
296 4375 343 4423 llll
357 4390 384 4437 p.
406 4373 470 4434 175,
499 4375 548 4424 dea
563 4376 687 4425 manlium
705 4391 754 4442 age
773 4376 821 4425 dea
838 4377 1000 4427 Bra-mannas
1016 4376 1109 4428 anaor.
1128 4378 1187 4426 Lac.
1210 4378 1220 4425 1
1241 4392 1268 4441 p.
1287 4376 1322 4426 53
1414 4377 1445 4427 11

143 4443 205 4492 sdes
221 4443 274 4492 AB
292 4442 371 4492 audes
390 4443 424 4492 M
509 4445 598 4509 inquid
614 4445 673 4494 AM
753 4446 864 4510 cybebes
878 4445 963 4495 ΑΒΜ
1052 4444 1083 4494 17
1102 4445 1268 4496 Calliambnm
1287 4445 1320 4494 M
1337 4446 1447 4496 caliam-

143 4512 203 4560 bum
221 4512 246 4561 A
265 4511 417 4561 Galliambus
435 4514 460 4563 B
542 4513 608 4564 lacto
624 4522 648 4563 at
666 4514 690 4562 ei
708 4513 766 4562 ΒΜ
780 4512 856 4565 facila
875 4530 907 4564 ex
926 4517 949 4565 ei
966 4514 991 4563 A
1010 4514 1105 4564 saelum
1123 4516 1183 4570 εἰς
1274 4514 1307 4564 18
1324 4523 1352 4563 ut
1369 4531 1443 4563 ener-

142 4580 228 4629 uatius
246 4594 264 4636 5
281 4590 308 4629 ut
326 4582 488 4631 enerualibus
508 4583 539 4631 M
557 4583 742 4633 utererualibus
760 4585 787 4632 Β
804 4592 846 4633 ule
864 4585 1007 4635 seruatibus
1025 4583 1050 4632 A
1137 4583 1250 4634 secumlo
1268 4584 1301 4634 M
1307 4599 1314 4632 z
1332 4584 1446 4633 meando

142 4659 266 4699 commate
281 4651 354 4698 teriia
371 4654 477 4702 coniecit
493 4653 628 4703 Sanoeaias
644 4655 673 4702 in
694 4653 836 4703 Terentian.
857 4654 945 4704 Maer.
963 4670 990 4718 p.
1010 4653 1061 4704 375
1132 4654 1167 4704 20
1186 4653 1252 4702 latas
1272 4654 1367 4704 Acilius
1379 4654 1446 4704 Fan

143 4719 286 4833 semipagana
303 4720 319 4768 ἱ.
334 4722 428 4835 c.,Bpai
445 4720 592 4773 Maecenati
607 4738 705 4773 acrama
722 4723 818 4783 tribuit,
840 4725 909 4774 lasus
926 4722 1010 4773 ΑΒΜ
1077 4723 1112 4773 22
1130 4721 1184 4772 lere
1202 4723 1326 4771 montium
1345 4721 1408 4771 ders
1423 4722 1448 4772 Β

265 4800 340 4850 caper
