3114 5356
618 269 700 330 aar.
729 269 868 331 amun
898 269 1006 330 nni
1148 253 1219 328 ·‘.'
1397 274 1459 335 aas

1243 388 1408 440 pmwst

152 475 230 516 usus
254 454 432 522 Graecorum
454 452 570 529 linguae
596 454 713 514 nesciae
740 453 933 516 declarantur.
979 455 1056 534 apud
1077 455 1187 517 Atticos
1218 476 1285 517 vero
1310 458 1460 522 dumtaxat

152 555 315 637 plurimum
337 551 428 624 valet,
454 560 484 611 et
504 554 627 615 maxime
650 554 728 635 apud
756 553 934 629 Homerum,
965 555 1016 634 qui
1044 576 1111 617 cum
1144 558 1182 618 sit
1204 558 1315 619 Atticae
1342 558 1459 638 liuguae

154 655 269 727 cultor,
294 660 394 733 utpote
416 653 503 730 patrii
525 655 670 716 sennenis
694 655 841 731 adsertor,
862 666 895 718 ut
916 658 1034 737 quidam
1056 667 1175 738 putant,
1197 667 1376 721 tamennon
1398 670 1460 737 ergt

154 755 277 818 nescius
302 754 499 831 antiquitatis,
531 755 608 816 sicut
630 774 732 816 versus
760 754 809 816 ille
838 765 971 818 testatur.
1024 778 1091 820 curn
1124 748 1202 822 enim
1231 761 1289 821 duo
1322 761 1456 838 luissent,

126 859 221 939 sipse
242 855 394 918 vetustatis
416 873 530 916 memor
550 855 702 934 pluraliter
724 855 928 918 salutationem
954 859 1075 938 protulit
1104 860 1161 921 hoc
1186 861 1290 937 modo,
1319 862 1458 943 „palpas

154 951 288 1036 κήρυκες
313 948 463 1035 ἅγγελοι.“
507 963 658 1036 praeterea
686 949 853 1037 superfluus
879 958 1006 1037 antiquis
1032 960 1112 1021 visus
1134 969 1194 1035 est,
1223 962 1248 1023 si
1276 963 1393 1042 quidem
1421 984 1456 1026 ex

155 1059 273 1120 numeri
294 1057 416 1138 pluralis
438 1057 564 1136 imagine
586 1057 680 1119 dualis
700 1057 855 1120 declinatio
876 1061 1001 1123 formata
1027 1062 1225 1123 normabatur.

647 1262 683 1302 ott
704 1261 803 1304 statua
824 1262 973 1314 veneotwn

242 1360 347 1438 Figura
368 1360 447 1420 verbi
470 1360 606 1440 bipertita
629 1369 682 1420 cst.
727 1371 778 1422 aut
799 1361 877 1422 enim
899 1363 1040 1443 simphcia
1064 1375 1133 1426 sunt
1160 1367 1262 1441 verba,
1291 1373 1324 1426 ut
1349 1366 1457 1440 scribo,

118 1479 141 1518 ιι
154 1471 206 1523 aut
227 1460 395 1540 conposita,
426 1469 457 1522 ut
479 1461 614 1521 inscribo.
660 1469 868 1540 conponuntur
885 1472 982 1524 autem
1005 1466 1107 1539 verba,
1137 1467 1213 1529 sicut
1232 1467 1366 1539 nomina,
1393 1446 1455 1527 mo-

153 1563 200 1624 dis
224 1569 377 1641 quattuor;
409 1571 459 1623 aut
480 1581 515 1622 ex
540 1561 654 1623 duabus
676 1561 809 1640 partibus
830 1561 969 1642 integris,
1005 1574 1037 1626 ut
1065 1567 1200 1628 conduco
1227 1587 1372 1643 convooo;
1407 1578 1458 1629 aut

154 1685 190 1725 ex
209 1663 325 1725 duabus
347 1663 508 1742 corruptis,
532 1671 563 1725 ut
584 1660 696 1736 efficio,
719 1662 811 1736 malo,
834 1662 863 1723 id
886 1673 934 1724 est
953 1664 1047 1744 magis
1070 1668 1150 1742 volo,
1179 1669 1320 1748 ell'ring03
1351 1679 1402 1730 aut
1421 1688 1456 1730 er

153 1766 269 1842 integra
294 1772 323 1824 et
344 1773 496 1851 corrupta,
519 1772 550 1825 ut
571 1764 731 1840 accumbo;
752 1771 802 1826 aut
823 1782 857 1827 er
881 1774 1019 1846 corrupta
1037 1776 1066 1829 et
1080 1768 1209 1847 integra,
1232 1778 1263 1831 ut
1279 1770 1413 1832 ostendo.

624 1970 661 2011 bn
679 1969 814 2014 ‚reumate
837 1968 992 2015 rumetum

116 2095 138 2133 ra
241 2070 368 2149 Tempus
390 2078 435 2128 est
455 2066 624 2129 vicissitudo
648 2088 745 2130 rerum
767 2065 955 2151 trilorllmiter
977 2071 1169 2133 mutabilitate
1191 2072 1406 2152 conprehensa,
1428 2072 1453 2132 si

153 2172 275 2249 quidem
296 2178 393 2250 potest
415 2169 613 2249 conprehendi
636 2171 714 2248 qnod
737 2187 896 2246 numquam
919 2177 992 2243 stat,
1022 2172 1064 2233 vel
1092 2172 1217 2252 spatium
1248 2172 1352 2233 aetatis
1374 2170 1456 2233 volu-

154 2270 214 2331 bile
239 2265 354 2352 [qnod]
379 2271 408 2329 in
431 2270 540 2330 eisdem
564 2269 803 2349 usurpationibus
829 2269 944 2348 patiens
966 2271 1207 2346 declinationem,
1231 2272 1308 2351 quod
1331 2291 1454 2333 numero

154 2372 270 2434 ridetur
292 2370 500 2449 conprehendi.
545 2370 688 2431 hacteuus
708 2370 745 2430 de
768 2376 901 2448 tempore
921 2370 1091 2452 principali;
1113 2391 1193 2434 nunc
1213 2373 1249 2434 de
1272 2373 1454 2453 temporibus

153 2471 311 2533 verborum
334 2471 475 2531 dicemus.

111 2623 138 2660 ω
603 2606 639 2647 tte
660 2607 835 2650 meramors
857 2608 1006 2650 VERBORVM
1059 2649 1064 2657 ,

243 2704 275 2763 ln
298 2705 399 2784 primis
423 2713 537 2784 tempus
559 2724 613 2784 per
631 2725 663 2766 se
683 2705 796 2766 nullum
813 2707 968 2769 diremtum
988 2714 1034 2767 cst
1054 2708 1187 2780 omnino,
1209 2727 1275 2769 eum
1296 2727 1350 2789 por
1369 2728 1402 2769 so
1424 2708 1453 2768 in

153 2828 187 2868 se
210 2806 375 2866 revolvatur
396 2813 425 2866 et
446 2806 485 2866 sit
506 2815 650 2886 perpetuo
671 2805 794 2869 unitum.
839 2827 939 2869 verum
962 2810 1100 2887 quoniam
1123 2808 1220 2868 dillert
1245 2816 1346 2869 noster
1370 2817 1453 2869 actus

153 2929 211 2970 uec
234 2926 352 2988 semper
373 2906 449 2967 idem
468 2916 513 2966 est
540 2909 609 2983 (aut
630 2908 708 2968 enim
732 2909 855 2971 tacimus
880 2919 930 2971 aut
955 2910 1078 2972 lecimus
1106 2917 1156 2971 aut
1182 2910 1286 2971 tacturi
1317 2911 1453 2984 sumus),

152 3012 211 3072 hac
235 3029 269 3068 ex
292 3027 323 3068 re
346 3008 492 3068 individuo
516 3009 639 3087 tempori
662 3010 831 3090 inponimus
853 3020 953 3091 partes
975 3011 1130 3091 temporis,
1159 3030 1218 3071 non
1244 3017 1359 3090 tempus
1383 3010 1468 3072 ‹tiri-³

109 3133 139 3172 ιι
154 3113 261 3172 dentes
291 3109 342 3169 sed
374 3117 471 3169 aetum
502 3117 636 3169 nostrum
664 3110 811 3174 diversum
842 3112 1050 3195 significantes.
1101 3111 1235 3173 universa
1267 3114 1346 3174 euim
1379 3132 1454 3192 quae

153 3198 295 3291 aguntur’
309 3209 339 3270 in
369 3217 429 3269 tres
458 3209 625 3270 dividuntur
651 3211 811 3289 portiones.
856 3212 970 3272 diverso
990 3210 1079 3289 igitur
1100 3211 1203 3289 agendi
1226 3221 1357 3294 tempore
1380 3222 1454 3275 tem·

154 3330 212 3391 pus
243 3310 340 3388 ipsum
370 3312 452 3388 quasi
482 3311 665 3391 inpertimur.
710 3312 850 3374 trifariam
884 3317 981 3370 umen
1015 3319 1118 3372 cuncta
1148 3312 1293 3390 gerimus,
1328 3313 1454 3392 ideoque

154 3413 210 3475 tn'a
237 3418 368 3490 tempora
390 3430 456 3472 esse
478 3412 617 3485 dicimus,
647 3412 761 3473 instans
787 3411 950 3491 perlectum
977 3411 1124 3487 futurum;
1160 3412 1291 3486 instans,
1322 3413 1400 3490 quod
1424 3422 1454 3474 et

153 3531 315 3595 preessae,
345 3532 411 3573 cum
434 3513 530 3574 adbuc
549 3513 679 3592 agimus,
707 3512 897 3591 praeteritum
915 3512 1093 3591 perlectum,
1123 3530 1190 3573 cum
1209 3511 1267 3573 iam
1285 3513 1452 3587 fecerimus,

114 3638 143 3678 ao
158 3617 307 3688 tutorum,
337 3634 404 3675 cum
430 3622 548 3675 acturos
573 3634 628 3676 nos
651 3612 830 3693 pollicemur.
877 3631 967 3674 uuum
989 3619 1087 3672 emen
1116 3631 1151 3673 er
1176 3611 1239 3685 his,
1263 3613 1452 3693 praeteritum

154 3718 335 3798 perlectum,
362 3715 510 3777 dividuum
533 3724 586 3777 est.
632 3734 667 3775 ex
695 3733 730 3776 eo
756 3714 833 3777 enim
862 3714 1005 3776 scinditur
1031 3713 1220 3792 praeteritum
1248 3715 1452 3795 inperfectum,

153 3822 226 3882 item
261 3817 450 3897 praeteritum
480 3817 809 3897 plusquamperfectum.
859 3814 916 3876 hoc
939 3823 1026 3894 pacto
1055 3816 1109 3876 tn’a
1139 3824 1269 3895 tempora
1295 3815 1451 3895 praeterita

154 3921 291 3981 videntur
315 3937 400 3991 esse,
433 3918 569 3995 quoniam
599 3918 731 3979 omniurn
760 3934 835 3995 quae
867 3917 979 3994 egimus
1011 3915 1115 3995 triplici
1144 3915 1232 3975 modo
1258 3914 1452 3975 differentiam

153 4020 327 4101 reperimus.
374 4018 560 4097 praeteritum
591 4020 668 4080 enim
701 4020 895 4099 inperfectum
928 4024 974 4077 est
1005 4015 1121 4094 quidem
1150 4016 1356 4094 praeteritum,
1392 4032 1452 4075 non

114 4144 140 4184 as
153 4129 254 4182 tamm
277 4121 454 4199 perlectum,
476 4135 543 4178 cum
566 4119 650 4195 quasi
668 4120 846 4199 praeterisse
863 4127 981 4197 tempus
1004 4117 1208 4193 adfirmamus;
1236 4115 1363 4195 alioquin
1386 4133 1453 4223 ooe·

225 4340 358 4392 luesciee
377 4342 402 4390 A
418 4340 508 4389 atticae
527 4340 551 4389 B
570 4340 643 4388 attice
662 4339 696 4389 M
779 4338 939 4389 declarentur
956 4340 1006 4390 AB
1030 4337 1186 4388 declinantur
1205 4337 1239 4386 M
1317 4330 1452 4385 beherete

152 4410 308 4476 cerycas(b
309 4410 391 4489 prices
405 4411 431 4459 B
448 4407 622 4471 chericesM)
675 4408 716 4472 elg
735 4407 871 4473 (ageli)
832 4407 871 4472 B)
889 4407 990 4460 ABM:
1014 4408 1086 4458 Hom.
1105 4406 1138 4457 It.
1159 4403 1251 4456 Aaae
1267 4401 1385 4468 χαίρετε,
1403 4391 1453 4464 κη’-

155 4493 248 4544 ρυκις,
267 4424 338 4534 Aede
356 4467 466 4540 ἄγγελοι
485 4467 535 4541 ride
554 4472 602 4525 καὶ
578 4407 735 4539 moiadpoiv
818 4477 849 4526 12
867 4476 951 4528 efficio
967 4477 1017 4526 AB
1041 4474 1124 4524 officio
1142 4473 1176 4523 M
1251 4472 1283 4522 15
1299 4468 1452 4520 triformium

154 4549 242 4600 ABM
258 4547 402 4601 triformis
489 4546 523 4598 19
542 4547 655 4595 dicemus
670 4546 696 4595 B
716 4545 824 4596 dicimus
843 4546 903 4595 AM
987 4545 1021 4594 22
1039 4551 1161 4608 perpetuo
1179 4541 1231 4591 AB
1251 4545 1403 4606 perpetuum
1423 4538 1455 4587 Μ

224 4617 310 4667 differt
329 4616 355 4664 B
373 4616 474 4665 differet
490 4616 524 4665 M
542 4614 632 4665 dileret
647 4615 672 4663 A
741 4615 774 4664 27
792 4615 944 4681 inpertirnus
961 4613 991 4662 M
1058 4610 1092 4661 32
1109 4619 1182 4676 pecto
1195 4622 1212 4666 ς
1225 4608 1291 4658 lecto
1304 4605 1391 4656 ΑΒΜ

154 4686 188 4738 33
207 4701 257 4750 quo
272 4686 388 4734 omnium
407 4694 471 4747 quae
489 4685 514 4735 B
529 4698 579 4749 quo
598 4684 703 4733 nimium
723 4698 788 4747 quae
807 4683 867 4733 AM
883 4699 932 4747 quo
951 4683 1068 4732 nimirum
1087 4694 1152 4743 quae
1169 4693 1187 4735 ς
1273 4673 1452 4731 differentiae

225 4754 260 4805 34
277 4753 445 4821 inperfectum
465 4764 503 4802 est
522 4754 604 4803 idest
622 4754 785 4819 praeteritum
805 4752 887 4802 ΑΒΜ
905 4749 1080 4817 imperfectum
1097 4748 1123 4797 id
1141 4754 1181 4797 est
1198 4745 1363 4813 praeteritum
1381 4756 1399 4798 ς
