3114 5348
607 326 814 392 PRAEFATIO
897 396 900 403 ,
1292 350 1355 397 rau
1434 283 1436 287 Ι

64 512 93 578 id
112 512 192 578 mihi
213 516 286 579 iure
310 511 428 578 videor
442 511 608 598 postulare
629 536 725 600 posse
748 521 784 576 ut
801 513 880 578 mihi
901 515 1009 600 potius
1026 537 1123 601 quom
1138 515 1187 580 illi
1208 517 1355 582 credant.

64 628 154 703 atque
174 619 292 698 etiam,
315 623 353 680 ut
375 635 503 678 omnem
533 613 769 680 dubitationem
797 614 961 697 tollerem,
988 617 1140 701 quoniam
1167 616 1357 702 ambiguum

63 738 154 803 saepe
176 727 210 781 et
226 719 390 782 incertum
411 719 591 804 scripturae
611 729 716 801 genus
730 715 876 804 proclive
892 737 965 780 esse
985 716 1027 780 ad
1045 739 1186 782 errorem
1198 718 1357 802 intellexi,

62 840 129 882 earn
147 838 260 881 curam
275 814 414 881 adhibui
430 825 468 878 ut
482 836 568 902 quae
584 815 680 881 aliter
697 841 717 881 a
733 841 785 882 me
806 816 955 882 exhibita
977 815 1073 881 aliter
1086 819 1121 880 in
1139 818 1357 883 Lindemanni

61 919 270 984 adnotatione
294 919 419 1004 scripta
440 917 587 982 viderem
608 918 726 982 iterum
749 938 823 980 cum
845 917 957 982 codice
978 918 1169 983 conferrem.

143 1017 317 1083 Diomedis
347 1018 552 1103 grammatici
582 1019 732 1104 quamvis
759 1018 853 1081 multi
883 1017 980 1083 hodie
1004 1027 1118 1083 extent
1150 1017 1226 1082 libri
1258 1041 1357 1083 manu

60 1123 191 1208 scripti,
213 1129 325 1184 tamen
346 1127 439 1183 tanta
459 1127 510 1183 est
530 1139 642 1182 eorum
663 1119 806 1182 omnium
829 1118 1008 1184 similitudo
1029 1128 1066 1183 ut
1093 1103 1187 1205 q'uasi
1217 1142 1274 1205 pro
1292 1142 1357 1185 uno

59 1222 172 1287 codice
194 1220 339 1285 habendi
361 1221 437 1283 sint.
481 1240 556 1282 nam
579 1219 666 1306 quod
686 1220 720 1282 in
739 1219 790 1283 his
810 1219 1015 1307 potissimum
1031 1221 1262 1305 grammaticae
1277 1221 1359 1284 artis

60 1321 275 1409 scriptoribus
300 1342 398 1406 saepe
420 1342 481 1384 usu
502 1320 610 1402 venit,
629 1329 665 1383 ut
681 1341 746 1383 uno
769 1320 919 1406 exemplo
939 1342 982 1384 ex
995 1323 1179 1408 antiquiore
1200 1323 1357 1385 memoria

59 1425 101 1489 ad
121 1424 352 1510 posteritatem
374 1421 450 1485 libri
473 1441 584 1485 eorum
610 1432 889 1506 propagarentur,
917 1422 1002 1486 idem
1028 1421 1181 1486 Diomedi
1211 1424 1357 1509 contigit.

60 1527 154 1590 cuius
176 1525 311 1588 unicum
333 1530 449 1587 octavo
465 1519 595 1585 saeculo
618 1530 788 1607 supererat
805 1522 987 1608 exemplar,
1006 1521 1093 1608 quod
1114 1545 1186 1586 cum
1208 1525 1359 1611 proxima

58 1636 166 1691 aetate
188 1627 321 1712 saepius
342 1624 495 1708 deinceps
517 1620 773 1704 describeretur,
796 1627 899 1689 crevit
926 1621 1057 1708 quidem
1081 1645 1236 1689 numerus
1261 1624 1360 1689 libro·

60 1750 149 1810 rum,
169 1726 229 1791 sed
251 1725 384 1791 duravit
405 1746 465 1810 per
488 1743 601 1787 omnes
622 1723 702 1786 satis
716 1724 900 1788 manifestis
922 1711 1072 1808 vestigiis
1095 1727 1273 1790 communis
1294 1728 1357 1792 ori-

61 1831 148 1915 ginis
170 1827 411 1916 propinquitas.
456 1824 597 1889 existis
623 1822 822 1909 apographis
847 1833 957 1888 autem
984 1826 1047 1887 tria
1071 1848 1158 1890 nunc
1185 1839 1361 1913 supersunt

63 1952 120 1995 nec
141 1933 377 2014 temporeque
400 1929 522 2013 scripta
541 1935 617 1990 sunt
639 1947 698 1989 nec
721 1923 808 2004 loco,
837 1927 972 1990 nisime
999 1925 1085 1989 fallit
1112 1930 1238 2013 species
1261 1951 1359 1993 mem·

64 2032 241 2097 bracarum
269 2038 303 2094 et
328 2028 525 2109 litterarum,
559 2027 656 2111 longe
685 2027 771 2105 inter
806 2048 840 2088 se
868 2025 1014 2110 diversa,
1042 2049 1124 2114 quae
1154 2030 1224 2093 sive
1253 2031 1374 2116 ipsum,
1413 2025 1419 2036 ’

63 2132 207 2219 priscum
239 2129 425 2214 exemplum
454 2127 582 2192 librarii
615 2136 866 2213 expresserunt,
909 2129 980 2192 sive
1009 2128 1094 2193 alius
1128 2130 1218 2195 aliud
1253 2152 1361 2195 exem-

63 2234 152 2320 plum
175 2253 221 2297 ex
244 2230 302 2296 illo
323 2230 522 2317 descriptum
545 2228 686 2294 fideliter
715 2230 889 2315 repetivit,
917 2229 1066 2314 proxime
1095 2230 1136 2294 ab
1163 2230 1219 2295 illo
1244 2230 1361 2296 abesse

65 2333 229 2400 videntur.
271 2341 348 2396 sunt
362 2340 470 2395 autem
491 2352 577 2395 nono
600 2329 730 2394 saeculo
753 2339 910 2411 exeunte,
931 2338 968 2394 ut
983 2329 1129 2413 videtur,
1152 2333 1186 2396 in
1201 2332 1361 2397 membra·

64 2438 115 2500 nis
137 2435 247 2500 forma
269 2431 428 2520 quadrata
450 2433 576 2497 minore
600 2434 732 2517 scripta.
777 2452 887 2494 eorum
908 2429 1064 2495 librorum
1086 2433 1187 2517 igitur
1207 2455 1292 2497 unus
1312 2443 1362 2498 est

66 2536 284 2602 Parisinus
308 2537 392 2598 7494
420 2534 498 2619 (A),
521 2535 576 2620 qui
606 2533 668 2597 luit
690 2532 765 2595 olim
791 2529 922 2594 Claudii
944 2530 1096 2611 Puteani,
1123 2534 1215 2596 cuius
1243 2555 1362 2606 nomen

66 2641 98 2702 in
118 2638 216 2702 initio
231 2634 310 2700 libri
329 2634 530 2720 adscriptum
549 2643 608 2697 est.
653 2634 783 2698 titulum
805 2634 927 2698 codicis
950 2635 1037 2698 idem
1057 2631 1212 2697 librarius
1234 2634 1290 2718 qui
1313 2656 1362 2699 re-

64 2738 154 2826 liqua
179 2736 314 2822 scripsit
336 2737 382 2799 ita
406 2735 441 2800 in
462 2736 575 2824 ,prima
595 2737 718 2822 pagina
738 2736 913 2818 indicavit,
939 2738 1145 2799 MOMEBIS
1165 2737 1366 2799 CORPORIS

65 2843 192 2906 HUIUS
210 2841 350 2913 Arous
373 2836 377 2922 Ι
402 2839 534 2901 PROBI
564 2838 665 2900 OPUS
692 2841 826 2902 CLARE
849 2840 961 2902 FOBE
981 2840 1167 2911 lucroso.
1195 2839 1334 2899 ΡΑΤΕΤ
1356 2836 1362 2920 Ι

64 2947 223 3006 Bumedes
249 2944 288 3003 de
315 2945 448 3003 motione
474 2949 503 3002 et
526 2943 665 3016 parribus
694 2945 845 3003 orationis.
869 2950 897 3002 et
915 2940 920 3022 Ι
940 2943 978 3001 de
1010 2944 1096 3000 uario
1119 2959 1231 3015 carzere
1251 2949 1363 3002 neelro-

64 3065 140 3107 rara.
176 3047 256 3107 labri.
279 3044 343 3104 III.
363 3040 368 3125 Ι
386 3045 478 3105 Probi
505 3046 555 3105 lib’
577 3045 604 3103 I.
633 3041 667 3104 in
688 3040 791 3105 altera
812 3038 958 3105 eiusdem
981 3038 1121 3102 schedae
1142 3040 1264 3124 pagina
1284 3041 1364 3102 inci·

65 3147 159 3232 piunt
185 3142 264 3208 libri
289 3141 478 3240 Diomedis,
511 3145 567 3229 qui
588 3140 717 3205 schedis
738 3141 910 3226 perscripti
934 3149 1008 3203 sunt
1031 3150 1161 3204 centum
1186 3148 1218 3203 et
1242 3140 1363 3223 viginti

66 3245 192 3312 duabus
224 3246 288 3323 ita,
320 3247 419 3308 INCP
445 3246 653 3308 PROLOGOS
683 3244 899 3305 DIOMEDI&
944 3247 1100 3306 Diomedes
1133 3248 1291 3305 athanasio
1321 3278 1365 3288 -

64 3360 302 3412 maeatarum.
353 3344 404 3408 his
426 3345 461 3409 in
489 3345 637 3431 sequenti
667 3341 788 3407 scheda
821 3342 940 3426 viginti
973 3365 1089 3408 versus
1121 3343 1261 3407 subiecti
1289 3351 1366 3406 sunt

66 3448 245 3515 maioribus
268 3447 388 3513 litteris
412 3448 558 3529 exarati,

172 3595 178 3604 '
278 3586 350 3644 dum
371 3587 631 3645 mendacemiam
653 3585 811 3643 redeuntes
831 3585 938 3656 septies
952 3599 1047 3642 annos

275 3693 305 3748 et
325 3686 422 3747 demes
438 3685 521 3758 sorte
538 3686 619 3758 felia
633 3687 808 3760 expleverat
828 3693 907 3756 octo,

274 3805 317 3848 ee
336 3803 393 3862 quo
411 3787 544 3846 Ckrr‘stus
565 3788 651 3848 Iesus
671 3790 752 3846 secla
772 3787 912 3845 bearrerat
933 3791 1014 3862 ortu,

278 3888 465 3963 bissenosque
487 3906 582 3949 annos
602 3890 792 3948 Francorum
812 3883 970 3966 sceprre*)
994 3893 1115 3958 terreres,

277 3990 357 4049 hune
378 3989 444 4062 tibi,
467 4007 540 4051 cere
563 3991 618 4050 deo
641 3990 747 4049 Cerole
767 4005 841 4061 ree,
863 3991 1028 4063 serrpserat
1047 3988 1145 4046 Adam

277 4107 382 4166 nempe
404 4097 471 4150 tuus
486 4090 623 4162 sommus
640 4091 749 4150 librum
770 4090 889 4150 devotus
910 4093 941 4150 r'n
956 4091 1029 4149 urbe

285 4193 464 4269 Wormatia,
488 4192 599 4251 soboles
617 4191 816 4267 Haynburch‘,
837 4190 953 4251 Assaria
969 4191 1051 4263 felix

277 4302 323 4355 est
340 4294 469 4367 propria
487 4293 625 4365 secanda
646 4294 719 4353 bono
737 4294 788 4354 ear·
804 4295 909 4367 patria
932 4286 1131 4360 Baccho**);

279 4400 406 4466 tuncque
424 4391 487 4466 fait
507 4395 639 4455 scribens
657 4410 804 4454 aramum
822 4404 903 4455 certe
920 4395 1059 4467 eripiam,

278 4511 336 4570 quo
352 4496 472 4569 arrepsit
492 4498 626 4555 servulus
647 4511 736 4554 cano.
758 4504 802 4566 ta,
823 4511 881 4554 ree
896 4496 948 4568 pie
967 4492 1072 4561 Certe,
1194 4554 1200 4559 ‚

275 4596 325 4657 r'llr'
344 4591 590 4666 coerwbium***)
612 4595 819 4655 Mnsunor'lare
839 4595 958 4655 dedisti.

279 4697 336 4757 hoc
356 4694 410 4755 ribr'
429 4713 524 4771 repra
546 4696 597 4754 dei
615 4699 730 4756 solvont
747 4697 883 4756 mercede
897 4694 1036 4770 perenni.

134 4885 163 4952 2)
178 4892 289 4950 arrepta
307 4882 365 4933 eod.
437 4881 482 4946 **)
500 4882 579 4935 ὸασΙιο
596 4883 654 4937 cod.
726 4874 789 4942 m)
808 4878 864 4928 r'lr'co
880 4873 991 4926 eoum
1008 4873 1066 4924 cod.
