3114 5356
132 266 196 327 nc
394 357 397 361 Δ
688 263 872 328 nrouums

184 378 346 436 pmcn

134 452 240 514 redeo’
262 452 316 512 ‘de
334 450 439 513 litteris
461 448 598 511 dubito':
636 451 743 512 ceteris
759 450 884 531 pedibus
905 451 1078 532 antepositis
1097 453 1129 514 in
1150 453 1306 532 rythmum
1322 453 1435 517 labitur.

133 552 358 634 amphibrachys
388 543 504 629 quoque
533 557 612 611 reete
635 552 756 630 ponitur
776 553 805 615 in
828 555 958 617 clausula
985 553 1118 634 spondeo
1145 554 1211 615 lere
1231 556 1435 630 anucedmte,

134 653 239 715 ‘ludos
259 653 382 714 habete'
406 653 504 713 ‘recte
525 650 670 725 locutus',
690 659 719 713 ct
739 655 896 731 trochaeo,
915 655 1041 717 ‘iustam
1061 654 1223 733 querellam
1232 657 1254 715 '.
1299 654 1435 717 hinecst

134 754 204 817 illud
231 753 411 827 Tullianum,
447 743 739 832 ‘et'pristinum
774 774 912 818 morem
949 753 1180 819 iudiciorum
1212 756 1434 837 requirunt'

134 866 164 918 et
196 854 395 917 ‘neminem
425 854 730 934 praeponendum
767 856 855 917 mihi
886 874 975 918 esse
1003 864 1169 919 actorem
1200 855 1377 938 putabit’
1407 864 1453 918 ets

134 959 190 1021 ‘in
217 956 370 1021 exilium
402 953 586 1017 eiciebam
615 972 718 1033 quem
748 946 964 1039 ingressum
988 958 1061 1021 iam
1086 959 1123 1022 in
1151 958 1434 1023 bellumvide-

135 1061 234 1123 bam'
269 1067 299 1121 et
334 1059 484 1118 ‘eontra
521 1056 716 1133 Caesarem
750 1066 810 1119 est
842 1077 1075 1137 congressus
1108 1064 1306 1123 armatus’.
1351 1060 1433 1121 eham

135 1167 311 1242 anapaestus
332 1156 471 1220 clausulis
495 1158 646 1234 eortvenit,
668 1161 720 1221 sed
743 1159 839 1223 mollis
860 1169 891 1222 et
911 1161 1007 1224 fluens
1029 1170 1117 1240 atque
1137 1163 1168 1224 ln
1190 1161 1302 1243 rythmi
1317 1160 1432 1223 mudum

135 1264 286 1344 prolluens
305 1259 444 1322 trochaeo
466 1259 647 1337 anteposito,
666 1260 734 1322 ‘ubi
756 1261 810 1322 erit
829 1261 944 1342 imperii
966 1281 1074 1326 nomen
1096 1257 1148 1347 [et]
1170 1262 1331 1342 dignitas’.
1375 1279 1433 1323 οοο·

135 1364 212 1425 ticus
234 1380 302 1424 eum
323 1360 411 1440 paulo
433 1360 583 1422 fortiorem
602 1352 686 1436 lacit,
710 1370 743 1423 ut
770 1362 902 1425 ‘nobiles
922 1364 1085 1426 homines'.
1129 1361 1275 1426 bacchius
1297 1360 1431 1426 clamidis
1442 1378 1462 1418 u

137 1463 232 1544 aptior
257 1462 389 1543 spondeo
416 1461 622 1536 antecedente,
659 1461 783 1526 ‘causas
810 1463 957 1543 agebas’:
991 1464 1097 1526 ceteris
1129 1463 1259 1544 pedibus
1288 1483 1350 1527 nou
1377 1463 1432 1525 lere

135 1564 281 1626 'convenit
325 1562 555 1641 palimbacchius
581 1561 700 1623 stabiles
724 1562 870 1627 clausulas
894 1565 1005 1639 reddit,
1035 1573 1068 1627 ut
1089 1566 1192 1627 Cicero
1223 1563 1256 1626 in
1285 1563 1431 1627 Catilinam

138 1666 190 1727 ‘si
219 1664 336 1726 istius
363 1665 524 1726 furorem
553 1682 594 1724 ac
622 1662 695 1723 tela
725 1663 914 1741 vitumus',
937 1675 967 1727 et
991 1666 1153 1728 ‘nullum
1174 1666 1210 1726 id
1233 1686 1373 1729 rursus
1392 1665 1431 1725 li·

137 1766 264 1828 berum
286 1766 528 1846 inpunitum'L
566 1766 701 1841 creticus,
723 1774 757 1826 ut
775 1767 893 1829 ‘uicisse
916 1768 1113 1847 quamlquam]
1135 1766 1297 1846 plurimos’
1320 1770 1427 1848 ‘repos-

138 1871 233 1931 cimus
255 1868 405 1942 deditos';
428 1876 457 1928 et
478 1867 635 1941 molossus,
661 1871 746 1928 ‘rure
769 1869 913 1931 nutritos'
934 1870 1018 1930 ‘esse
1038 1870 1183 1930 sanatos'.
1217 1868 1279 1931 iam
1300 1868 1377 1930 enim
1397 1867 1456 1926 den

137 1970 262 2052 pedibus
284 1970 333 2048 qui
353 1969 552 2050 praeponendi
574 1977 641 2031 sunt
668 1969 785 2048 parcius
811 1969 972 2048 loquemur.
1017 1978 1047 2030 et
1068 1964 1297 2047 amphibrachys
1314 1968 1428 2049 primus

136 2072 250 2133 ‘aedem
269 2071 384 2133 reiecit'
406 2075 538 2132 ‘causam
561 2071 719 2152 probavit’,
748 2080 776 2132 et
803 2091 857 2152 pro
881 2071 988 2134 blilonc
1012 2069 1298 2147 ‘clamoresque
1317 2068 1428 2131 maxi-

138 2191 215 2235 mos
237 2192 325 2253 prae
347 2181 473 2234 vestra
496 2173 619 2234 salute
642 2172 840 2252 neglexit'.
885 2172 959 2234 haec
980 2172 1017 2233 de
1038 2169 1204 2250 trisyllabis.

224 2275 360 2336 Ceterum
389 2284 527 2353 quattuor
553 2272 729 2352 syllabarum
757 2292 817 2334 non
844 2272 945 2354 mulllti
972 2274 1009 2335 ad
1031 2271 1179 2333 clausulas
1201 2269 1264 2348 apti
1284 2277 1370 2344 sunt,
1401 2286 1428 2328 ex

138 2374 246 2453 quibus
262 2394 355 2454 pauca
369 2378 539 2438 reseremus.
569 2375 722 2437 ‘videatur'
734 2373 899 2435 ‘inbuatur’
916 2383 946 2435 et
957 2374 1061 2435 similia
1075 2372 1181 2454 pedem
1196 2369 1310 2432 habeut
1326 2386 1429 2451 pacona
1439 2386 1458 2423 n

48 2524 57 2537 Ι
139 2477 257 2539 tertium
278 2496 313 2538 ex
336 2478 449 2539 duabus
468 2475 605 2538 breuibus
620 2482 649 2535 et
664 2475 750 2554 longa
770 2483 800 2537 et
818 2476 899 2537 brevi
914 2483 1080 2556 temporum
1095 2475 1241 2554 quinque,
1265 2481 1430 2551 antequem

137 2577 235 2640 breuis
250 2579 311 2640 lere
326 2579 436 2657 syllaba
452 2577 633 2639 conlocanda
648 2585 709 2652 est,
732 2586 765 2639 ut
785 2581 864 2639 ‘csse
878 2577 1020 2639 rideatur*
1040 2579 1149 2639 ‘lacere
1171 2573 1318 2639 uideatur’
1342 2573 1429 2635 ‘torm

139 2679 304 2740 habeatur’.
344 2679 386 2739 sic
409 2678 521 2741 Tullius
544 2698 598 2760 pro
614 2679 747 2741 Cluentio
771 2683 968 2758 ‘quantum
990 2674 1244 2741 dillicultatis
1267 2683 1303 2736 ct
1323 2678 1430 2753 quan·

139 2788 213 2842 tum
235 2779 377 2841 laboris
400 2779 448 2839 sit
477 2779 683 2853 habitura',
704 2789 733 2841 et
758 2780 788 2842 in
812 2780 964 2842 Catilinam
985 2781 1081 2843 ‘cum
1110 2774 1282 2841 omnibus
1309 2774 1429 2855 petius

141 2896 245 2957 quam
273 2878 344 2937 soli
371 2878 497 2956 perire
525 2881 753 2942 voluerunt’.
800 2883 940 2944 struimus
964 2890 993 2943 et
1014 2882 1198 2955 ditrochaeo,
1230 2877 1457 2938 ‘eicere-nne

140 2980 274 3040 lueruut'
299 2985 406 3041 ‘ausus
428 2990 472 3040 cst
491 2983 640 3042 eonfiteri’
664 2984 804 3044 ‘trintina
821 2984 1015 3056 detuleruut'‚
1038 2992 1066 3043 et
1080 3001 1192 3063 paeone
1210 2981 1312 3051 tertio,
1337 2979 1428 3036 ‘erer-

140 3081 229 3142 citum
265 3086 480 3161 conpararuut'
512 3063 664 3144 ‘nuutiurn
698 3084 906 3164 pertulerunt'.
950 3085 1017 3145 inde
1053 3093 1097 3146 est
1128 3102 1181 3162 pro
1208 3077 1325 3155 Ligario
1358 3078 1428 3135 ‘aut

140 3181 276 3244 leuium
306 3184 528 3247 Graecorum
559 3193 619 3246 aut
653 3187 857 3248 inmanium
890 3185 1160 3253 b'arbarorum',
1193 3188 1221 3240 et
1251 3197 1306 3257 pro
1330 3177 1427 3237 blilone

140 3289 225 3363 ‘pro
255 3285 377 3346 salute
407 3288 586 3348 bonorum
617 3297 745 3350 centra
767 3288 962 3349 amentiam
986 3283 1248 3367 perditorurn’.
1295 3279 1427 3357 illeque

139 3404 196 3465 que
218 3408 271 3467 pes
293 3406 379 3466 quem
402 3388 594 3467 antispastum
613 3400 718 3450 roeaut
740 3408 774 3450 ex
796 3389 876 3450 brevi
903 3397 932 3449 et
955 3388 1048 3467 longis
1071 3384 1182 3446 duabus
1205 3389 1234 3441 et
1257 3380 1339 3442 brevi
1360 3381 1456 3441 beree·

140 3489 169 3550 in
194 3489 322 3552 clausula
347 3491 482 3570 ponitur,
506 3498 538 3549 ut
559 3491 618 3551 ‘uir
640 3491 769 3570 optimus
792 3491 957 3551 rideretur'
980 3499 1009 3550 et
1031 3494 1111 3548 ‘sua
1138 3493 1245 3544 manu
1268 3497 1427 3543 sororem

139 3591 382 3652 interiectam
413 3610 497 3651 esse
528 3592 745 3653 lateretur’.
793 3592 887 3653 simile
905 3600 950 3652 est
971 3585 1165 3649 ‘Hortensius
1184 3585 1362 3664 perorarit'.
1404 3589 1428 3640 et

139 3689 187 3750 ille
208 3711 262 3770 pes
283 3693 333 3769 qui
357 3701 477 3753 rucatur
496 3693 608 3754 ionicus
632 3694 725 3754 maior
748 3693 834 3755 struit
856 3693 1015 3754 clausrdarn
1036 3693 1208 3764 constatque
1228 3686 1349 3765 syllabis
1373 3686 1429 3745 lou·

140 3793 185 3871 gis
208 3793 321 3854 duabus
344 3801 373 3855 et
390 3793 527 3854 brevibus
545 3793 675 3866 (lucibus,
701 3798 819 3856 ‘curam
841 3790 1122 3866 sollicitudinemque
1145 3787 1314 3866 depouite’.
1360 3784 1429 3847 trndc

171 3911 177 3921 .
209 3933 396 3999 lTrrllinrrrrrrr]
414 3952 463 3998 pro
482 3935 539 3985 Mil.
562 3933 619 3995 1,1
709 3944 733 3984 et
751 3954 796 3988 σοι.
817 3934 849 3983 Μ
932 3927 1103 3991 binominem]
1127 3930 1177 3978 Cic.
1200 3929 1278 3978 divin.
1298 3930 1324 3977 in
1344 3927 1430 3977 Caeni.

142 4004 196 4057 l,l
271 4006 366 4066 putauit
385 4003 469 4053 ΑΒΜ
486 4005 574 4069 putaui
593 4005 728 4054 Caesonine
804 4001 877 4066 liin]
895 4001 946 4049 Cle.
965 4001 1078 4050 inCntil.
1101 4000 1121 4046 ll
1140 3998 1165 4057 ll,
1187 3999 1219 4047 14
1304 3989 1429 4054 iconem}

142 4076 193 4123 t'ie.
208 4089 259 4135 pru
275 4075 333 4137 [λθ.
354 4073 414 4132 3‚o
483 4074 543 4123 liet
561 4075 643 4122 llueus
660 4089 677 4127 ς
695 4084 718 4123 et
738 4090 813 4124 ruens
833 4070 917 4120 ΑΒΜ
985 4067 1131 4132 rhythmis·
1150 4065 1354 4115 ritlunisABl!
1418 4064 1432 4111 il

140 4143 174 4191 ibi
192 4154 244 4190 erat
262 4143 360 4207 imperii
379 4143 564 4208 reameturigidi
584 4143 719 4193 Caesarina·
806 4142 836 4191 12
861 4141 885 4188 in
906 4133 1055 4200 Catilinam]
1082 4138 1092 4184 l
1113 4136 1176 4196 l,‘2
1273 4135 1305 4185 13
1332 4136 1433 4184 liberum

140 4224 220 4266 ones
244 4211 337 4259 liberus
355 4211 379 4259 A
469 4212 501 4261 11
526 4212 667 4277 inpunitum
687 4212 747 4261 ΑΜ
767 4211 882 4276 punitum
904 4208 930 4256 B
1017 4205 1107 4255 cretico
1127 4205 1224 4264 ΑΒΜ,
1249 4206 1320 4268 qnod
1337 4203 1435 4267 defendi

137 4283 337 4344 paternellum
354 4283 475 4347 precedam
493 4282 647 4332 anetensem
666 4283 753 4345 peribus
771 4282 893 4329 transitus
914 4280 989 4339 fieret
1005 4278 1040 4326 rad
1058 4278 1174 4325 crelirmn
1192 4278 1217 4324 in
1236 4277 1353 4323 clausula
1367 4274 1434 4337 posi·

140 4359 198 4407 trem,
217 4352 288 4399 erneis
307 4355 422 4413 enerrrplu
440 4352 600 4401 antecedente
617 4354 673 4414 ipsu
691 4352 784 4400 (relico
802 4351 893 4398 relicta
910 4355 966 4397 aunt
1043 4345 1074 4394 15
1092 4345 1206 4393 molosus
1224 4344 1250 4392 B
1275 4343 1389 4393 molosso
1409 4338 1436 4389 Ji

142 4419 246 4469 mollosu
264 4419 288 4466 A
378 4418 409 4468 lb
428 4419 601 4484 praeponendi
616 4421 665 4467 siut
683 4419 707 4466 A
730 4417 916 4484 praeponendis
936 4415 968 4463 Μ
1055 4413 1085 4462 17
1110 4412 1265 4463 relucent!
1289 4411 1437 4460 leeinrusll

210 4488 315 4552 ynubnni
333 4487 418 4537 ΑΒΜ
503 4503 549 4552 pro
568 4486 673 4552 bliloue]
693 4489 758 4546 ‘2‚3
848 4486 879 4536 18
904 4500 949 4550 pro
969 4496 1090 4538 nostras
1177 4481 1282 4546 neglexi
1299 4482 1359 4531 ΑΜ
1382 4496 1437 4529 rreu-

141 4555 190 4605 lexl
209 4558 235 4606 B
305 4558 335 4606 et
355 4566 504 4620 antequrnn
523 4557 607 4607 ΑΒΜ
680 4556 713 4607 23
732 4572 778 4621 pro
796 4554 920 4617 Clarentiol
941 4553 999 4613 l,2
1073 4553 1107 4601 21
1123 4552 1153 4600 sit
1174 4550 1292 4599 habitura
1309 4551 1439 4605 lnburiss'

210 4627 233 4673 iu
254 4624 393 4690 Catilinam]
416 4628 460 4675 llll
480 4626 505 4681 7.
526 4626 557 4676 11
633 4626 666 4676 ¹25
685 4625 778 4691 perire]
798 4627 849 4690 pedi
869 4639 885 4679 ς
968 4624 1001 4672 at
1020 4622 1078 4670 inde
1098 4631 1135 4670 cst
1153 4621 1176 4668 Α
1196 4630 1234 4668 est
1253 4618 1286 4667 M
1302 4631 1326 4668 et
1347 4621 1373 4670 B

141 4706 188 4755 pre
207 4693 318 4758 ligario]
338 4697 363 4750 l.
385 4695 413 4744 11
487 4694 520 4743 28
535 4710 580 4759 pro
600 4694 700 4757 bliloue]
719 4696 743 4755 5,
764 4696 796 4745 12
866 4694 897 4742 {tl
918 4690 976 4758 stru]
999 4692 1051 4741 Cic.
1065 4691 1116 4754 pne
1135 4689 1192 4739 Mil.
1211 4689 1270 4749 3,'l
1344 4689 1379 4739 3⁴
1399 4689 1442 4739 dc·

141 4760 227 4823 ponite
245 4775 261 4816 ς
279 4763 364 4825 ponite
383 4763 468 4812 ΑΒΜ
