3114 5356
208 277 267 340 160
309 324 313 331 .
718 345 721 349 ,
763 274 926 339 culnlsss

273 421 280 435 .
296 393 333 435 na
348 390 373 433 r.
1326 390 1362 439 aa.
1374 392 1405 436 aa

257 405 360 526 offis
382 460 421 523 ita
443 461 553 542 placuit
575 461 611 523 de
631 462 851 543 pronominibus
873 463 1026 525 disserere.
1070 464 1243 544 pronomina
1270 404 1339 526 saint
1366 392 1444 544 quale
1466 475 1498 528 et

205 569 302 650 ipsum
326 573 355 626 et
375 563 453 644 quod
474 562 537 626 eius
559 573 604 626 cst
621 563 802 643 singulariter
821 564 958 627 indicant
993 560 1061 627 sunt
1079 585 1156 645 quac
1177 585 1194 628 e
1214 566 1362 630 corbario
1384 577 1499 631 utrum·

207 688 264 749 que
285 666 436 749 pluraliter
461 675 491 727 et
511 665 591 745 ipsos
620 674 644 727 et
671 666 748 745 quod
770 686 871 729 eorum
899 678 945 730 est
966 668 1144 748 significant,
1173 687 1248 749 quae
1271 669 1412 750 exemplis
1435 689 1499 732 ma·

207 771 358 834 niiestiora
388 777 484 831 erunt
527 777 677 849 utrumque
704 770 792 850 igitur
816 769 1017 849 singularior,
1044 780 1073 832 el
1094 771 1173 849 quod
1194 778 1240 833 est
1261 781 1291 832 et
1309 771 1395 832 cuius
1418 772 1497 850 quod

208 883 270 951 cst,
293 875 323 935 in
344 872 391 934 lais
409 869 599 950 intellegitur,
614 881 803 963 mensqtuus,
826 892 891 934 mea
913 879 978 946 tua,
1001 892 1099 936 meum
1119 882 1222 948 tuum3
1252 882 1409 952 utrumque
1430 874 1524 955 plu-s

208 976 322 1052 raliter,
355 983 473 1037 nostrus
501 982 622 1049 vestros,
658 981 773 1037 nostras
800 982 922 1038 vestras.
967 994 1034 1037 nam
1057 977 1135 1039 velut
1160 977 1191 1036 in
1219 976 1283 1038 istis
1311 977 1384 1058 ipsis
1411 979 1498 1041 cuius

209 1080 287 1160 quod
309 1086 356 1140 est
374 1094 464 1139 unum
486 1075 675 1155 significatum
702 1096 736 1138 ea
757 1086 854 1141 autem
876 1095 952 1156 quae
974 1079 1104 1141 subiecta
1127 1087 1196 1141 sunt
1216 1078 1383 1160 pluraliter,
1413 1099 1498 1142 meos

210 1191 292 1255 tuos,
321 1197 452 1242 meomm
473 1187 596 1240 tuorum.
637 1179 742 1241 borum
764 1180 974 1243 animadversio
999 1202 1015 1243 a
1039 1182 1156 1244 Graecis
1178 1189 1278 1244 notata
1299 1190 1353 1243 est
1399 1201 1498 1261 neque

210 1284 288 1346 enirn
312 1301 380 1343 cnm
406 1282 453 1344 his
478 1280 548 1344 solis
570 1281 727 1343 eommunis
749 1289 795 1344 cst
816 1282 901 1345 nobis
928 1283 1054 1362 loquella
1077 1283 1129 1345 sed
1156 1284 1242 1345 etiam
1265 1303 1332 1346 cum
1360 1283 1498 1364 plurimis

208 1386 386 1448 nationibus.
430 1385 598 1465 pronomina
613 1383 769 1462 quaedam,
794 1383 870 1446 sieut
889 1387 1006 1448 nomina
1029 1395 1058 1448 et
1079 1383 1245 1466 participia,
1266 1387 1436 1448 referuntur
1457 1385 1496 1446 ad
1513 1405 1535 1447 n

209 1488 332 1569 aliquid,
355 1495 388 1551 ut
408 1505 492 1549 meus
514 1495 578 1549 tuus
597 1495 694 1549 noster
713 1485 792 1547 illius
813 1485 937 1549 illorum.
981 1508 1048 1551 nam
1071 1488 1150 1550 etin
1170 1488 1218 1550 bis
1240 1489 1320 1550 utin
1342 1486 1401 1550 illis
1424 1488 1495 1550 bina

209 1589 413 1669 intellegimus.

294 1694 501 1756 Pronominum
519 1692 573 1754 alia
590 1701 654 1754 sunt
669 1691 827 1771 simplicia,
849 1691 905 1754 alia
922 1695 1098 1774 composita,
1119 1702 1150 1756 ut
1163 1695 1252 1768 baec,
1275 1695 1376 1773 ecquis
1392 1713 1497 1774 quem

210 1816 278 1860 nam
303 1805 418 1878 meapte
447 1804 551 1880 suapte
577 1794 714 1875 quispiam
747 1795 897 1875 quippiam
922 1797 1067 1877 quoipiam
1094 1798 1223 1859 haecine.
1274 1798 1362 1859 ctiam
1392 1818 1496 1862 eurum

210 1901 393 1980 quorundam
421 1897 519 1979 dispar
547 1915 567 1958 a
594 1896 832 1977 praecedentibus
853 1905 956 1960 natura
979 1908 1040 1975 est,
1063 1908 1094 1961 ut
1115 1907 1176 1961 tute
1196 1908 1286 1961 temet
1309 1909 1404 1962 semet
1424 1921 1496 1964 nos·
1511 1919 1535 1960 ra

210 2013 278 2066 met.
323 2020 390 2064 nam
421 2001 468 2063 his
498 2020 556 2063 non
587 2018 651 2081 pars
683 1999 823 2061 orationis
852 2001 903 2062 sed
931 2002 1173 2065 adiectamentum
1198 2001 1342 2083 quoddam
1370 2003 1494 2064 accedit.

210 2125 266 2186 qua
296 2125 331 2167 er
361 2124 450 2168 causa
478 2120 629 2182 numquam
658 2103 714 2165 luae
746 2121 833 2164 voces
864 2104 911 2166 bis
943 2103 1165 2184 pronominibus
1195 2102 1325 2185 separari
1358 2114 1495 2184 possunt,

210 2216 261 2269 aut
285 2207 310 2268 si
335 2214 524 2287 separantur,
557 2223 697 2284 nusquam
724 2205 811 2267 utiles
838 2224 904 2267 esse
931 2214 1070 2286 possunt,
1104 2208 1179 2272 sicud
1203 2207 1437 2288 praepositiones
1466 2215 1497 2269 et

209 2309 430 2370 coniunctiones
459 2317 624 2387 ceteraeque
646 2306 732 2384 lexis;
765 2307 888 2387 ideoque
906 2325 979 2368 nova
1004 2307 1142 2370 vocabula
1165 2309 1281 2388 quidem
1301 2310 1420 2390 pmpria
1443 2311 1497 2371 lra-

209 2408 281 2471 bcnt
298 2430 400 2475 omnes
423 2419 520 2492 partes
542 2409 690 2486 orationis;
718 2429 773 2472 nec
799 2409 880 2490 ipsae
901 2408 968 2471 ullis
990 2428 1076 2489 quam
1097 2411 1317 2490 pronominibus
1340 2412 1495 2474 accedunt.
1509 2434 1537 2477 aa

209 2530 265 2574 nec
289 2515 366 2578 enim
391 2513 562 2593 significatio
592 2531 686 2573 aarum
714 2512 841 2592 legitima
868 2512 961 2591 magis
988 2530 1074 2591 qrram
1102 2512 1258 2593 sanholica
1290 2523 1344 2576 est
1364 2511 1370 2600 Ι
1389 2515 1419 2575 in
1448 2515 1497 2577 lais

209 2613 281 2678 illud
302 2634 418 2696 quoquc
440 2614 647 2677 observandum
664 2623 710 2677 est
731 2616 809 2694 quod
827 2616 883 2676 ista
903 2614 1000 2676 omnia
1022 2633 1096 2694 quae
1114 2615 1198 2695 quasi
1218 2615 1429 2678 adluctamenta
1451 2617 1496 2678 di·

210 2719 305 2780 ximus
333 2725 392 2778 tam
419 2717 558 2795 singulari
584 2735 702 2779 numero
731 2734 819 2794 quarn
843 2716 947 2797 plurali
962 2719 1124 2801 accedunt„
1171 2737 1263 2781 unum
1291 2727 1388 2780 antem
1410 2719 1496 2781 adest

190 2837 299 2899 ‚quam
327 2838 444 2900 semper
467 2817 617 2897 singulare.
660 2839 719 2880 nun
749 2819 827 2880 enim
856 2825 888 2880 ut
914 2819 1065 2898 quisquam
1094 2839 1285 2899 quemquam,
1319 2823 1362 2884 sic
1392 2823 1496 2902 utique

211 2921 349 2999 quiquam
369 2937 532 2998 quosquam
553 2920 679 2984 dicimus.
1508 2953 1539 2996 ῃ

294 3023 469 3085 Pronomina
491 3044 508 3085 a
529 3024 690 3086 nominibus
718 3030 748 3084 et
775 3021 934 3103 participiis
960 3022 998 3083 ita
1015 3024 1234 3103 discernimus,
1265 3027 1289 3088 si
1320 3028 1399 3088 omni
1426 3046 1498 3108 per-

211 3125 388 3187 cunctationi
420 3127 638 3206 responsionem
667 3144 750 3188 suam
784 3126 992 3189 enlrilacbimus.
1043 3148 1110 3190 narn
1140 3122 1196 3190 lioc
1228 3130 1310 3210 quasi
1343 3130 1496 3211 proprium

212 3272 329 3281 ---.-

212 3334 245 3384 14
279 3333 305 3382 N
321 3341 339 3382 ll
352 3341 403 3391 m
437 3335 566 3401 quippiam

212 3447 543 3456 ——-—-·-—————-——-

184 3577 187 3584 ,
278 3527 294 3575 2
319 3535 342 3574 et
361 3526 433 3574 cuius
452 3523 520 3587 quod
535 3532 573 3574 est
591 3524 628 3576 N:
658 3533 682 3574 et
704 3525 776 3574 cuius
800 3523 921 3587 quidest
944 3523 1047 3575 wuiecit
1067 3522 1249 3573 Lindemaaaaa
1338 3527 1498 3576 econtrario

210 3596 314 3646 coniecit
330 3596 515 3646 Lindemuoous
532 3604 557 3643 et
574 3594 738 3647 cannarioN
825 3593 857 3645 13
877 3592 973 3657 ecquis}
993 3593 1075 3656 etquis
1091 3593 1117 3642 N
1201 3595 1233 3645 14
1251 3592 1357 3643 haecine
1375 3601 1400 3642 et
1419 3595 1496 3644 etiam

278 3674 293 3701 n

211 3719 356 3778 eorumdem
374 3716 532 3780 quorundam
551 3715 583 3768 N.
619 3715 804 3766 Comminianus
822 3714 970 3778 dicitquod
988 3715 1036 3763 ista
1055 3722 1113 3764 suut
1131 3713 1304 3764 additamento
1322 3722 1346 3764 et
1368 3729 1418 3765 nou
1436 3732 1497 3782 par·

211 3794 249 3836 tes
263 3789 398 3847 orationis,
422 3788 457 3836 ito
480 3785 582 3846 diceus,
605 3785 781 3837 Pronominum
801 3786 959 3849 quorundam
976 3785 1064 3849 dispar
1081 3798 1096 3832 a
1113 3785 1323 3848 praecedentibus
1341 3793 1429 3835 uutarra
1448 3796 1496 3845 est,

212 3866 239 3906 ut
256 3864 308 3906 tute
326 3865 402 3908 temet
419 3863 507 3907 semet.
542 3870 600 3904 nam
616 3855 656 3904 his
670 3870 719 3904 non
737 3872 796 3922 pars
813 3856 937 3906 orationis
954 3854 1000 3904 sed
1019 3853 1217 3904 additamentum
1241 3856 1354 3921 iungitur
1372 3865 1498 3920 eaecerpta

210 3927 362 3977 Berneura'o.
398 3926 430 3975 Et
452 3933 510 3977 sunt
530 3925 579 3974 alia
602 3925 773 3975 additamenta
793 3941 858 3989 quae
880 3925 1072 3990 pronominibus
1093 3931 1120 3972 ut
1144 3925 1289 3975 nominibus
1308 3927 1497 3992 interrogativis

211 3999 361 4062 iunguntur,
380 4003 407 4045 ut
423 3997 481 4046 dam
500 4010 573 4058 quam
590 3997 659 4062 piam
678 3995 752 4056 libet,
775 4004 801 4044 ut
825 3997 959 4059 qnisquam
978 3994 1081 4058 quidam
1105 3993 1225 4056 quislibet
1246 3996 1373 4062 quispiam
1397 3995 1498 4046 hiccine

209 4065 331 4117 haeccine
347 4066 463 4119 hoccine.
500 4066 545 4115 sed
564 4066 590 4114 in
606 4065 647 4115 bis
664 4079 714 4114 aron
730 4080 790 4129 pars
813 4066 934 4114 orationis
953 4063 1100 4113 (lemiciano
1123 4070 1247 4124 testante,
1268 4066 1314 4116 sed
1338 4067 1498 4117 additamen-

210 4142 262 4185 tum
281 4136 408 4200 quoddam
428 4136 528 4185 accidit.
563 4135 585 4184 si
608 4136 674 4185 euim
697 4134 761 4185 baec
781 4135 952 4185 additamenta
973 4134 1004 4183 ab
1026 4132 1067 4182 bis
1091 4135 1283 4197 pronominibus
1310 4146 1498 4201 separarentur,

212 4206 247 4255 nil
263 4207 407 4273 significare
423 4221 499 4272 posse
518 4219 563 4269 per
578 4220 613 4257 se.
631 4212 655 4254 et
673 4204 722 4254 hoc
739 4204 870 4254 sciendum
888 4212 926 4253 eat
944 4204 1012 4267 quod
1029 4203 1079 4253 alia
1094 4203 1126 4252 de
1145 4205 1202 4255 istis
1219 4206 1398 4256 additamentis
1416 4208 1498 4256 cunni-

212 4275 259 4325 bus
276 4279 414 4341 iunguntur
429 4275 530 4324 casibus
546 4275 681 4340 singularis
699 4283 723 4325 et
746 4274 851 4340 pluralis
874 4274 985 4331 numeri,
1013 4282 1041 4322 nt
1061 4273 1178 4336 quisdam
1201 4276 1354 4338 quibusdam
1377 4276 1499 4338 quislibet

212 4346 376 4407 quibuslibet.
412 4360 488 4409 quam
512 4358 571 4393 vero
595 4357 742 4409 non-saepe
763 4344 908 4395 invenimus
933 4342 1026 4410 plurali
1045 4357 1149 4393 nurnero
1174 4345 1295 4410 (pluralis
1315 4347 1412 4395 numeri
1430 4345 1497 4407 cod.)

211 4415 334 4467 iunctum.
370 4423 394 4465 et
409 4414 458 4466 hoc
474 4413 604 4464 sciendum
620 4414 700 4478 qnod,
723 4414 782 4463 licet
803 4415 855 4464 alia
877 4429 909 4463 ex
932 4415 989 4464 istis
1011 4413 1190 4464 additamentis
1213 4424 1328 4465 naturam
1345 4415 1499 4480 (litteratura

210 4483 281 4546 cod.)
300 4485 410 4550 partium
428 4485 548 4535 orationis
564 4482 669 4542 habent,
691 4487 810 4548 quonium
831 4483 1003 4533 additamenta
1020 4491 1093 4543 sunt,
1121 4494 1206 4548 partes
1226 4486 1320 4551 (partis
1337 4485 1407 4549 cod.)
1426 4485 1499 4534 Com-

211 4555 323 4606 miuiauo
346 4555 536 4621 (communione
555 4551 626 4619 eud.)
651 4561 757 4605 testante
778 4571 835 4605 esse
857 4568 907 4603 non
930 4562 1037 4620 possunt
1061 4556 1151 4619 (posse
1166 4553 1237 4620 eorl.)
1260 4564 1384 4619 meapte
1406 4556 1500 4606 codicis

1319 4622 1332 4662 d

211 4672 358 4738 Baginensis
375 4674 442 4727 1442
518 4676 549 4727 lb
567 4691 582 4725 a
598 4691 644 4725 om.
664 4676 690 4725 N
761 4677 793 4726 22
812 4677 995 4725 adiectamenta
1012 4673 1143 4724 Fabricius
1161 4674 1345 4727 obiectamenta
1366 4676 1392 4726 N
1464 4675 1499 4727 23

211 4744 282 4794 abest
299 4759 375 4807 quam
393 4760 439 4810 per
456 4745 586 4811 singulare
601 4745 628 4795 Ν
644 4755 683 4796 est
698 4761 772 4810 quarn
790 4745 919 4811 singulare
938 4744 1070 4794 Fabricius
1138 4748 1172 4797 24
1188 4749 1275 4811 utique
1287 4748 1407 4811 quiquam
1422 4761 1498 4811 qnos·

212 4827 285 4875 quam
303 4814 435 4865 Fabricius
451 4818 538 4879 ntique
556 4817 692 4880 quidquam
710 4816 841 4883 quippiam
859 4813 883 4862 N
