3114 5356
534 121 616 182 ΛΒΤ.
639 118 781 180 unam
808 118 880 180 LIB.
903 118 916 177 l
1310 111 1376 175 328

1157 241 1181 282 ρ.
1195 226 1243 269 an.
1258 224 1284 268 ss
1295 226 1320 268 r.

64 307 213 389 perlatiro
233 305 328 386 gradu
346 313 392 367 est
414 305 587 381 constituta;
626 304 768 383 positivus
791 304 940 383 pertoctrrs
960 310 991 362 et
1011 299 1166 362 absolmm
1184 306 1240 360 est
1283 317 1373 380 saepe

8 410 15 425 '
65 418 170 471 antem
192 407 400 488 conparatirus
422 405 531 483 gratim
557 405 748 487 praeponitur
772 402 964 483 superlativo,
996 410 1030 463 nt
1055 401 1172 463 stultior
1198 399 1373 462 stultiss'nno

67 520 97 571 et
117 511 217 571 maior
235 506 372 570 maximo.
416 526 506 587 saepe
528 507 605 568 idem
622 506 720 567 minus
741 524 758 565 a
775 505 900 585 positivo
919 505 1077 583 significat,
1099 502 1232 582 quamvis
1251 502 1373 581 recipiat

67 611 333 692 conparationem,
363 620 396 671 ut
419 613 536 671 ‘mare
564 608 759 668 Ponticum
786 605 940 667 dulcius
966 623 1074 684 quam
1101 607 1246 665 cetera’
1275 603 1373 665 minus
1450 685 1454 693 ⁸

41 730 206 772 semanim
234 710 380 788 significat
410 727 498 788 quam
529 716 635 768 cetera.
680 725 769 787 saepe
795 707 873 767 idem
900 726 954 787 pro
984 706 1108 786 positivo
1134 706 1248 785 positus
1275 707 1373 767 minus

68 806 221 890 significat
241 818 272 870 et
290 809 362 871 nulli
382 817 576 888 conparatur,
600 818 632 869 ut
1107 825 1110 830 ·

240 910 311 971 iam
335 910 477 984 senior,
500 910 565 970 sed
588 910 700 971 cruda
721 909 788 970 deo
810 909 1021 987 viridisque
1041 918 1228 972 senectus.

68 1019 143 1072 sunt
165 1010 288 1071 nomina
305 1011 518 1089 significatione
546 1011 734 1084 diminutiva,
759 1011 908 1072 intellectu
936 1009 1136 1089 conparativa,
1164 1018 1197 1070 ut
1220 1009 1374 1088 gaudius·

68 1113 158 1173 curlus
185 1111 378 1173 maiasculus.
428 1112 632 1192 conparatirus
663 1111 772 1189 gradus
805 1112 930 1173 ablativo
957 1112 1038 1171 casui
1066 1111 1196 1190 iungitur
1222 1111 1374 1190 utriusque

31 1229 56 1270 ιο
69 1213 200 1273 numeri.
252 1212 307 1274 scd
334 1221 397 1273 tum
424 1214 481 1274 boc
509 1214 632 1286 utimur,
664 1230 731 1273 cum
746 1208 760 1295 ΙΙ
775 1212 901 1291 aliquem
925 1210 970 1271 rel
998 1211 1094 1272 alieno
1122 1210 1166 1271 rel
1193 1231 1248 1273 sno
1275 1212 1375 1290 generi

68 1331 289 1394 conparamus,
309 1324 342 1374 ut
361 1314 471 1374 llector
491 1314 594 1375 lortior
615 1313 756 1403 Diomede
777 1312 822 1373 rel
842 1311 980 1373 audacior
1002 1312 1136 1373 Patroclo
1156 1312 1283 1374 Achilles
1305 1313 1375 1388 luit3

68 1422 100 1473 et
121 1432 218 1475 unum
237 1431 307 1474 cum
325 1414 426 1475 multis
446 1414 566 1487 alienis,
595 1424 627 1476 ut
652 1415 788 1476 tortiores
808 1414 912 1474 Graeci
933 1413 1076 1474 Troianis.
1121 1413 1175 1474 sed
1194 1413 1288 1492 gradu
1305 1431 1377 1474 con·

68 1514 207 1594 paramo
228 1514 260 1574 in
281 1532 340 1574 uno
359 1523 389 1574 et
410 1514 501 1576 altero
519 1534 612 1596 prope
635 1516 805 1595 aequalibus
827 1534 862 1576 ac
883 1513 1028 1575 similibus
1052 1509 1135 1598 [non]
1161 1515 1270 1574 utimur
1295 1517 1375 1590 (nam

69 1613 263 1676 dissimilium
286 1616 455 1695 conparatio
474 1617 554 1677 nrrlla
577 1619 644 1692 est),
666 1626 699 1679 ut
720 1618 763 1677 ‘hi
785 1617 845 1677 duo
864 1615 918 1675 riri
941 1616 1049 1688 lortes,
1070 1613 1122 1675 scd
1144 1615 1192 1674 bic
1209 1614 1301 1674 altero
1317 1616 1377 1676 ior·

31 1731 54 1771 u
70 1717 163 1791 tior’;
192 1733 296 1776 rerum
325 1715 517 1795 superlativo,
540 1736 607 1779 eum
630 1737 720 1781 unum
743 1716 918 1778 antecellere
939 1714 1072 1794 pluribus
1095 1714 1310 1792 significamus,
1333 1724 1375 1790 ut,

69 1816 96 1877 si
120 1824 186 1875 tres
208 1813 347 1893 pluresve
369 1816 428 1876 sint
446 1817 513 1890 riri,
546 1832 613 1879 eum
638 1836 725 1896 quem
752 1817 964 1898 superlerimus
992 1815 1184 1875 fortissimum
1210 1824 1375 1876 ceterorum

70 1917 220 1989 dicimus,
247 1923 278 1976 et
304 1935 422 1995 semper
441 1918 574 1994 genetivo
599 1919 704 1998 plurali
727 1919 906 1997 adiungitur,
942 1924 975 1976 ut
1003 1915 1159 1993 ‘optima
1192 1916 1377 1996 Graiuge-

70 2023 189 2079 nnm’.
235 2016 290 2077 scd
319 2024 380 2076 tum
409 2017 466 2077 boc
493 2019 616 2091 utimur,
647 2038 714 2080 cum
741 2020 866 2098 aliquem
893 2036 950 2079 suo
977 2016 1078 2095 generi
1101 2034 1313 2095 conparamus,
1344 2025 1377 2079 ut

68 2119 188 2181 llectm
208 2116 389 2180 fortissimus
410 2119 600 2181 Troianorum
624 2120 693 2194 luit,
713 2120 840 2182 Achilles
856 2120 1057 2188 Graecorum.¹
1080 2117 1253 2197 plenumque
1273 2137 1377 2198 super

26 2242 54 2282 ao
68 2219 182 2281 latirus
203 2237 260 2298 pro
283 2218 407 2298 positivo
425 2219 542 2296 ponitur
563 2230 592 2281 et
613 2221 683 2281 nulli
706 2228 899 2299 conparatur,
928 2228 961 2280 ut
982 2217 1113 2296 luppiter
1132 2218 1266 2296 optim
1285 2222 1377 2281 maxi·

67 2340 151 2382 mus.
196 2319 346 2379 interdum
365 2322 568 2398 conparatione
590 2322 767 2382 nominativo
788 2320 932 2398 iungitur,
954 2326 986 2379 ut
1007 2318 1122 2380 doctior
1142 2319 1190 2379 bic
1207 2337 1295 2398 quam
1317 2320 1376 2394 ille,

68 2432 105 2484 ut
126 2421 251 2482 Plautus
274 2421 304 2481 in
327 2420 523 2482 llenaecbmis

895 2520 986 2599 quid
1008 2475 1213 2595 ais,¹bomo

243 2621 370 2682 levior
390 2641 496 2700 quam
517 2621 661 2703 pluma?

25 2755 54 2793 2,
159 2723 341 2784 Diminutiva
362 2732 431 2786 sunt
449 2742 525 2802 quae
543 2724 574 2785 in
596 2724 788 2787 diminutione
809 2725 1009 2787 absolutorum
1035 2725 1187 2785 nominum
1214 2725 1289 2785 dunt
1313 2725 1378 2786 sine

70 2825 134 2887 ulla
155 2824 388 2905 conparatione,
416 2833 446 2885 ut
470 2844 577 2904 parvus
598 2826 752 2908 parrulos,
784 2827 959 2888 adulescens
980 2825 1229 2888 adulescentulus
1273 2827 1378 2888 borum

69 2936 176 2988 antam
197 2933 262 2987 tres
283 2934 354 2986 sunt
371 2927 488 3005 gratim.
532 2945 658 3005 quonam
686 2929 780 2989 torma
805 2928 937 3006 quamuis
964 2928 1057 3006 maga
1083 2927 1248 3001 minuitur,
1272 2929 1380 2989 crescit

70 3047 168 3108 saepe
197 3045 340 3088 numcms
368 3027 552 3106 syllabarum
604 3029 702 3090 omnia
736 3028 814 3088 enim
846 3027 966 3089 nomina
992 3027 1123 3087 leminini
1153 3029 1271 3105 generis
1303 3047 1379 3106 quae

70 3148 148 3191 casu
170 3128 353 3190 nominativo
373 3148 390 3187 a
411 3128 506 3189 littera
529 3131 722 3190 terminantur
741 3136 809 3188 ante
829 3127 1018 3188 novissimam
1041 3127 1166 3186 litteram
1187 3128 1333 3206 recipiunt
1350 3128 1379 3188 ol

27 3250 56 3291 su
70 3230 221 3311 syllabam
246 3237 278 3289 et
305 3228 414 3289 iaciunt
441 3229 677 3304 diminutionem,
711 3237 770 3288 tam
791 3245 879 3305 quam
901 3225 982 3304 galea
1005 3224 1127 3305 galeola.
1171 3227 1241 3286 item
1263 3245 1379 3287 mascu-

70 3332 133 3392 lina
156 3331 189 3391 in
213 3349 251 3391 us
274 3347 344 3390 casu
362 3328 538 3390 nominativo
559 3329 712 3392 terminata
735 3337 766 3389 et
786 3336 888 3389 ncutm
911 3327 942 3387 in
963 3343 1013 3386 um
1042 3325 1122 3385 linita
1146 3325 1248 3385 eadem
1271 3325 1300 3385 ul
1322 3326 1379 3404 syl-

68 3432 173 3492 labam
195 3428 362 3509 recipiunt,
383 3437 415 3488 ut
435 3448 529 3507 agnus
550 3430 690 3509 agnulus,
714 3446 867 3490 scamnum
889 3426 1083 3489 scamnulum.
1126 3425 1287 3500 masculina
1309 3441 1378 3484 rem

68 3553 105 3594 ea
130 3550 211 3610 quae
232 3529 367 3608 genetivo
387 3549 457 3591 casu
475 3531 500 3591 is
524 3531 633 3610 syllaba
655 3529 850 3592 terminantur
870 3527 1042 3589 novissimas
1062 3525 1188 3605 syllabas
1202 3524 1287 3586 culus
1304 3522 1380 3584 reci-

142 3701 161 3748 4
180 3712 254 3747 mare
272 3712 329 3761 sqq.
356 3697 476 3748 Sallustio
494 3699 604 3748 tribuant
622 3698 726 3749 Servius
743 3701 771 3748 ia
793 3698 873 3761 Ver-p.
898 3697 963 3746 Aea.
984 3693 1065 3745 1228
1087 3691 1203 3744 1111143
1226 3692 1379 3741 msam

64 3786 95 3833 p.
120 3766 190 3820 1013
210 3766 319 3828 Seruius
337 3768 363 3814 in
384 3767 451 3815 Dan.
468 3784 496 3829 p.
515 3766 580 3816 1841
600 3768 735 3830 Pompeias
750 3782 778 3829 p.
797 3765 847 3816 135
865 3764 1016 3815 Macrobius
1029 3769 1078 3813 sat.
1096 3761 1143 3811 vu
1157 3760 1197 3820 12,
1211 3759 1245 3810 34
1320 3757 1377 3806 dnl-

69 3838 128 3885 cius
146 3845 189 3886 cst
209 3847 288 3897 quam
306 3833 332 3881 B
422 3833 522 3898 liam]
552 3835 631 3897 Vera.
650 3836 716 3886 Aera.
735 3833 769 3882 t't
787 3833 841 3884 304
928 3832 960 3882 10
974 3831 1014 3879 vel
1033 3831 1116 3879 alieno
1134 3831 1250 3881 Donatus
1262 3845 1290 3891 p.
1313 3824 1379 3875 ltttt
1449 3848 1453 3853 ·

69 3920 124 3953 nno
144 3905 234 3953 alieno
253 3901 338 3950 ΑΒΜ
414 3900 444 3951 11
464 3901 561 3951 achillis
579 3901 663 3951 ΑΒΜ
737 3900 768 3950 12
786 3903 833 3951 sed
850 3901 934 3967 gradu
955 3926 986 3936 -
1005 3897 1038 3947 14
1056 3897 1146 3947 1οιῑίοι
1164 3898 1263 3948 Charis.
1279 3913 1307 3960 p.
1330 3892 1378 3943 130

146 3971 180 4022 13
200 3984 255 4019 non
272 3984 320 4020 aaa.
341 3968 471 4019 Charisius
540 3969 573 4018 14
590 3968 751 4018 dissimilium
768 3971 899 4020 Charisia
916 3968 1034 4018 similium
1052 3966 1078 4015 B
1100 3966 1231 4016 simillium
1249 3963 1275 4012 A
1298 3961 1378 4012 simil·

69 4044 163 4091 limam
183 4039 220 4088 M
303 4036 336 4086 15
352 4038 491 4100 superlatio
508 4050 613 4085 comam
632 4036 747 4102 pluribus
765 4039 790 4086 A
874 4036 907 4087 16
928 4034 1092 4085 fortissimum
1112 4042 1137 4082 et
1156 4042 1266 4082 ceterum
1284 4030 1309 4079 A

70 4110 104 4160 17
124 4103 235 4175 optime]
261 4107 342 4168 Vera.
361 4104 427 4155 Aen.
447 4105 505 4154 l'lll
526 4105 572 4154 127
656 4102 689 4153 18
708 4114 768 4154 tunc
783 4107 809 4154 A
891 4103 927 4154 20
942 4103 1052 4166 optimus
1070 4115 1117 4151 aar.
1136 4100 1227 4159 ΑΒΜ,
1245 4099 1306 4149 aad.
1324 4099 1378 4148 Do-

67 4188 148 4229 natus
165 4194 194 4240 p.
219 4171 289 4224 1748
378 4173 412 4220 22
429 4172 530 4236 plautus
549 4174 574 4220 in
591 4171 737 4220 menecimis
754 4174 815 4235 quid
833 4174 873 4221 ais
887 4173 912 4221 A
933 4171 1034 4236 plautus
1053 4169 1077 4216 iu
1097 4168 1248 4217 menecemis
1266 4165 1326 4230 quid
1343 4165 1378 4213 ait

68 4247 104 4297 M
119 4247 231 4312 plantum
244 4241 286 4289 ait
306 4240 340 4288 B.
371 4239 526 4289 Menaeelba.
546 4240 579 4287 lll
598 4239 623 4297 2,
640 4238 674 4286 22
693 4238 762 4300 (487
780 4240 823 4300 Il)
909 4239 943 4288 23
959 4236 1019 4300 quid
1041 4238 1080 4284 uis
1099 4249 1117 4290 ς
1197 4235 1338 4284 astenses
1353 4231 1378 4280 A

141 4313 180 4362 25
198 4309 362 4361 Diminntiva
379 4332 413 4342 -
432 4306 466 4356 28
483 4305 689 4355 adulescentulus
706 4307 805 4357 Charis.
821 4325 850 4371 p.
871 4306 922 4357 128
1005 4312 1064 4352 sunt
1080 4317 1174 4366 soquac
1197 4301 1275 4364 (cnm
1292 4302 1317 4351 A
1334 4308 1378 4349 aut

67 4384 121 4441 Μ)
141 4383 169 4430 'an
190 4376 389 4428 diminutionem
405 4375 490 4424 ΑΒΜ
574 4372 608 4422 28
626 4372 770 4423 aduliscens
788 4373 985 4423 aduliscentulus
1001 4370 1052 4419 AB
1073 4370 1217 4419 suntnoeas
1234 4369 1378 4418 aduliscen-

66 4455 120 4502 tior
139 4449 172 4498 Μ
247 4444 282 4492 27
303 4443 421 4503 quamuis
439 4443 523 4506 magia
540 4441 565 4489 A
584 4455 658 4502 qnam
677 4443 760 4506 magt·
777 4443 804 4491 B
821 4441 939 4505 quamuis
957 4438 990 4488 Μ
1064 4437 1099 4488 29
1112 4452 1129 4486 a
1145 4436 1274 4502 pluraliter
1291 4435 1377 4485 termi-

65 4532 111 4568 tur
129 4513 220 4565 ΑΒΜ
311 4508 335 4556 al
353 4509 449 4571 syllaba
468 4509 494 4557 Α
511 4509 535 4556 la
551 4506 675 4570 syllabam
692 4507 718 4557 B
734 4522 751 4556 a
768 4510 891 4572 syllabam
909 4506 942 4556 Μ
1024 4503 1056 4554 31
1078 4505 1166 4553 eadem
1185 4504 1211 4552 lu
1229 4504 1255 4554 B
1270 4504 1378 4553 eandem

65 4589 93 4634 ul
112 4583 148 4633 Μ
167 4579 282 4631 eandem
303 4577 328 4624 A
810 4612 816 4621 .
