3114 5356
100 334 101 338 p
142 246 206 311 zso
710 242 874 307 cunmsn

195 363 376 523 l'roelolepsis
403 442 451 495 est
476 451 543 493 euur
572 439 640 493 ente
662 448 803 493 numerus
823 429 912 492 verbo
928 430 1061 493 redditur
1083 450 1169 510 quam
1192 450 1242 492 res
1263 358 1423 511 plerslllnlm

146 535 210 622 [rei]
233 536 389 610 liniuntur,
407 539 441 594 ut
608 615 618 629 ‚

308 636 489 699 continuo
513 653 639 713 reges,
663 634 812 714 ingenti
834 631 930 696 mole
951 632 1109 695 Latinus

309 737 535 819 quadriiugo
559 737 859 810 rebitureurru,

764 837 864 916 bigis
886 838 913 898 it
933 837 1081 898 Turnus
1100 837 1135 897 in
1159 837 1277 914 albis,
1435 854 1445 894 r

310 952 384 1006 tum
406 949 511 1023 pater
531 942 688 1014 Aeneas,
711 939 894 1000 llomsnae
916 938 1050 1019 stirpis
1071 939 1192 1018 origo,

309 1054 345 1107 et
364 1046 467 1107 iuxta
485 1043 686 1117 Ascanius,
709 1060 838 1120 magus
860 1059 949 1122 spes
971 1040 1090 1102 altera
1109 1041 1259 1117 Romae,

307 1147 522 1228 procedunt
543 1144 692 1205 eastris.

228 1250 354 1327 Zeugma
377 1256 424 1310 est
439 1247 561 1308 verbum
583 1245 661 1323 quod
683 1245 714 1306 in
739 1244 848 1325 duplici
869 1244 1058 1325 mtdtiplicive
1074 1245 1219 1308 sententie
1234 1254 1367 1328 optetur,
1386 1247 1431 1310 sed

142 1349 222 1429 quod
243 1350 380 1412 omnibus
402 1348 597 1412 communiter
617 1346 764 1421 redditur,
785 1355 819 1408 nt
1441 1367 1458 1408 s
1501 1362 1503 1381 ²

309 1436 732 1529 Troiugeus'interpres
754 1447 889 1522 divum,
918 1449 979 1526 qui
1002 1448 1154 1511 numina
1175 1449 1335 1524 Phoebi,

309 1553 371 1630 qui
394 1551 585 1631 tripodas,
609 1548 709 1611 Cleri
730 1548 877 1623 laurus,
898 1550 961 1627 qui
984 1570 1007 1611 s.
1028 1568 1052 1610 s.

143 1651 264 1712 verbum
279 1653 357 1714 enim
372 1652 464 1714 sentis
476 1651 599 1731 singulis
613 1650 779 1730 quibusque
797 1649 929 1711 debetur.
975 1651 1039 1712 aliis
1059 1651 1099 1710 itu
1121 1650 1231 1730 placuit
1253 1670 1374 1731 zeugma
1389 1653 1432 1712 de

125 1753 236 1837 linire,
260 1755 369 1816 ‘nibil
391 1754 580 1816 hominum
602 1760 637 1814 te
656 1754 848 1827 fortunae,
867 1753 963 1814 nibil
987 1753 1293 1814 commisereseit
1316 1753 1432 1814 mcue‘.l

143 1855 246 1934 linge
275 1857 452 1918 advenam
481 1875 581 1918 esse:
613 1853 712 1917 nibil
740 1846 902 1915 lraterni
931 1854 1096 1915 nominis
1125 1853 1310 1930 sollemne
1336 1856 1459 1917 sutri-n

142 1957 231 2019 lium
258 1967 295 2020 et
322 1977 456 2020 nomeu
486 1958 645 2038 pictatis
675 1954 831 2017 mouetl’
876 1956 977 2036 plures
1000 1956 1162 2018 sententiae
1188 1974 1247 2018 uno
1270 1952 1358 2018 'scibo
1380 1957 1432 2022 elu-

141 2059 259 2121 duntur.

84 2238 89 2251 .
227 2161 410 2242 llppozeuxis
441 2169 488 2222 cst
519 2180 586 2223 eum
620 2159 752 2240 singidae
777 2179 826 2222 res
855 2168 905 2221 sut
930 2178 1076 2240 personae
1103 2159 1201 2220 verbis
1230 2161 1293 2222 suis
1320 2161 1433 2222 eludun-

144 2269 205 2338 tur,
228 2271 261 2324 ut

308 2382 430 2443 regem
453 2364 531 2425 adit
553 2369 589 2425 et
608 2359 637 2424 r.‘
654 2381 693 2424 m.
716 2383 745 2424 n.
770 2382 798 2441 q.
820 2381 847 2442 g.
871 2380 898 2441 q.
1442 2383 1461 2424 u

308 2466 440 2543 quidve
462 2467 562 2526 ierat
581 2466 713 2544 quidve
735 2467 818 2545 ipse
842 2472 960 2546 petat,
983 2463 1191 2525 Mezentius
1213 2483 1314 2525 orme

306 2584 400 2644 quiue
422 2566 494 2627 sibi
517 2567 715 2641 conciliet,
735 2567 979 2645 violentaque
998 2573 1154 2645 pectora
1176 2565 1293 2626 Turni

149 2725 345 2736 Μ-.
358 2721 483 2730 ...αο-

367 2893 391 2962 ll
404 2911 449 2961 ges
469 2897 565 2962 ingenti
583 2897 649 2948 mole
667 2898 762 2948 lutinus
780 2900 935 2967 quadriiugo
955 2902 1016 2951 nubi
1034 2903 1081 2950 cur'
1098 2902 1166 2968 bigis
1186 2905 1204 2951 it
1221 2911 1311 2956 turnus
1331 2908 1356 2955 iu
1374 2907 1434 2956 ulbis
1461 2916 1472 2964 ᾗ

176 2984 354 3049 Prolcmpsisd
364 2985 395 3031 cit
406 2992 462 3032 unte
474 2998 593 3033 numerus
603 2984 680 3034 uerbo
691 2985 805 3034 redditur
819 3001 894 3047 ‹punm
906 3002 945 3035 res
959 3003 1102 3054 personpuc
1115 2995 1148 3039 rei
1168 2992 1289 3041 liniuntur
1302 2997 1419 3045 continuo

176 3091 204 3138 tis
230 3072 283 3153 pul
296 3102 374 3154 ericus
397 3101 503 3152 rontano
523 3087 611 3154 stirpis
634 3088 706 3154 origo
731 3097 755 3137 ct
778 3091 850 3139 iustu
873 3093 992 3141 sscuuius
1010 3108 1104 3157 nrugna
1122 3110 1182 3159 spus
1200 3095 1280 3145 ultera
1299 3114 1405 3164 rompp

176 3176 288 3241 Zeugma
306 3183 344 3224 est
362 3175 440 3224 uerbir
457 3175 526 3238 quod
544 3175 569 3222 in
586 3173 682 3240 duplici
708 3175 875 3241 multiplicius
897 3179 1022 3226 sententie
1041 3188 1142 3244 uptutur
1165 3198 1186 3231 s.
1212 3198 1235 3248 (p
1256 3184 1333 3246 ldunt
1351 3186 1436 3234 castris
1453 3181 1482 3236 10

176 3273 234 3333 omri
249 3265 388 3333 communit
398 3282 512 3332 redditur
523 3290 550 3331 ut
562 3284 695 3350 troiugcnn
705 3267 802 3349 inlpres
811 3284 874 3333 diuir
889 3285 932 3346 qui
945 3287 1016 3335 numi
1024 3287 1092 3352 phos}
1104 3290 1147 3350 qiu
1160 3292 1228 3356 tripb
1244 3291 1284 3342 elis
1301 3293 1342 3342 lur'r
1359 3295 1401 3357 qui

175 3386 374 3435 nerbs’rllscutis
385 3384 494 3450 singulis
504 3385 624 3448 quibusq,
634 3387 738 3436 debetur
746 3402 763 3435 ε·
769 3383 863 3454 ssbnge
873 3388 1078 3440 aduenirecnihil
1088 3378 1162 3442 lunt-ni
1172 3396 1281 3444 nominis
1292 3396 1393 3447 sellem.
1454 3391 1497 3449 15

176 3474 242 3523 Aliis
264 3474 298 3522 itu
325 3472 420 3537 plucuit
449 3486 556 3536 zeugma
581 3472 685 3522 delinire
712 3472 776 3521 nihil
797 3471 927 3522 hominnm
956 3484 981 3523 te
1009 3475 1106 3525 lortnnn
1139 3479 1200 3527 uribid
1231 3482 1403 3532 comiserescit

174 3558 298 3608 auxilium
319 3567 343 3607 et
362 3573 451 3607 {rumen
471 3558 574 3624 pictatis
588 3567 682 3609 mouet.
702 3560 787 3624 plures
805 3561 931 3626 sententie
949 3577 999 3610 uno
1018 3565 1096 3612 uerbo
1115 3565 1250 3615 eluduntur
1304 3564 1328 3633 ,ll
1339 3584 1365 3622 n.
1378 3584 1401 3631 q.

173 3694 331 3759 hypozeuxis
351 3702 388 3742 est
406 3694 438 3743 εὖ
455 3694 558 3759 singule
575 3709 616 3743 rcs
635 3697 650 3743 s‘t
669 3710 779 3762 persone
797 3698 881 3746 uerbis
904 3700 959 3749 suis
982 3700 1116 3751 eluduntur
1140 3711 1167 3754 ut
1187 3718 1274 3767 regem
1300 3655 1401 3753 uditelr.
1453 3698 1503 3760 2C

173 3798 267 3861 quidue
290 3796 354 3846 leret
377 3797 472 3860 quidue
496 3799 552 3863 ipse
574 3803 644 3861 petet
665 3800 806 3850 mezentius
831 3815 901 3850 armo
923 3805 939 3864 *l
964 3802 1008 3850 tibi
1032 3805 1150 3854 conciliet
1173 3806 1311 3868 uiolentuq,
1330 3817 1405 3873 pecto

205 3946 323 4012 Intepros
338 3962 427 3996 uersus
443 3949 506 4012 legit
520 3949 636 4012 Pierius,
656 3965 801 4014 quuztpuum
818 3952 940 4017 praedam
956 3970 1004 4003 non
1022 3958 1087 4007 sutis
1102 3967 1172 4008 certo
1191 3961 1215 4009 ei
1232 3961 1388 4022 adposuisse
1404 3965 1439 4012 oi·

137 4017 230 4066 dentur
316 4018 332 4064 3
350 4017 475 4066 Continuo
494 4032 568 4081 reges
586 4033 608 4067 ω
694 4021 711 4067 8
727 4022 902 4083 proeednutw
973 4023 1006 4072 12
1025 4027 1067 4086 qni
1087 4029 1179 4087 sydera
1197 4031 1277 4079 sentis
1296 4033 1400 4080 uerbum
1417 4046 1438 4079 ω

208 4085 239 4135 ll
259 4087 459 4135 conrnriserescit
476 4102 516 4135 me
535 4087 595 4151 llugi
614 4088 749 4150 uduenum,
766 4097 790 4138 te
809 4090 872 4138 nibil
891 4105 912 4139 ω
984 4091 1015 4142 15
1034 4082 1139 4146 solenne
1158 4098 1282 4148 auxilium
1302 4115 1334 4148 ω.
1355 4103 1381 4149 in
1398 4116 1439 4149 co·

136 4155 192 4205 dice
211 4163 271 4217 pust
292 4154 389 4206 sellem.
413 4155 474 4206 nibil
496 4156 585 4206 deesse
606 4157 738 4208 uidebatur
822 4160 957 4210 ‘beaune
975 4176 1028 4209 rm
1048 4177 1063 4209 n
1082 4181 1097 4227 q
1115 4169 1316 4231 ggqniduew
1404 4172 1438 4218 22

136 4233 240 4288 peeturu
256 4224 336 4272 Turni
353 4240 375 4273 ω

204 4459 220 4506 2
243 4473 284 4506 res
304 4457 342 4507 vel
360 4472 486 4522 personne
503 4457 624 4509 liniuntur
639 4458 759 4507 Claudius
776 4457 906 4511 Sacerdos
922 4477 1048 4528 personne
1065 4463 1217 4515 deliniantur
1233 4469 1367 4522 Diomedes

135 4525 300 4590 deuotione]
325 4528 403 4591 Verp.
424 4528 488 4575 Aeo.
509 4526 554 4577 Xll
575 4527 621 4576 lul
715 4528 743 4577 ll
765 4529 922 4597 Troiugena]
945 4533 1023 4597 Verp.
1041 4533 1107 4585 Aen.
1126 4535 1156 4582 lll
1179 4535 1231 4587 359
1320 4541 1352 4592 1⁶2
1369 4542 1437 4591 Cleri

136 4594 222 4644 laurus
240 4596 386 4658 Diomedes,
405 4596 526 4646 Claudius
541 4596 676 4658 Sacerdos,
695 4598 828 4659 Pompeius
842 4616 870 4662 p.
890 4601 950 4651 151.
971 4603 1022 4653 455
1040 4604 1136 4666 etipse
1155 4605 1284 4657 Olears'sins
1297 4625 1326 4672 p.
1344 4610 1361 4660 u
1381 4609 1437 4661 cra-

130 4664 168 4739 rii
186 4663 270 4722 laurus
288 4665 403 4715 Donatus
480 4655 514 4717 ‘20
532 4663 629 4732 regem]
652 4667 731 4731 Verp.
750 4667 815 4717 Aen.
834 4669 859 4718 X
876 4669 925 4721 lit)
978 4675 1037 4737 Ι22
1057 4672 1106 4722 sibi
1124 4673 1257 4726 Diomedes
1338 4679 1436 4729 turniee

136 4731 209 4783 ducet
224 4735 323 4784 codices
340 4735 467 4785 Diomedis
