3114 5356
137 364 181 405 xa
685 318 894 402 rmurluo
954 430 958 437 ι

138 526 273 590 lacunas
300 532 334 588 ct
361 531 514 609 quattuor
540 521 678 586 schedas
709 543 793 608 quae
822 525 856 587 in
881 530 1000 611 quarte
1026 520 1240 609 quaternione
1268 520 1377 611 perier

136 626 219 691 nihil
241 627 357 691 deesse
378 626 413 687 in
434 621 546 688 codice
565 645 667 709 eaque
689 645 774 710 quac
794 626 829 687 in
844 636 991 689 extrema
1012 624 1089 695 libri
1103 633 1196 711 parte
1215 626 1339 712 scripta
1361 646 1376 688 s

137 749 203 792 nen
225 729 357 791 omnino
380 724 513 812 quidem
543 723 652 790 aliena
682 727 894 808 acharisio,
923 727 980 791 sed
1008 727 1219 812 neglegentia
1246 726 1372 791 librarii

137 829 241 892 mixta
262 849 335 892 cnm
357 826 475 891 alienis
498 836 531 890 ct
559 829 651 892 varie
673 836 799 892 mutata
820 836 917 914 atque
948 849 967 888 a
996 829 1141 914 genuina
1170 828 1277 892 ferma
1305 827 1375 892 dall·

137 950 209 992 esse
232 927 500 993 demonstrarem.
544 929 654 1015 itaque
678 930 785 994 Servii
808 930 940 1015 quidem
961 927 1080 993 librum
1101 938 1134 993 et
1164 927 1375 995 commentari

136 1031 178 1096 de
200 1029 393 1093 differentiis
414 1029 648 1094 vocabulorum
679 1030 825 1095 consulto
849 1031 962 1112 omisi,
990 1030 1145 1113 alterum,
1173 1031 1252 1117 quia
1279 1030 1374 1115 utiqn

73 1168 80 1181 ·
137 1130 279 1196 Charisii
295 1130 388 1195 libris
406 1130 534 1195 alienus
550 1139 617 1212 est,
640 1130 796 1213 alterum,
819 1133 912 1217 quia,
933 1131 961 1194 si
982 1131 1067 1196 forte
1082 1132 1123 1196 de
1142 1133 1255 1219 quinto
1270 1131 1356 1195 libro

136 1242 250 1321 ceptus
269 1240 374 1314 esset,
393 1240 503 1295 tamen
518 1253 583 1297 non
600 1232 679 1294 satis
693 1253 812 1297 causae
833 1254 904 1297 esse
924 1233 1102 1297 videbatur
1116 1254 1175 1297 cur
1189 1255 1276 1297 nunc
1291 1231 1373 1296 editu

135 1335 271 1421 reliquis
291 1334 361 1396 eius
381 1333 512 1417 generis
533 1333 790 1411 commentariis,
810 1356 891 1420 ques
913 1333 969 1397 alii
999 1334 1069 1400 loco
1086 1335 1341 1423 destinavimus,
1369 1362 1372 1390 ι

137 1440 338 1521 iungeretur.
383 1442 496 1498 contra
518 1433 698 1499 dictionum
720 1435 880 1501 formulae
901 1437 935 1499 in
957 1444 1103 1501 extremo
1119 1435 1232 1500 codice
1247 1455 1372 1522 congea·

135 1536 277 1625 quarum
287 1534 429 1620 aliquam
440 1543 566 1621 partem
582 1536 733 1602 Charisia
749 1537 862 1602 deberi
875 1536 1047 1623 probabile
1062 1544 1121 1619 cst,
1139 1557 1197 1601 suo
1210 1537 1371 1624 quodami

136 1638 201 1702 sibi
215 1638 321 1702 locum
336 1637 371 1698 in
385 1632 528 1699 editione
544 1636 688 1702 Charisii
709 1639 933 1704 vindicabant.
979 1660 1091 1704 verum
1105 1646 1214 1703 tamen
1229 1637 1311 1702 haec
1325 1659 1371 1702 om

136 1740 189 1803 vel
211 1753 383 1825 propterea
403 1739 589 1802 necessario
616 1741 697 1806 mihi
719 1728 898 1807 omittenda
919 1740 1068 1824 luerunt,
1097 1743 1175 1827 quia
1195 1760 1302 1826 neque
1326 1736 1370 1802 ad

136 1839 226 1905 edita
246 1861 267 1902 a
280 1857 444 1925 quoquam
466 1847 542 1901 sunt
556 1862 662 1929 neque
680 1843 760 1908 mihi
768 1891 777 1924 ,
800 1862 874 1904 cum
890 1840 1050 1927 reliquam
1065 1842 1187 1907 codicis
1205 1836 1370 1927 partemh‘

136 1940 203 2028 poli
221 1963 295 2006 cum
315 1942 412 2006 editis
428 1940 670 2029 exemplaribus
690 1943 917 2025 contulissem,
940 1943 981 2007 ad
1002 1943 1084 2007 haec
1102 1933 1319 2007 describenda
1333 1947 1369 2005 ott

135 2041 372 2125 sufficiebat*).
402 2044 452 2108 his
468 2045 569 2131 igitur
581 2065 663 2129 quae
677 2055 734 2108 aut
752 2046 878 2109 ratione
891 2045 1008 2109 ductus
1022 2052 1079 2107 aut
1093 2044 1289 2108 necessitate
1301 2061 1369 2105 coa<

135 2145 290 2230 praeterii
312 2146 459 2229 exceptis
481 2145 640 2231 reliquam
656 2145 731 2209 libri
750 2153 875 2231 partem
896 2165 993 2230 quam
1014 2146 1259 2209 accuratissime
1280 2142 1352 2208 lieri

135 2253 221 2310 terat
240 2247 382 2309 excussi.
428 2268 503 2309 nam
525 2247 559 2309 in
580 2253 672 2309 tanta
692 2242 857 2324 vetustate
874 2245 1012 2329 codicis,
1031 2249 1123 2310 cuius
1141 2246 1239 2311 tidem
1258 2265 1332 2308 raro
1355 2263 1367 2306 a

136 2370 207 2412 rum
224 2346 380 2412 librorum
394 2338 588 2429 anctoritate
603 2345 777 2412 sublevare
795 2346 924 2430 liceret,
945 2349 1027 2412 nihil
1043 2358 1110 2413 tam
1129 2348 1203 2414 leve
1225 2368 1298 2410 esse
1321 2347 1367 2409 ex*

136 2450 225 2515 mavi
256 2434 344 2536 quod
373 2450 408 2513 in
436 2449 618 2536 scripturae
640 2449 861 2537 discrepantia
882 2450 1095 2514 omittendum
1117 2459 1214 2514 esset.
1258 2469 1322 2534 qua
1342 2448 1366 2510 ir

135 2573 287 2637 magnam
310 2549 536 2616 difficultatem
557 2554 592 2616 in
614 2553 728 2639 primis
752 2550 913 2640 parabant
934 2552 1070 2616 lacunae
1085 2549 1350 2615 membranarum

136 2655 326 2720 universnm
349 2653 510 2735 codicem,
540 2662 577 2717 ut
608 2675 705 2739 supra
727 2654 814 2735 dixi,
840 2661 1050 2740 propagatae.
1094 2674 1170 2718 nam
1192 2660 1229 2717 ut
1257 2672 1310 2714 res
1332 2658 1366 2713 ta

134 2754 234 2840 plena
255 2761 325 2818 crat
346 2753 427 2842 quid
448 2776 576 2840 quoque
598 2754 669 2819 loco
691 2757 725 2818 in
746 2754 944 2819 membranis
967 2754 1105 2818 corrosis
1126 2754 1289 2839 legeretur
1312 2772 1364 2815 aer

136 2855 239 2920 oculis
262 2854 438 2939 dispicere,
467 2855 513 2918 ita
542 2856 577 2919 in
604 2858 718 2942 primis
747 2854 880 2920 difficile
907 2863 1046 2943 quantus
1074 2854 1257 2919 litterarum
1278 2873 1364 2916 numi

136 2958 170 3020 in
200 2958 362 3042 scriptura
386 2954 516 3020 deesset
536 2957 590 3021 vel
618 2965 707 3021 certo
735 2955 871 3022 definire
898 2957 952 3022 vel
981 2965 1132 3021 accurate
1152 2957 1298 3020 indicare
1305 3004 1315 3036 ,
1339 2977 1361 3041 p

136 3057 246 3120 sertim
267 3058 308 3120 in
328 3076 366 3120 eo
388 3055 553 3121 scribendi
581 3079 701 3144 genere
729 3058 816 3144 quod
843 3068 875 3123 et
901 3058 1091 3144 conpendiis
1116 3058 1299 3122 abundaret
1324 3077 1363 3120 ne

134 3157 170 3220 in
197 3157 348 3222 omnibus
368 3158 520 3224 versibus
542 3159 595 3224 vel
620 3160 751 3245 paginis
774 3160 852 3225 satis
878 3159 1057 3246 acqualiter
1079 3167 1233 3224 curreret.
1278 3179 1338 3221 nec

135 3259 219 3322 ratio
241 3258 342 3323 tutior
364 3282 436 3324 esse
455 3263 528 3325 visa
548 3269 599 3326 est
617 3283 715 3347 quam
729 3269 766 3325 ut
780 3284 893 3326 versus
914 3261 1060 3326 lacunesi
1081 3262 1160 3324 itae
1176 3260 1288 3325 codice
1310 3259 1362 3323 der

134 3359 290 3426 herentur
311 3369 348 3425 ut
362 3360 480 3426 litteris
495 3384 578 3450 quae
600 3364 635 3427 in
657 3363 799 3448 singulis,
812 3364 963 3428 versibus
985 3361 1037 3427 vel
1061 3371 1136 3425 ante
1159 3361 1211 3426 vel
1233 3368 1307 3446 post
1323 3358 1361 3423 de

136 3470 205 3526 tum
224 3464 404 3551 scripturae
418 3464 615 3551 adparerent
636 3476 804 3548 accurate,
827 3467 912 3529 sicut
934 3485 1027 3529 suum
1047 3484 1197 3549 quaeque
1212 3460 1318 3526 locum
1332 3462 1360 3526 ir

135 3564 218 3627 ceris
237 3564 435 3630 membranis
458 3564 635 3650 obtineret,
664 3568 832 3654 dispositis
855 3575 888 3628 et
908 3564 1035 3649 figurae
1057 3573 1090 3627 ct
1112 3565 1221 3650 spatia
1240 3562 1360 3626 lacuna

136 3666 409 3750 significarentur.
450 3669 574 3755 itaque,
594 3680 631 3734 ut
657 3691 740 3756 quae
762 3676 848 3732 esset
863 3663 1007 3729 conditio
1027 3666 1291 3731 membranarum
1310 3663 1359 3728 ub:

135 3776 223 3832 certo
235 3767 383 3854 intellegi
395 3779 522 3854 posset,
533 3773 639 3857 prima
650 3771 748 3835 unius
759 3770 916 3854 cuiusque
929 3788 1080 3831 versuum
1092 3770 1257 3833 commatis
1269 3766 1359 3832 vocal

77 3946 85 3958 .
135 3888 202 3931 una
226 3890 299 3933 cum
320 3873 465 3936 numeris
486 3875 736 3958 quaternionum
760 3869 953 3935 schedarum
976 3870 1170 3957 paginarum
1199 3870 1358 3955 anteposit

135 3967 259 4049 littera,
283 3970 370 4056 quod
386 3973 516 4056 signum
539 3995 610 4038 esse
633 3973 755 4040 codicis
775 3969 881 4050 volui,
903 3971 937 4033 in
952 3972 1026 4035 imis
1042 3971 1246 4056 marginibus
1262 3971 1358 4035 adnot

135 4069 314 4154 eodemque
336 4070 422 4154 loco,
444 4073 552 4160 siquid
572 4097 631 4161 per
653 4072 824 4160 conplures
840 4093 955 4136 versus
977 4072 1190 4159 inscriptura
1210 4073 1324 4159 periit,
1343 4081 1358 4135 t

136 4193 251 4238 versus
275 4193 432 4259 ecquem
454 4175 524 4239 dixi
547 4176 643 4241 modo
664 4175 880 4260 transcriptos
905 4171 1018 4237 cadem
1040 4171 1150 4237 littera
1171 4172 1357 4260 anteposita

136 4272 239 4338 hibui.
284 4272 342 4337 sed
367 4282 404 4339 ut
431 4278 530 4341 certis
552 4274 673 4342 finibus
706 4276 764 4340 uni
786 4276 902 4360 cuique
925 4275 1036 4338 versui
1058 4276 1243 4340 constitutis
1267 4276 1357 4361 scrip

205 4464 234 4528 *)
253 4463 315 4515 Sero
328 4465 439 4529 aliquem
454 4476 550 4532 partem
564 4484 596 4518 ex
609 4467 648 4518 his
662 4469 756 4534 accepi.
794 4480 852 4515 nam
865 4464 990 4531 Georgius
1001 4464 1073 4515 Thilo
1086 4482 1142 4516 cunr
1155 4468 1204 4518 ulia
1224 4466 1349 4530 (quaedam

137 4553 245 4600 mammo
263 4552 342 4618 iligna
357 4568 413 4615 esse
430 4553 552 4602 memoria
568 4556 591 4603 ei
611 4555 665 4604 visa
684 4562 744 4604 sunt
762 4551 896 4618 (pleraque
913 4551 980 4600 euim
1007 4552 1032 4600 iu
1051 4554 1093 4602 rili
1112 4561 1261 4619 argumento
1281 4566 1355 4603 versa

136 4649 187 4686 rum
210 4653 238 4686 aa
263 4653 328 4701 quae
351 4639 383 4688 de
408 4639 570 4688 idiomatibus
596 4642 723 4690 nominum
748 4654 826 4704 supra
845 4638 954 4690 indicari
973 4653 988 4686 a
1007 4655 1035 4688 sc
1053 4640 1179 4704 descripta
1199 4640 1231 4688 ad
1251 4656 1290 4688 mc
1309 4648 1356 4689 trar

136 4723 194 4772 indo
209 4723 283 4772 video
302 4725 430 4788 aliquanto
448 4723 587 4789 pleniorem
605 4724 646 4774 cdi
662 4726 776 4791 potuisse
794 4725 901 4773 indicem
922 4724 1050 4773 nominum
1069 4724 1093 4773 in
1116 4726 1241 4790 excerptis
1260 4725 1355 4774 Boliien

135 4823 161 4873 p.
183 4807 232 4858 eal
251 4809 398 4860 exhibitum.
435 4810 481 4859 scd
500 4810 561 4859 haec
574 4813 693 4874 ‹prouiam
713 4826 759 4860 sue
778 4811 832 4860 loco
847 4811 922 4859 cdere
940 4811 990 4859 iam
1013 4825 1061 4859 nou
1085 4810 1166 4868 licuit,
1194 4813 1219 4859 in
1240 4810 1308 4860 aliud
1328 4821 1355 4861 te

135 4893 238 4942 dillerrc
256 4909 332 4957 quam
348 4910 415 4944 nune
434 4897 603 4962 supplementi
618 4897 699 4948 instar
716 4898 816 4946 adicere
834 4895 921 4948 malni.
