3114 5356
149 276 208 339 tto
708 280 870 344 cflthstl
968 308 972 314 ·

214 394 269 436 ‚su
282 391 347 436 sse.
1250 427 1258 442 .
1359 402 1386 447 1.

197 408 320 537 ¹’tinias
340 462 409 547 tacit
433 463 577 542 quietem,
604 466 720 545 requies
740 469 905 531 accusativo
932 489 991 531 non
1019 471 1088 531 lacit
1109 402 1366 550 requenlnllsllu
1389 494 1436 538 re-

146 569 259 649 quiem,
281 566 412 648 quamvis
435 566 537 628 Cicero
557 566 660 631 dixerit
683 572 890 651 requietem
912 574 948 635 ad
970 572 1133 635 llostilium.

229 687 366 768 Sibyllam
394 686 541 768 Epicadus
570 687 607 748 de
637 690 858 768 cognominibus
886 691 926 775 ait
952 691 1128 772 appellatum
1154 694 1203 773 qui
1225 715 1259 757 ex
1281 696 1432 762 Sibullinis

144 791 226 855 libris
253 791 347 872 primo
375 808 491 853 sacmm
519 791 602 865 lecit,
631 791 735 853 deinde
764 793 887 873 Syllam3
918 793 966 872 qui
993 795 1071 873 quod
1092 796 1166 857 ssavo
1188 804 1217 857 et
1246 809 1364 880 compto
1384 821 1433 863 ca·

144 892 214 977 pillo
237 895 306 971 luit,
333 892 443 957 similes
473 891 567 971 Syllae
589 899 658 953 sunt
679 894 825 975 appellati.
870 895 937 957 inde
960 895 1116 957 ellemioati
1144 897 1288 980 hodieque
1310 901 1339 962 in
1361 901 1459 966 ludos

144 997 238 1083 syllae·
260 997 410 1073 dicuntur,
439 1014 513 1076 quos
540 993 624 1072 uulgo
645 995 835 1074 inprudenter
861 996 989 1078 populus
1010 997 1145 1078 appellat.
1191 1010 1322 1064 ceterum
1343 1003 1432 1084 Psylli

144 1099 261 1162 suntin
282 1099 378 1161 Africa
399 1098 585 1179 serpentibus
607 1097 774 1172 medentes,
797 1099 873 1161 sicut
893 1100 924 1161 in
946 1100 1026 1161 ltalia
1048 1099 1145 1178 llarsi.

227 1218 295 1281 llies
323 1218 486 1280 communis
512 1216 628 1307 generis
649 1224 701 1276 est.
746 1217 795 1295 qui
816 1216 978 1281 masculino
1005 1237 1113 1298 genere
1135 1221 1290 1283 dicendum
1312 1230 1434 1304 putare·

144 1329 214 1385 runt
233 1321 288 1383 has
306 1310 410 1384 causas
427 1318 637 1393 reddiderunt,
659 1316 737 1396 quod
759 1318 822 1381 dies
844 1321 934 1382 lestos
955 1329 1090 1384 auctores
1113 1323 1263 1399 dixerunt,
1290 1344 1351 1387 non
1375 1326 1434 1387 les-

143 1400 205 1502 144;
220 1422 264 1484 ’41
284 1400 420 1503 quar'lum
439 1429 469 1481 et
488 1418 619 1499 quintum
641 1418 802 1496 Kalendas,
830 1441 889 1485 nou
913 1431 1045 1503 quartam
1067 1443 1122 1485 uec
1142 1427 1287 1504 quintam;
1312 1437 1343 1489 et
1364 1449 1431 1491 cum
1448 1451 1471 1492 to

142 1525 229 1589 bodie
257 1525 395 1599 dicimus,
420 1522 490 1585 nihil
520 1521 596 1583 aliud
625 1540 712 1601 qttarn
739 1523 796 1585 hoc
816 1524 863 1585 die
889 1524 1073 1603 intellegitur.
1097 1515 1168 1606 'qui
1189 1548 1257 1590 rero
1279 1531 1431 1603 kminino,

98 1648 104 1661 ·
142 1628 286 1692 catholico
306 1634 442 1701 utuntur,
463 1625 541 1704 quod
562 1623 685 1688 ablativo
707 1645 776 1689 casu
798 1646 814 1686 e
835 1644 893 1687 non
916 1627 972 1688 nisi
988 1628 1128 1708 producta
1148 1630 1280 1706 liniatur,
1301 1641 1330 1693 et
1352 1635 1431 1712 quod

142 1729 301 1793 deminutio
324 1727 393 1847 ei.
407 1728 519 1789 diecula
539 1728 592 1803 sit,
616 1747 675 1790 non
698 1727 843 1803 dieculas,
863 1735 896 1789 ut
917 1728 957 1788 ait
977 1724 1130 1806 Terentius
1387 1712 1390 1717 ⁵

633 1831 732 1911 quod
754 1830 824 1892 tibi
847 1830 942 1891 addo
965 1831 1158 1895 dieculam.

141 1935 229 1997 Varro
251 1940 348 1995 autem
368 1930 513 2007 distinxit,
540 1940 573 1993 ut
593 1932 755 1994 masculino
784 1951 891 2012 genere
913 1934 999 1995 unius
1021 1935 1076 1997 diei
1099 1956 1216 1998 cursum
1241 1936 1429 2014 significaret,
1443 1962 1466 2004 ra

141 2038 279 2100 leminiuo
299 2042 395 2097 autem
416 2034 556 2115 temporis
578 2034 719 2113 spatimn;
742 2035 819 2115 quod
842 2055 928 2097 rreum
951 2037 1082 2098 serravit.
1128 2058 1194 2099 riam
1218 2040 1244 2099 et
1267 2041 1429 2101 secumdum

141 2139 357 2203 distinctionem
378 2135 449 2197 dixit
468 2134 610 2215 Vergilius

123 2236 126 2246 '
302 2238 404 2301 venit
426 2238 587 2318 sum]]ma
604 2238 702 2313 dics,

76 2363 79 2369 ’
141 2347 169 2409 id
189 2353 233 2407 est
251 2352 383 2423 tompus,
411 2349 440 2401 ct

303 2444 369 2506 ille
395 2445 475 2505 dies
497 2442 640 2523 primus
660 2438 768 2524 leti,]
1439 2468 1466 2509 at

139 2567 193 2629 pro
218 2567 276 2609 uno
298 2547 353 2607 die.
400 2553 494 2605 tamen
518 2552 547 2604 ct
568 2545 706 2605 leminino
725 2561 833 2622 genere
853 2541 908 2602 diei
933 2543 1058 2622 spatium
1080 2544 1240 2623 significat,
1262 2549 1386 2609 41141411

303 2654 526 2727 exspectata
550 2640 637 2707 dies'
652 2633 790 2706 aderat.
1065 2660 1126 2707 'st’

1081 2724 1090 2749 t

178 2769 183 2779 ‘
211 2767 276 2850 ι[114
305 2764 493 2847 pronomine]
538 2764 566 2825 ls
590 2764 678 2824 homo
706 2762 782 2823 idem
805 2764 989 2843 conpositum
1015 2766 1084 2826 lacit
1105 2787 1124 2824 s
1153 2765 1208 2828 nisi
1232 2769 1298 2846 quia
1321 2773 1429 2832 tlacsar

210 3026 221 3074 l
244 3020 332 3089 Quies]
350 3023 447 3074 0114414.
464 3037 491 3085 p.
509 3020 552 3074 52.
574 3021 624 3074 114
711 3026 727 3076 2
752 3025 784 3075 ud
808 2992 935 3075 Metelllrm
959 3024 1063 3073 coniecit
1082 3021 1319 3089 discripsi-Lapatia
1340 3028 1426 3091 uduot.

138 3097 163 3146 in
181 3095 231 3146 Cic.
251 3098 324 3158 epist.
346 3094 433 3143 lada.
452 3094 481 3155 2,
508 3099 536 3141 at
552 3094 737 3158 brielleycretur
755 3096 858 3145 Lucceii
879 3094 915 3143 ad
932 3093 1071 3143 0144444414
1092 3095 1213 3155 epistula,
1241 3097 1292 3146 Cic.
1313 3098 1349 3146 ud
1362 3101 1426 3160 funt.

138 3168 161 3216 V
181 3166 222 3225 14,
243 3166 255 3214 1
326 3163 342 3215 3
361 3177 392 3213 ex
408 3163 448 3212 his
466 3160 599 3269 Si'biulliuis
617 3162 644 3213 N
659 3179 692 3214 ex
708 3163 840 3229 Sibyllinis
855 3163 987 3215 Fabricius
1061 3166 1077 3214 4
1098 3163 1157 3212 14411
1174 3164 1306 3215 Fabricius
1323 3168 1385 3216 lucit
1405 3169 1429 3216 N

208 3284 304 3350 Syllam
323 3284 454 3353 l'abricias
469 3282 595 3348 syllabam
607 3283 640 3342 N,
659 3287 708 3335 nisi
724 3285 791 3349 quod
807 3298 855 3334 non
871 3286 936 3334 eutis
953 3284 1074 3346 adparuit
1088 3293 1168 3334 atrum
1185 3300 1238 3334 -am
1256 3302 1289 3335 an
1307 3300 1333 3334 -u
1352 3297 1428 3347 esset,

138 3355 230 3421 sibylla
249 3371 286 3403 w:
303 3356 337 3418 cs.
359 3353 475 3404 Macrob.
494 3352 599 3407 Saturis.
621 3356 630 3403 l
651 3355 692 3418 17,
712 3356 744 3404 27
831 3354 959 3404 afuerim
977 3354 1074 3404 similes
1092 3360 1131 3405 vet
1147 3355 1271 3418 similesq,
1290 3355 1314 3403 Ν
1334 3357 1429 3406 11141141

139 3427 283 3475 consimiles
301 3439 335 3474 ur:
355 3424 431 3474 luerit
444 3423 576 3474 Fabricius
663 3425 689 3472 in
707 3424 767 3474 ludo
785 3424 862 3490 psylli
880 3438 914 3471 to:
934 3426 959 3472 in
977 3423 1037 3473 ludo
1055 3425 1114 3488 sylli
1133 3426 1265 3485 dicuntur,
1289 3440 1353 3487 quos
1372 3428 1429 3475 441-

138 3511 187 3562 gus
206 3496 377 3561 imprudenter
392 3493 491 3561 psyllos
510 3495 619 3560 appellnt
633 3494 765 3545 Fabricius
835 3493 867 3544 10
886 3500 910 3542 41
928 3503 1045 3557 quartum
1063 3504 1087 3542 et
1105 3497 1219 3558 quintum
1237 3496 1361 3545 kalendas
1377 3512 1428 3546 uou

138 3574 250 3629 quartam
275 3574 300 3616 et
319 3567 431 3629 quintam
445 3581 463 3628 p
495 3572 521 3612 ut
544 3572 659 3628 quartum
679 3572 704 3615 41
725 3565 839 3627 quintum
862 3563 964 3613 kalend.
990 3579 1039 3612 nou
1062 3577 1175 3628 quartam
1203 3579 1248 3614 nee
1270 3567 1384 3629 quintum
1405 3568 1431 3615 N

144 3637 146 3640 ’
209 3636 238 3687 11
260 3636 413 3701 intellegitur
426 3649 447 3697 p
465 3632 624 3700 intellegatur
642 3634 670 3682 N
755 3633 786 3685 13
810 3630 957 3697 Terentius]
977 3634 1060 3682 Andr.
1080 3636 1219 3696 11112,27
1306 3635 1338 3684 14
1365 3639 1429 3698 quid

138 3705 184 3755 tibi
200 3724 221 3756 ω
238 3706 300 3769 quid
317 3705 339 3757 si
357 3705 402 3754 tibi
418 3703 549 3753 Fabricius
635 3704 667 3754 15
691 3704 814 3777 distinxit·
834 3710 857 3752 et
879 3703 936 3752 mai
958 3706 1023 3769 geni
1043 3705 1118 3753 unius
1136 3706 1186 3755 diei
1206 3719 1307 3755 cursuum
1326 3707 1429 3772 signib-

138 3791 195 3825 care
210 3775 235 3824 N
261 3775 391 3826 distincxit
408 3773 548 3823 masculino
566 3788 659 3839 genere
676 3775 751 3824 11111114
772 3772 823 3823 diei
841 3787 930 3822 cursus
948 3773 1101 3839 signiticaret
1114 3790 1145 3837 p:
1179 3783 1205 3822 ut
1222 3801 1254 3808 -
1271 3775 1430 3840 signiticaret

138 3845 272 3897 Patscltius
292 3854 366 3894 41-
384 3842 527 3909 significare
551 3844 586 3893 ait
609 3846 712 3894 coniecit
727 3843 913 3893 Lindemanmts
997 3843 1028 3893 td
1051 3846 1188 3894 secundum
1212 3843 1277 3892 lreuc
1302 3845 1429 3896 defiuitio-

138 3922 229 3979 nunp
317 3914 348 3965 te
365 3912 442 3977 venit]
466 3914 545 3976 Verp.
564 3913 629 3965 Aen.
649 3914 735 3965 11324
820 3910 924 3978 201114]
947 3914 1112 3978 74144144.
1133 3915 1176 3964 llll
1197 3911 1245 3963 toti
1332 3915 1385 3981 legi
1404 3917 1431 3965 N

65 3986 75 4005 '
205 3986 341 4035 2114111411
366 4018 441 4033 .....
461 3979 547 4049 lgent}
565 3982 590 4031 N
615 3990 698 4033 tamen
717 3982 895 4033 etloemiuiuo
916 3997 1009 4049 genere
1027 3997 1061 4030 w:
1091 3994 1174 4033 tameo
1193 3982 1286 4033 etiem
1305 3983 1428 4049 geddici

136 4057 247 4122 spatium
265 4054 387 4120 temporis
402 4061 429 4101 ut
446 4060 625 4118 exspectatap
697 4052 866 4119 significatum
885 4053 920 4102 ait
939 4052 966 4101 N
1032 4053 1066 4101 22
1082 4049 1240 4119 exspectata]
1264 4054 1426 4119 74444144.

136 4126 160 4176 V
181 4125 243 4178 104:
263 4127 364 4187 iamque
383 4122 438 4173 dica
456 4122 562 4173 intends
580 4121 667 4172 aderat
685 4137 707 4172 ω
800 4123 914 4172 41141411-
936 4122 972 4171 lle
989 4121 1090 4185 pomis
1109 4123 1184 4173 homo
1200 4121 1206 4190 ]
1221 4125 1290 4173 ldem
1307 4127 1428 4192 conposi-

136 4203 188 4246 tum
206 4195 267 4245 lecit
284 4195 334 4244 uisi
353 4194 413 4260 quin
429 4208 502 4258 cesar
516 4192 543 4241 N
555 4192 650 4245 ederat.
671 4193 705 4242 14.
725 4191 800 4241 homo
818 4192 884 4242 idem
903 4194 1063 4257 conpositum
1082 4192 1143 4242 lacit
1162 4193 1240 4244 Cesar
1253 4209 1281 4256 p.
1310 4194 1347 4244 De
1366 4210 1428 4261 pro·

136 4267 245 4326 nomine,
263 4263 398 4314 44444441
413 4264 518 4326 capitali
532 4262 662 4312 exordinari
677 4264 794 4326 fecerum
810 4262 929 4324 editores,
946 4262 1105 4328 4441449144
1123 4264 1225 4313 inlatum
1244 4278 1299 4314 esse
1315 4265 1424 4320 videtur.

133 4343 273 4399 praeterea
293 4348 343 4400 pro
365 4334 387 4382 14
408 4332 484 4382 homo
501 4333 615 4396 sortasse
631 4333 785 4382 scribendine
803 4333 854 4395 fait
870 4333 893 4382 is
908 4345 1057 4398 pronomen.
1094 4334 1191 4397 reliqua
1212 4336 1249 4383 ita
1271 4335 1429 4386 ernendanda

136 4407 285 4456 ereistirraoit
299 4403 468 4467 Nipperdeias
486 4402 668 4467 0444144941.
686 4418 712 4466 p.
730 4402 794 4462 757,
813 4403 864 4453 nisi
882 4405 942 4466 quia
961 4401 1053 4452 Caesar
1072 4402 1137 4452 libro
1155 4405 1265 4453 secundo
1285 4403 1353 4454 idem
1370 4407 1427 4471 piu·

136 4475 222 4526 naliter
237 4481 261 4525 et
276 4473 357 4523 isdem
376 4473 510 4524 dicendum
534 4471 672 4523 conttrmst.
707 4471 862 4523 intercidisse
881 4473 967 4535 patius
988 4472 1098 4537 aliquid,
1121 4488 1168 4537 qao
1190 4489 1249 4522 osas
1269 4474 1389 4539 loquendi
1408 4492 1426 4525 a

136 4545 255 4596 Caesaris
276 4550 413 4607 praecepto
437 4544 550 4592 dicerem
570 4543 694 4593 indicatus
715 4550 795 4602 creet,
826 4542 1004 4593 demonstravit
1021 4542 1171 4592 Ritsciiclius
1194 4544 1225 4593 de
1248 4545 1426 4608 epiprarronate

134 4614 233 4664 Sarmro
257 4611 481 4679 (Bounae1852)
501 4627 529 4674 pt
548 4611 582 4662 20
606 4619 632 4661 ct
653 4611 702 4661 ind.
727 4613 783 4661 lect.
802 4611 882 4661 Bona.
901 4611 952 4663 bib.
978 4611 1099 4666 141855.
1136 4614 1226 4662 1441144
1250 4621 1330 4663 autem
1353 4630 1426 4680 qaam

135 4683 244 4735 indicavi
257 4685 293 4734 ita
308 4685 420 4747 impleri
432 4676 599 4746 probabiliter
610 4684 716 4744 poterit,
742 4683 765 4729 14
783 4681 858 4730 lromo
877 4683 945 4731 idem
963 4683 1121 4746 conpositum
1141 4682 1200 4731 iecit
1217 4686 1424 4751 1444414441πὶ-

136 4761 174 4801 ter
197 4767 271 4816 quom
295 4751 439 4818 pluraliter,
467 4752 516 4801 4141
536 4751 595 4814 quia
618 4749 710 4801 Caesar
732 4766 786 4815 sqq.
810 4766 867 4801 auru
893 4752 924 4802 de
948 4751 1106 4802 dictinctione
1128 4751 1299 4802 vocabulorum
1323 4755 1424 4806 diuersa

135 4823 322 4887 sipiificantirrn
338 4821 389 4872 dici
403 4828 496 4872 certam
512 4828 550 4872 est
