<?xml version="1.0" encoding="UTF-8"?>
<!DOCTYPE html PUBLIC "-//W3C//DTD XHTML 1.0 Transitional//EN"
    "http://www.w3.org/TR/xhtml1/DTD/xhtml1-transitional.dtd">
<html xmlns="http://www.w3.org/1999/xhtml" xml:lang="en" lang="en">
 <head>
  <title>
</title>
<meta http-equiv="Content-Type" content="text/html;charset=utf-8" />
  <meta name='ocr-system' content='tesseract 3.04.00' />
  <meta name='ocr-capabilities' content='ocr_page ocr_carea ocr_par ocr_line ocrx_word'/>
</head>
<body>
  <div class='ocr_page' id='page_1' title='image "./grammaticilatin02keilgoog_0299.png"; bbox 0 0 3114 5348; ppageno 0'>
   <div class='ocr_carea' id='block_1_1' title="bbox 131 165 862 234">
    <p class='ocr_par' dir='ltr' id='par_1_1' title="bbox 131 165 862 234">
     <span class='ocr_line' id='line_1_1' title="bbox 131 165 862 234; baseline -0.008 -1"><span class='ocrx_word' id='word_1_1' title='bbox 131 169 192 234; x_wconf 80' lang='grc'><strong>232</strong></span> <span class='ocrx_word' id='word_1_2' title='bbox 699 165 862 229; x_wconf 76' lang='lat' dir='ltr'><strong>cntmsll</strong></span> 
     </span>
    </p>
   </div>
   <div class='ocr_carea' id='block_1_2' title="bbox 131 277 1426 433">
    <p class='ocr_par' dir='ltr' id='par_1_2' title="bbox 131 277 1426 433">
     <span class='ocr_line' id='line_1_2' title="bbox 351 277 1287 327; baseline -0.006 0"><span class='ocrx_word' id='word_1_3' title='bbox 351 311 358 327; x_wconf 92' lang='lat'><strong>.</strong></span> <span class='ocrx_word' id='word_1_4' title='bbox 1216 306 1222 321; x_wconf 92' lang='lat'><strong>.</strong></span> <span class='ocrx_word' id='word_1_5' title='bbox 1239 277 1287 321; x_wconf 82' lang='grc' dir='ltr'><strong><em>ιιι.</em></strong></span> 
     </span>
     <span class='ocr_line' id='line_1_3' title="bbox 131 278 1426 433; baseline -0.006 -12"><span class='ocrx_word' id='word_1_6' title='bbox 131 283 477 428; x_wconf 49' lang='lat' dir='ltr'><strong>nslbrii&#39;eiiriasnnr,</strong></span> <span class='ocrx_word' id='word_1_7' title='bbox 510 353 711 416; x_wconf 78' lang='lat' dir='ltr'><strong>adverbialiter</strong></span> <span class='ocrx_word' id='word_1_8' title='bbox 732 360 819 429; x_wconf 90' lang='lat' dir='ltr'><strong>eunt;</strong></span> <span class='ocrx_word' id='word_1_9' title='bbox 848 352 975 433; x_wconf 88' lang='lat' dir='ltr'><strong>receptis</strong></span> <span class='ocrx_word' id='word_1_10' title='bbox 997 349 1164 414; x_wconf 89' lang='lat' dir='ltr'><strong>casibus-in</strong></span> <span class='ocrx_word' id='word_1_11' title='bbox 1185 278 1426 431; x_wconf 53' lang='lat' dir='ltr'><strong>piaspusiuines</strong></span> 
     </span>
    </p>
   </div>
   <div class='ocr_carea' id='block_1_3' title="bbox 87 459 1462 3390">
    <p class='ocr_par' dir='ltr' id='par_1_3' title="bbox 130 459 1270 521">
     <span class='ocr_line' id='line_1_4' title="bbox 130 459 1270 521; baseline -0.004 0"><span class='ocrx_word' id='word_1_12' title='bbox 130 459 262 521; x_wconf 78' lang='grc' dir='ltr'><strong><em>οοιιίιιιιλ.</em></strong></span> <span class='ocrx_word' id='word_1_13' title='bbox 850 471 856 482; x_wconf 91' lang='grc'><em>·</em></span> <span class='ocrx_word' id='word_1_14' title='bbox 1266 482 1270 489; x_wconf 93' lang='grc'><strong><em>·</em></strong></span> 
     </span>
    </p>

    <p class='ocr_par' dir='ltr' id='par_1_4' title="bbox 129 551 1462 1357">
     <span class='ocr_line' id='line_1_5' title="bbox 214 551 1421 640; baseline -0.008 -17"><span class='ocrx_word' id='word_1_15' title='bbox 214 561 336 624; x_wconf 81' lang='lat' dir='ltr'><strong>Nomina</strong></span> <span class='ocrx_word' id='word_1_16' title='bbox 357 559 513 621; x_wconf 89' lang='lat' dir='ltr'><strong>civitatium</strong></span> <span class='ocrx_word' id='word_1_17' title='bbox 534 558 597 621; x_wconf 90' lang='lat' dir='ltr'><strong>sine</strong></span> <span class='ocrx_word' id='word_1_18' title='bbox 624 559 840 640; x_wconf 81' lang='lat' dir='ltr'><strong>praepositione</strong></span> <span class='ocrx_word' id='word_1_19' title='bbox 866 566 935 622; x_wconf 87' lang='lat' dir='ltr'><strong>sunt</strong></span> <span class='ocrx_word' id='word_1_20' title='bbox 956 573 1025 617; x_wconf 84' lang='lat' dir='ltr'><strong>cam</strong></span> <span class='ocrx_word' id='word_1_21' title='bbox 1044 551 1149 615; x_wconf 82' lang='lat' dir='ltr'><strong>cerdis</strong></span> <span class='ocrx_word' id='word_1_22' title='bbox 1171 553 1259 616; x_wconf 91' lang='lat' dir='ltr'><strong>eundi</strong></span> <span class='ocrx_word' id='word_1_23' title='bbox 1279 551 1421 616; x_wconf 86' lang='lat' dir='ltr'><strong>manendi</strong></span> 
     </span>
     <span class='ocr_line' id='line_1_6' title="bbox 130 657 1422 741; baseline -0.009 -12"><span class='ocrx_word' id='word_1_24' title='bbox 130 665 279 729; x_wconf 83' lang='lat' dir='ltr'><strong>redeundi.</strong></span> <span class='ocrx_word' id='word_1_25' title='bbox 323 662 375 726; x_wconf 91' lang='lat' dir='ltr'><strong>sed</strong></span> <span class='ocrx_word' id='word_1_26' title='bbox 396 671 494 725; x_wconf 91' lang='lat' dir='ltr'><strong>etrus</strong></span> <span class='ocrx_word' id='word_1_27' title='bbox 516 661 579 723; x_wconf 89' lang='lat' dir='ltr'><strong>siue</strong></span> <span class='ocrx_word' id='word_1_28' title='bbox 596 660 828 741; x_wconf 79' lang='lat' dir='ltr'>praepositione,</span> <span class='ocrx_word' id='word_1_29' title='bbox 849 678 901 721; x_wconf 91' lang='lat' dir='ltr'><strong>rus</strong></span> <span class='ocrx_word' id='word_1_30' title='bbox 922 678 974 733; x_wconf 88' lang='lat' dir='ltr'><strong>eo,</strong></span> <span class='ocrx_word' id='word_1_31' title='bbox 996 659 1057 720; x_wconf 89' lang='lat' dir='ltr'><strong>ruri</strong></span> <span class='ocrx_word' id='word_1_32' title='bbox 1076 677 1159 733; x_wconf 90' lang='lat' dir='ltr'><strong>sum,</strong></span> <span class='ocrx_word' id='word_1_33' title='bbox 1183 676 1251 718; x_wconf 89' lang='lat' dir='ltr'><strong>rure</strong></span> <span class='ocrx_word' id='word_1_34' title='bbox 1264 657 1366 733; x_wconf 85' lang='lat' dir='ltr'><strong>renio;</strong></span> <span class='ocrx_word' id='word_1_35' title='bbox 1388 663 1422 719; x_wconf 86' lang='lat' dir='ltr'><strong>et</strong></span> 
     </span>
     <span class='ocr_line' id='line_1_7' title="bbox 130 759 1461 845; baseline -0.007 -14"><span class='ocrx_word' id='word_1_36' title='bbox 130 770 234 831; x_wconf 89' lang='lat' dir='ltr'><strong>domus</strong></span> <span class='ocrx_word' id='word_1_37' title='bbox 255 767 319 829; x_wconf 89' lang='lat' dir='ltr'><strong>sine</strong></span> <span class='ocrx_word' id='word_1_38' title='bbox 340 763 571 845; x_wconf 81' lang='lat' dir='ltr'><strong>praepositione,</strong></span> <span class='ocrx_word' id='word_1_39' title='bbox 598 762 677 823; x_wconf 76' lang='lat' dir='ltr'><strong>velut</strong></span> <span class='ocrx_word' id='word_1_40' title='bbox 697 763 815 824; x_wconf 90' lang='lat' dir='ltr'><strong>domum</strong></span> <span class='ocrx_word' id='word_1_41' title='bbox 837 780 888 837; x_wconf 87' lang='lat' dir='ltr'><strong>eo,</strong></span> <span class='ocrx_word' id='word_1_42' title='bbox 916 760 994 822; x_wconf 91' lang='lat' dir='ltr'><strong>domi</strong></span> <span class='ocrx_word' id='word_1_43' title='bbox 1017 780 1097 834; x_wconf 89' lang='lat' dir='ltr'><strong>sum,</strong></span> <span class='ocrx_word' id='word_1_44' title='bbox 1126 760 1212 824; x_wconf 91' lang='lat' dir='ltr'><strong>domo</strong></span> <span class='ocrx_word' id='word_1_45' title='bbox 1235 759 1337 835; x_wconf 84' lang='lat' dir='ltr'><strong>venio,</strong></span> <span class='ocrx_word' id='word_1_46' title='bbox 1364 759 1418 823; x_wconf 87' lang='lat' dir='ltr'><strong>sed</strong></span> <span class='ocrx_word' id='word_1_47' title='bbox 1441 767 1461 810; x_wconf 75' lang='lat'>⁸</span> 
     </span>
     <span class='ocr_line' id='line_1_8' title="bbox 131 861 1415 945; baseline -0.005 -13"><span class='ocrx_word' id='word_1_48' title='bbox 131 871 215 932; x_wconf 88' lang='lat' dir='ltr'><strong>etde</strong></span> <span class='ocrx_word' id='word_1_49' title='bbox 237 870 333 931; x_wconf 89' lang='lat' dir='ltr'><strong>domo.</strong></span> <span class='ocrx_word' id='word_1_50' title='bbox 377 867 524 927; x_wconf 74' lang='lat' dir='ltr'>dumtaxat</span> <span class='ocrx_word' id='word_1_51' title='bbox 546 866 575 926; x_wconf 93' lang='lat' dir='ltr'><strong>in</strong></span> <span class='ocrx_word' id='word_1_52' title='bbox 598 865 681 926; x_wconf 83' lang='lat' dir='ltr'><strong>tertia</strong></span> <span class='ocrx_word' id='word_1_53' title='bbox 706 882 831 945; x_wconf 91' lang='lat' dir='ltr'><strong>persona</strong></span> <span class='ocrx_word' id='word_1_54' title='bbox 857 863 1020 924; x_wconf 82' lang='lat' dir='ltr'><strong>invenimus</strong></span> <span class='ocrx_word' id='word_1_55' title='bbox 1045 862 1160 942; x_wconf 91' lang='lat' dir='ltr'><strong>saepius</strong></span> <span class='ocrx_word' id='word_1_56' title='bbox 1187 861 1217 923; x_wconf 92' lang='lat' dir='ltr'><strong>iu</strong></span> <span class='ocrx_word' id='word_1_57' title='bbox 1245 863 1366 925; x_wconf 92' lang='lat' dir='ltr'><strong>domum</strong></span> <span class='ocrx_word' id='word_1_58' title='bbox 1386 864 1415 925; x_wconf 83' lang='lat' dir='ltr'><strong>it</strong></span> 
     </span>
     <span class='ocr_line' id='line_1_9' title="bbox 131 963 1415 1051; baseline -0.005 -18"><span class='ocrx_word' id='word_1_59' title='bbox 131 971 304 1051; x_wconf 81' lang='lat' dir='ltr'><strong>generaliter</strong></span> <span class='ocrx_word' id='word_1_60' title='bbox 325 979 424 1032; x_wconf 88' lang='lat' dir='ltr'><strong>autem</strong></span> <span class='ocrx_word' id='word_1_61' title='bbox 451 976 479 1030; x_wconf 93' lang='lat' dir='ltr'><strong>et</strong></span> <span class='ocrx_word' id='word_1_62' title='bbox 507 967 662 1041; x_wconf 86' lang='lat' dir='ltr'><strong>canonice,</strong></span> <span class='ocrx_word' id='word_1_63' title='bbox 698 975 731 1029; x_wconf 89' lang='lat' dir='ltr'><strong>ut</strong></span> <span class='ocrx_word' id='word_1_64' title='bbox 754 966 919 1040; x_wconf 84' lang='lat' dir='ltr'><strong>Romanus,</strong></span> <span class='ocrx_word' id='word_1_65' title='bbox 951 965 1159 1027; x_wconf 81' lang='lat' dir='ltr'><strong>disertissimus</strong></span> <span class='ocrx_word' id='word_1_66' title='bbox 1187 963 1257 1026; x_wconf 88' lang='lat' dir='ltr'><strong>artis</strong></span> <span class='ocrx_word' id='word_1_67' title='bbox 1280 965 1415 1045; x_wconf 74' lang='lat' dir='ltr'><strong>scriptor,</strong></span> 
     </span>
     <span class='ocr_line' id='line_1_10' title="bbox 131 1066 1417 1155; baseline -0.004 -21"><span class='ocrx_word' id='word_1_68' title='bbox 131 1074 233 1148; x_wconf 80' lang='lat' dir='ltr'><strong>refert,</strong></span> <span class='ocrx_word' id='word_1_69' title='bbox 256 1073 486 1155; x_wconf 80' lang='lat' dir='ltr'><strong>praepositiones</strong></span> <span class='ocrx_word' id='word_1_70' title='bbox 507 1070 642 1151; x_wconf 77' lang='lat' dir='ltr'><strong>gentihus</strong></span> <span class='ocrx_word' id='word_1_71' title='bbox 665 1090 717 1132; x_wconf 89' lang='lat' dir='ltr'><strong>seu</strong></span> <span class='ocrx_word' id='word_1_72' title='bbox 738 1069 904 1131; x_wconf 91' lang='lat' dir='ltr'><strong>nationibus</strong></span> <span class='ocrx_word' id='word_1_73' title='bbox 924 1069 1085 1143; x_wconf 88' lang='lat' dir='ltr'><strong>adduntur,</strong></span> <span class='ocrx_word' id='word_1_74' title='bbox 1106 1066 1269 1129; x_wconf 74' lang='lat' dir='ltr'><strong>civitatibus</strong></span> <span class='ocrx_word' id='word_1_75' title='bbox 1284 1066 1417 1129; x_wconf 89' lang='lat' dir='ltr'><strong>adimun-</strong></span> 
     </span>
     <span class='ocr_line' id='line_1_11' title="bbox 130 1168 1417 1251; baseline -0.003 -16"><span class='ocrx_word' id='word_1_76' title='bbox 130 1181 177 1236; x_wconf 92' lang='lat' dir='ltr'><strong>tur</strong></span> <span class='ocrx_word' id='word_1_77' title='bbox 199 1185 228 1236; x_wconf 89' lang='lat' dir='ltr'><strong>et</strong></span> <span class='ocrx_word' id='word_1_78' title='bbox 247 1175 453 1247; x_wconf 87' lang='lat' dir='ltr'><strong>detrahuntur,</strong></span> <span class='ocrx_word' id='word_1_79' title='bbox 481 1172 550 1236; x_wconf 91' lang='lat' dir='ltr'><strong>licet</strong></span> <span class='ocrx_word' id='word_1_80' title='bbox 571 1179 671 1233; x_wconf 88' lang='lat' dir='ltr'><strong>contra</strong></span> <span class='ocrx_word' id='word_1_81' title='bbox 690 1191 750 1234; x_wconf 91' lang='lat' dir='ltr'><strong>non</strong></span> <span class='ocrx_word' id='word_1_82' title='bbox 769 1170 865 1232; x_wconf 89' lang='lat' dir='ltr'><strong>nullos</strong></span> <span class='ocrx_word' id='word_1_83' title='bbox 889 1177 1003 1231; x_wconf 87' lang='lat' dir='ltr'><strong>veteres</strong></span> <span class='ocrx_word' id='word_1_84' title='bbox 1028 1168 1135 1231; x_wconf 77' lang='lat' dir='ltr'><strong>dixisse</strong></span> <span class='ocrx_word' id='word_1_85' title='bbox 1156 1169 1354 1251; x_wconf 87' lang='lat' dir='ltr'><strong>reperiamus,</strong></span> <span class='ocrx_word' id='word_1_86' title='bbox 1386 1179 1417 1231; x_wconf 93' lang='lat' dir='ltr'><strong>ut</strong></span> 
     </span>
     <span class='ocr_line' id='line_1_12' title="bbox 129 1271 1462 1357; baseline -0.003 -21"><span class='ocrx_word' id='word_1_87' title='bbox 129 1276 206 1356; x_wconf 93' lang='lat' dir='ltr'><strong>apud</strong></span> <span class='ocrx_word' id='word_1_88' title='bbox 226 1275 350 1336; x_wconf 89' lang='lat' dir='ltr'><strong>eundern</strong></span> <span class='ocrx_word' id='word_1_89' title='bbox 372 1271 552 1357; x_wconf 73' lang='lat' dir='ltr'><strong>Romallnum</strong></span> <span class='ocrx_word' id='word_1_90' title='bbox 574 1274 712 1335; x_wconf 86' lang='lat' dir='ltr'><strong>invenies.</strong></span> <span class='ocrx_word' id='word_1_91' title='bbox 839 1277 842 1284; x_wconf 90' lang='lat'>&#39;</span> <span class='ocrx_word' id='word_1_92' title='bbox 1432 1282 1462 1332; x_wconf 78' lang='lat'><strong>1⁴</strong></span> 
     </span>
    </p>

    <p class='ocr_par' dir='ltr' id='par_1_5' title="bbox 104 1373 1462 2171">
     <span class='ocr_line' id='line_1_13' title="bbox 212 1373 1454 1457; baseline -0.002 -20"><span class='ocrx_word' id='word_1_93' title='bbox 212 1376 296 1457; x_wconf 78' lang='lat' dir='ltr'><strong>Apud</strong></span> <span class='ocrx_word' id='word_1_94' title='bbox 318 1375 521 1438; x_wconf 88' lang='lat' dir='ltr'><strong>Palaemonem</strong></span> <span class='ocrx_word' id='word_1_95' title='bbox 542 1375 628 1436; x_wconf 91' lang='lat' dir='ltr'><strong>etiam</strong></span> <span class='ocrx_word' id='word_1_96' title='bbox 649 1375 721 1436; x_wconf 86' lang='lat' dir='ltr'><strong>aliae</strong></span> <span class='ocrx_word' id='word_1_97' title='bbox 743 1375 959 1437; x_wconf 78' lang='lat' dir='ltr'><strong>ohservationes</strong></span> <span class='ocrx_word' id='word_1_98' title='bbox 986 1374 1103 1454; x_wconf 89' lang='lat' dir='ltr'><strong>penitus</strong></span> <span class='ocrx_word' id='word_1_99' title='bbox 1124 1373 1255 1453; x_wconf 76' lang='lat' dir='ltr'><strong>digestae</strong></span> <span class='ocrx_word' id='word_1_100' title='bbox 1269 1381 1356 1449; x_wconf 88' lang='lat' dir='ltr'><strong>sunt,</strong></span> <span class='ocrx_word' id='word_1_101' title='bbox 1384 1381 1417 1436; x_wconf 90' lang='lat' dir='ltr'><strong>ut</strong></span> <span class='ocrx_word' id='word_1_102' title='bbox 1443 1380 1454 1395; x_wconf 87' lang='lat'><strong><em>‘</em></strong></span> 
     </span>
     <span class='ocr_line' id='line_1_14' title="bbox 104 1475 1416 1562; baseline -0.002 -22"><span class='ocrx_word' id='word_1_103' title='bbox 104 1486 213 1562; x_wconf 86' lang='lat' dir='ltr'><strong>puta,</strong></span> <span class='ocrx_word' id='word_1_104' title='bbox 245 1475 423 1558; x_wconf 87' lang='lat' dir='ltr'><strong>praepositio</strong></span> <span class='ocrx_word' id='word_1_105' title='bbox 449 1496 503 1557; x_wconf 87' lang='lat' dir='ltr'><strong>per</strong></span> <span class='ocrx_word' id='word_1_106' title='bbox 526 1478 714 1559; x_wconf 86' lang='lat' dir='ltr'><strong>praeponitur</strong></span> <span class='ocrx_word' id='word_1_107' title='bbox 733 1486 846 1539; x_wconf 88' lang='lat' dir='ltr'><strong>tantum</strong></span> <span class='ocrx_word' id='word_1_108' title='bbox 867 1477 953 1538; x_wconf 93' lang='lat' dir='ltr'><strong>modo</strong></span> <span class='ocrx_word' id='word_1_109' title='bbox 973 1475 1113 1538; x_wconf 82' lang='lat' dir='ltr'><strong>absolutis</strong></span> <span class='ocrx_word' id='word_1_110' title='bbox 1131 1475 1313 1551; x_wconf 90' lang='lat' dir='ltr'><strong>nominibus,</strong></span> <span class='ocrx_word' id='word_1_111' title='bbox 1349 1494 1416 1557; x_wconf 66' lang='lat' dir='ltr'><strong>perr</strong></span> 
     </span>
     <span class='ocr_line' id='line_1_15' title="bbox 129 1576 1416 1662; baseline -0.005 -19"><span class='ocrx_word' id='word_1_112' title='bbox 129 1588 196 1643; x_wconf 88' lang='lat' dir='ltr'><strong>cant</strong></span> <span class='ocrx_word' id='word_1_113' title='bbox 229 1588 325 1641; x_wconf 89' lang='lat' dir='ltr'><strong>autem</strong></span> <span class='ocrx_word' id='word_1_114' title='bbox 357 1579 407 1658; x_wconf 88' lang='lat' dir='ltr'><strong>qui</strong></span> <span class='ocrx_word' id='word_1_115' title='bbox 435 1579 536 1641; x_wconf 84' lang='lat' dir='ltr'><strong>dicum</strong></span> <span class='ocrx_word' id='word_1_116' title='bbox 567 1581 755 1662; x_wconf 88' lang='lat' dir='ltr'><strong>peroptimus.</strong></span> <span class='ocrx_word' id='word_1_117' title='bbox 799 1580 909 1641; x_wconf 90' lang='lat' dir='ltr'><strong>circum</strong></span> <span class='ocrx_word' id='word_1_118' title='bbox 937 1579 1013 1640; x_wconf 88' lang='lat' dir='ltr'><strong>circa</strong></span> <span class='ocrx_word' id='word_1_119' title='bbox 1042 1578 1157 1639; x_wconf 85' lang='lat' dir='ltr'><strong>circiter</strong></span> <span class='ocrx_word' id='word_1_120' title='bbox 1183 1578 1240 1639; x_wconf 89' lang='lat' dir='ltr'><strong>boo</strong></span> <span class='ocrx_word' id='word_1_121' title='bbox 1268 1576 1416 1652; x_wconf 86' lang='lat' dir='ltr'><strong>dillenrnt,</strong></span> 
     </span>
     <span class='ocr_line' id='line_1_16' title="bbox 129 1679 1415 1763; baseline -0.002 -19"><span class='ocrx_word' id='word_1_122' title='bbox 129 1682 206 1763; x_wconf 88' lang='lat' dir='ltr'><strong>quod</strong></span> <span class='ocrx_word' id='word_1_123' title='bbox 226 1681 335 1743; x_wconf 91' lang='lat' dir='ltr'><strong>circum</strong></span> <span class='ocrx_word' id='word_1_124' title='bbox 357 1680 414 1741; x_wconf 87' lang='lat' dir='ltr'><strong>loci</strong></span> <span class='ocrx_word' id='word_1_125' title='bbox 444 1688 503 1756; x_wconf 89' lang='lat' dir='ltr'><strong>est,</strong></span> <span class='ocrx_word' id='word_1_126' title='bbox 536 1682 646 1744; x_wconf 90' lang='lat' dir='ltr'><strong>circum</strong></span> <span class='ocrx_word' id='word_1_127' title='bbox 674 1684 836 1756; x_wconf 88' lang='lat' dir='ltr'><strong>theatrum,</strong></span> <span class='ocrx_word' id='word_1_128' title='bbox 869 1682 946 1742; x_wconf 85' lang='lat' dir='ltr'><strong>eirca</strong></span> <span class='ocrx_word' id='word_1_129' title='bbox 972 1681 1126 1762; x_wconf 89' lang='lat' dir='ltr'><strong>temporis,</strong></span> <span class='ocrx_word' id='word_1_130' title='bbox 1161 1679 1238 1741; x_wconf 89' lang='lat' dir='ltr'><strong>circa</strong></span> <span class='ocrx_word' id='word_1_131' title='bbox 1258 1679 1415 1754; x_wconf 85' lang='lat' dir='ltr'><strong>Kalendas,</strong></span> 
     </span>
     <span class='ocr_line' id='line_1_17' title="bbox 129 1781 1462 1857; baseline -0.003 -11"><span class='ocrx_word' id='word_1_132' title='bbox 129 1785 244 1846; x_wconf 86' lang='lat' dir='ltr'><strong>circiter</strong></span> <span class='ocrx_word' id='word_1_133' title='bbox 260 1783 389 1856; x_wconf 86' lang='lat' dir='ltr'><strong>numeri,</strong></span> <span class='ocrx_word' id='word_1_134' title='bbox 407 1783 522 1844; x_wconf 85' lang='lat' dir='ltr'><strong>circiter</strong></span> <span class='ocrx_word' id='word_1_135' title='bbox 537 1784 624 1847; x_wconf 90' lang='lat' dir='ltr'><strong>horas</strong></span> <span class='ocrx_word' id='word_1_136' title='bbox 641 1786 758 1846; x_wconf 85' lang='lat' dir='ltr'><strong>decem:</strong></span> <span class='ocrx_word' id='word_1_137' title='bbox 781 1792 810 1846; x_wconf 91' lang='lat' dir='ltr'><strong>et</strong></span> <span class='ocrx_word' id='word_1_138' title='bbox 829 1783 853 1846; x_wconf 94' lang='lat' dir='ltr'><strong>si</strong></span> <span class='ocrx_word' id='word_1_139' title='bbox 874 1783 956 1844; x_wconf 89' lang='lat' dir='ltr'><strong>aliter</strong></span> <span class='ocrx_word' id='word_1_140' title='bbox 974 1783 1152 1857; x_wconf 84' lang='lat' dir='ltr'><strong>inveniatur,</strong></span> <span class='ocrx_word' id='word_1_141' title='bbox 1171 1781 1288 1843; x_wconf 85' lang='lat' dir='ltr'><strong>licentia</strong></span> <span class='ocrx_word' id='word_1_142' title='bbox 1305 1781 1416 1843; x_wconf 89' lang='lat' dir='ltr'><strong>dictum</strong></span> <span class='ocrx_word' id='word_1_143' title='bbox 1428 1786 1462 1835; x_wconf 71' lang='lat'><strong>¹5</strong></span> 
     </span>
     <span class='ocr_line' id='line_1_18' title="bbox 129 1883 1415 1964; baseline -0.002 -15"><span class='ocrx_word' id='word_1_144' title='bbox 129 1887 249 1949; x_wconf 83' lang='lat' dir='ltr'><strong>videtur.</strong></span> <span class='ocrx_word' id='word_1_145' title='bbox 281 1893 382 1947; x_wconf 88' lang='lat' dir='ltr'><strong>contra</strong></span> <span class='ocrx_word' id='word_1_146' title='bbox 405 1892 434 1945; x_wconf 89' lang='lat' dir='ltr'><strong>et</strong></span> <span class='ocrx_word' id='word_1_147' title='bbox 455 1884 594 1949; x_wconf 85' lang='lat' dir='ltr'><strong>adversus</strong></span> <span class='ocrx_word' id='word_1_148' title='bbox 615 1887 671 1948; x_wconf 90' lang='lat' dir='ltr'><strong>boc</strong></span> <span class='ocrx_word' id='word_1_149' title='bbox 693 1887 846 1961; x_wconf 91' lang='lat' dir='ltr'><strong>dillerunt,</strong></span> <span class='ocrx_word' id='word_1_150' title='bbox 868 1885 944 1964; x_wconf 88' lang='lat' dir='ltr'><strong>quod</strong></span> <span class='ocrx_word' id='word_1_151' title='bbox 967 1894 1067 1946; x_wconf 88' lang='lat' dir='ltr'><strong>contra</strong></span> <span class='ocrx_word' id='word_1_152' title='bbox 1088 1883 1146 1946; x_wconf 91' lang='lat' dir='ltr'><strong>loci</strong></span> <span class='ocrx_word' id='word_1_153' title='bbox 1168 1891 1230 1961; x_wconf 84' lang='lat' dir='ltr'><strong>est,</strong></span> <span class='ocrx_word' id='word_1_154' title='bbox 1253 1883 1332 1946; x_wconf 79' lang='lat' dir='ltr'><strong>velut</strong></span> <span class='ocrx_word' id='word_1_155' title='bbox 1346 1903 1415 1946; x_wconf 92' lang='lat' dir='ltr'><strong>oon-</strong></span> 
     </span>
     <span class='ocr_line' id='line_1_19' title="bbox 128 1985 1416 2067; baseline -0.001 -19"><span class='ocrx_word' id='word_1_156' title='bbox 128 1994 172 2048; x_wconf 88' lang='lat' dir='ltr'><strong>tra</strong></span> <span class='ocrx_word' id='word_1_157' title='bbox 201 1986 366 2062; x_wconf 87' lang='lat' dir='ltr'><strong>basilicam,</strong></span> <span class='ocrx_word' id='word_1_158' title='bbox 396 1987 536 2049; x_wconf 82' lang='lat' dir='ltr'><strong>adversus</strong></span> <span class='ocrx_word' id='word_1_159' title='bbox 564 1989 600 2049; x_wconf 88' lang='lat' dir='ltr'><strong>ad</strong></span> <span class='ocrx_word' id='word_1_160' title='bbox 625 1989 712 2050; x_wconf 91' lang='lat' dir='ltr'><strong>animi</strong></span> <span class='ocrx_word' id='word_1_161' title='bbox 740 1997 851 2051; x_wconf 87' lang='lat' dir='ltr'><strong>motum</strong></span> <span class='ocrx_word' id='word_1_162' title='bbox 877 1986 1030 2067; x_wconf 72' lang='lat' dir='ltr'><strong>refertar,</strong></span> <span class='ocrx_word' id='word_1_163' title='bbox 1062 1986 1140 2047; x_wconf 83' lang='lat' dir='ltr'><strong>velut</strong></span> <span class='ocrx_word' id='word_1_164' title='bbox 1165 1987 1305 2048; x_wconf 81' lang='lat' dir='ltr'><strong>adsersus</strong></span> <span class='ocrx_word' id='word_1_165' title='bbox 1334 1985 1416 2047; x_wconf 86' lang='lat' dir='ltr'><strong>illurn</strong></span> 
     </span>
     <span class='ocr_line' id='line_1_20' title="bbox 129 2090 898 2171; baseline 0.001 -22"><span class='ocrx_word' id='word_1_166' title='bbox 129 2090 219 2165; x_wconf 90' lang='lat' dir='ltr'><strong>lacio;</strong></span> <span class='ocrx_word' id='word_1_167' title='bbox 239 2090 385 2151; x_wconf 86' lang='lat' dir='ltr'><strong>interdum</strong></span> <span class='ocrx_word' id='word_1_168' title='bbox 404 2098 501 2151; x_wconf 87' lang='lat' dir='ltr'><strong>autern</strong></span> <span class='ocrx_word' id='word_1_169' title='bbox 521 2091 686 2171; x_wconf 91' lang='lat' dir='ltr'><strong>promiscue</strong></span> <span class='ocrx_word' id='word_1_170' title='bbox 707 2091 898 2171; x_wconf 89' lang='lat' dir='ltr'><strong>accipiuntur.</strong></span> 
     </span>
    </p>

    <p class='ocr_par' dir='ltr' id='par_1_6' title="bbox 87 2190 1451 2480">
     <span class='ocr_line' id='line_1_21' title="bbox 212 2190 1415 2275; baseline -0.001 -23"><span class='ocrx_word' id='word_1_171' title='bbox 212 2191 284 2253; x_wconf 88' lang='lat' dir='ltr'><strong>ltem</strong></span> <span class='ocrx_word' id='word_1_172' title='bbox 306 2201 374 2254; x_wconf 86' lang='lat' dir='ltr'><strong>ante</strong></span> <span class='ocrx_word' id='word_1_173' title='bbox 398 2200 465 2273; x_wconf 90' lang='lat' dir='ltr'><strong>post</strong></span> <span class='ocrx_word' id='word_1_174' title='bbox 485 2212 577 2274; x_wconf 87' lang='lat' dir='ltr'><strong>penes</strong></span> <span class='ocrx_word' id='word_1_175' title='bbox 595 2195 671 2255; x_wconf 88' lang='lat' dir='ltr'><strong>iuter</strong></span> <span class='ocrx_word' id='word_1_176' title='bbox 694 2213 773 2256; x_wconf 87' lang='lat' dir='ltr'><strong>nune</strong></span> <span class='ocrx_word' id='word_1_177' title='bbox 792 2199 1012 2275; x_wconf 88' lang='lat' dir='ltr'><strong>praeponuntur</strong></span> <span class='ocrx_word' id='word_1_178' title='bbox 1033 2190 1165 2266; x_wconf 85' lang='lat' dir='ltr'><strong>casibus,</strong></span> <span class='ocrx_word' id='word_1_179' title='bbox 1197 2208 1276 2251; x_wconf 89' lang='lat' dir='ltr'><strong>nunc</strong></span> <span class='ocrx_word' id='word_1_180' title='bbox 1303 2197 1415 2252; x_wconf 66' lang='lat' dir='ltr'><strong>munta</strong></span> 
     </span>
     <span class='ocr_line' id='line_1_22' title="bbox 87 2293 1451 2374; baseline 0.005 -22"><span class='ocrx_word' id='word_1_181' title='bbox 87 2324 93 2337; x_wconf 89' lang='lat'><strong>·</strong></span> <span class='ocrx_word' id='word_1_182' title='bbox 129 2299 250 2353; x_wconf 88' lang='lat' dir='ltr'><strong>accentu</strong></span> <span class='ocrx_word' id='word_1_183' title='bbox 270 2293 499 2374; x_wconf 82' lang='lat' dir='ltr'><strong>subiunguntur,</strong></span> <span class='ocrx_word' id='word_1_184' title='bbox 521 2305 552 2357; x_wconf 94' lang='lat' dir='ltr'><strong>ut</strong></span> <span class='ocrx_word' id='word_1_185' title='bbox 575 2303 642 2357; x_wconf 89' lang='lat' dir='ltr'><strong>ante</strong></span> <span class='ocrx_word' id='word_1_186' title='bbox 662 2296 759 2372; x_wconf 92' lang='lat' dir='ltr'><strong>illum,</strong></span> <span class='ocrx_word' id='word_1_187' title='bbox 780 2296 860 2357; x_wconf 92' lang='lat' dir='ltr'><strong>illurn</strong></span> <span class='ocrx_word' id='word_1_188' title='bbox 882 2303 958 2356; x_wconf 86' lang='lat' dir='ltr'><strong>ante.</strong></span> <span class='ocrx_word' id='word_1_189' title='bbox 981 2342 988 2362; x_wconf 47' lang='grc' dir='ltr'><strong><em>ι</em></strong></span> <span class='ocrx_word' id='word_1_190' title='bbox 1425 2318 1451 2359; x_wconf 85' lang='grc' dir='ltr'><strong>ιι</strong></span> 
     </span>
     <span class='ocr_line' id='line_1_23' title="bbox 100 2389 1415 2480; baseline 0.002 -27"><span class='ocrx_word' id='word_1_191' title='bbox 100 2449 101 2453; x_wconf 75' lang='grc'>,</span> <span class='ocrx_word' id='word_1_192' title='bbox 213 2395 285 2456; x_wconf 90' lang='lat' dir='ltr'><strong>ltem</strong></span> <span class='ocrx_word' id='word_1_193' title='bbox 307 2396 343 2457; x_wconf 93' lang='lat' dir='ltr'><strong>ab</strong></span> <span class='ocrx_word' id='word_1_194' title='bbox 363 2397 469 2477; x_wconf 85' lang='lat' dir='ltr'><strong>duplex</strong></span> <span class='ocrx_word' id='word_1_195' title='bbox 490 2408 548 2472; x_wconf 89' lang='lat' dir='ltr'><strong>est,</strong></span> <span class='ocrx_word' id='word_1_196' title='bbox 577 2418 644 2459; x_wconf 93' lang='lat' dir='ltr'><strong>nam</strong></span> <span class='ocrx_word' id='word_1_197' title='bbox 664 2408 693 2460; x_wconf 90' lang='lat' dir='ltr'><strong>et</strong></span> <span class='ocrx_word' id='word_1_198' title='bbox 712 2419 765 2480; x_wconf 94' lang='lat' dir='ltr'><strong>pro</strong></span> <span class='ocrx_word' id='word_1_199' title='bbox 785 2389 845 2458; x_wconf 76' lang='grc' dir='ltr'><strong>ἀπό</strong></span> <span class='ocrx_word' id='word_1_200' title='bbox 871 2407 899 2459; x_wconf 92' lang='lat' dir='ltr'><strong>et</strong></span> <span class='ocrx_word' id='word_1_201' title='bbox 925 2416 977 2479; x_wconf 87' lang='lat' dir='ltr'><strong>pro</strong></span> <span class='ocrx_word' id='word_1_202' title='bbox 1003 2391 1055 2456; x_wconf 80' lang='grc' dir='ltr'><strong><em>ἒιιλ</em></strong></span> <span class='ocrx_word' id='word_1_203' title='bbox 1078 2395 1156 2477; x_wconf 89' lang='lat' dir='ltr'><strong>apud</strong></span> <span class='ocrx_word' id='word_1_204' title='bbox 1179 2413 1234 2455; x_wconf 92' lang='lat' dir='ltr'><strong>nos</strong></span> <span class='ocrx_word' id='word_1_205' title='bbox 1263 2393 1415 2474; x_wconf 88' lang='lat' dir='ltr'><strong>accipitur,</strong></span> 
     </span>
    </p>

    <p class='ocr_par' dir='ltr' id='par_1_7' title="bbox 129 2487 1459 3390">
     <span class='ocr_line' id='line_1_24' title="bbox 130 2487 1415 2579; baseline 0.002 -24"><span class='ocrx_word' id='word_1_206' title='bbox 130 2495 206 2556; x_wconf 81' lang='lat' dir='ltr'><strong>velut</strong></span> <span class='ocrx_word' id='word_1_207' title='bbox 233 2496 268 2557; x_wconf 87' lang='lat' dir='ltr'><strong>ab</strong></span> <span class='ocrx_word' id='word_1_208' title='bbox 295 2496 471 2561; x_wconf 88' lang='lat' dir='ltr'><strong>bibliotheca</strong></span> <span class='ocrx_word' id='word_1_209' title='bbox 498 2490 560 2560; x_wconf 76' lang='lat' dir='ltr'><strong>cinti</strong></span> <span class='ocrx_word' id='word_1_210' title='bbox 588 2501 641 2576; x_wconf 80' lang='grc' dir='ltr'><strong>τῆς</strong></span> <span class='ocrx_word' id='word_1_211' title='bbox 667 2496 867 2579; x_wconf 72' lang='grc' dir='ltr'><strong><em>βιβλιοθήκης</em></strong></span> <span class='ocrx_word' id='word_1_212' title='bbox 892 2496 942 2558; x_wconf 81' lang='grc' dir='ltr'><strong><em>κοιλ</em></strong></span> <span class='ocrx_word' id='word_1_213' title='bbox 970 2494 1019 2557; x_wconf 76' lang='grc' dir='ltr'><strong>ἐπὶ</strong></span> <span class='ocrx_word' id='word_1_214' title='bbox 1046 2498 1098 2574; x_wconf 83' lang='grc' dir='ltr'><strong>τῆς</strong></span> <span class='ocrx_word' id='word_1_215' title='bbox 1129 2487 1347 2576; x_wconf 76' lang='grc' dir='ltr'><strong><em>βιβλιοθήκης,</em></strong></span> <span class='ocrx_word' id='word_1_216' title='bbox 1378 2496 1415 2558; x_wconf 83' lang='lat' dir='ltr'><strong>nb</strong></span> 
     </span>
     <span class='ocr_line' id='line_1_25' title="bbox 130 2587 1417 2676; baseline 0.002 -20"><span class='ocrx_word' id='word_1_217' title='bbox 130 2593 263 2676; x_wconf 89' lang='lat' dir='ltr'><strong>epistulis</strong></span> <span class='ocrx_word' id='word_1_218' title='bbox 284 2587 342 2656; x_wconf 69' lang='lat' dir='ltr'><strong>dud</strong></span> <span class='ocrx_word' id='word_1_219' title='bbox 369 2599 429 2658; x_wconf 80' lang='lat' dir='ltr'><strong>suiv</strong></span> <span class='ocrx_word' id='word_1_220' title='bbox 455 2595 615 2662; x_wconf 75' lang='grc' dir='ltr'><strong><em>ἐπιστολῶν</em></strong></span> <span class='ocrx_word' id='word_1_221' title='bbox 640 2599 691 2661; x_wconf 83' lang='grc' dir='ltr'><strong>καὶ</strong></span> <span class='ocrx_word' id='word_1_222' title='bbox 718 2597 766 2661; x_wconf 82' lang='grc' dir='ltr'><strong><em>ἕιιλ</em></strong></span> <span class='ocrx_word' id='word_1_223' title='bbox 793 2601 852 2661; x_wconf 80' lang='grc' dir='ltr'><strong>τῶν</strong></span> <span class='ocrx_word' id='word_1_224' title='bbox 880 2597 1048 2663; x_wconf 75' lang='grc' dir='ltr'><strong><em>ἐπιστολῶν.</em></strong></span> <span class='ocrx_word' id='word_1_225' title='bbox 1091 2601 1160 2661; x_wconf 88' lang='lat' dir='ltr'><strong>item</strong></span> <span class='ocrx_word' id='word_1_226' title='bbox 1189 2619 1205 2660; x_wconf 88' lang='lat' dir='ltr'><strong>a</strong></span> <span class='ocrx_word' id='word_1_227' title='bbox 1233 2607 1263 2660; x_wconf 83' lang='lat' dir='ltr'><strong>et</strong></span> <span class='ocrx_word' id='word_1_228' title='bbox 1294 2598 1330 2659; x_wconf 80' lang='lat' dir='ltr'><strong>ab</strong></span> <span class='ocrx_word' id='word_1_229' title='bbox 1359 2599 1417 2660; x_wconf 88' lang='lat' dir='ltr'><strong>hoc</strong></span> 
     </span>
     <span class='ocr_line' id='line_1_26' title="bbox 130 2697 1417 2782; baseline 0.005 -25"><span class='ocrx_word' id='word_1_230' title='bbox 130 2697 282 2757; x_wconf 90' lang='lat' dir='ltr'><strong>dillerunt:</strong></span> <span class='ocrx_word' id='word_1_231' title='bbox 314 2716 330 2757; x_wconf 90' lang='lat' dir='ltr'><strong>a</strong></span> <span class='ocrx_word' id='word_1_232' title='bbox 354 2703 543 2782; x_wconf 89' lang='lat' dir='ltr'><strong>praeponitur</strong></span> <span class='ocrx_word' id='word_1_233' title='bbox 569 2704 678 2765; x_wconf 92' lang='lat' dir='ltr'><strong>nomini</strong></span> <span class='ocrx_word' id='word_1_234' title='bbox 698 2704 776 2781; x_wconf 88' lang='lat' dir='ltr'><strong>quod</strong></span> <span class='ocrx_word' id='word_1_235' title='bbox 798 2723 815 2763; x_wconf 92' lang='lat' dir='ltr'><strong>a</strong></span> <span class='ocrx_word' id='word_1_236' title='bbox 838 2711 1018 2764; x_wconf 90' lang='lat' dir='ltr'><strong>consonante</strong></span> <span class='ocrx_word' id='word_1_237' title='bbox 1040 2700 1140 2781; x_wconf 89' lang='lat' dir='ltr'><strong>incipit</strong></span> <span class='ocrx_word' id='word_1_238' title='bbox 1157 2710 1207 2762; x_wconf 90' lang='lat' dir='ltr'><strong>aut</strong></span> <span class='ocrx_word' id='word_1_239' title='bbox 1227 2699 1318 2761; x_wconf 82' lang='lat' dir='ltr'><strong>vocab</strong></span> <span class='ocrx_word' id='word_1_240' title='bbox 1340 2717 1417 2778; x_wconf 85' lang='lat' dir='ltr'><strong>quse</strong></span> 
     </span>
     <span class='ocr_line' id='line_1_27' title="bbox 129 2794 1456 2886; baseline 0.004 -29"><span class='ocrx_word' id='word_1_241' title='bbox 129 2816 183 2877; x_wconf 90' lang='lat' dir='ltr'><strong>pro</strong></span> <span class='ocrx_word' id='word_1_242' title='bbox 199 2806 378 2860; x_wconf 88' lang='lat' dir='ltr'><strong>consonante</strong></span> <span class='ocrx_word' id='word_1_243' title='bbox 393 2803 549 2882; x_wconf 87' lang='lat' dir='ltr'><strong>accipitur,</strong></span> <span class='ocrx_word' id='word_1_244' title='bbox 571 2805 606 2866; x_wconf 93' lang='lat' dir='ltr'><strong>ab</strong></span> <span class='ocrx_word' id='word_1_245' title='bbox 629 2806 674 2866; x_wconf 89' lang='lat' dir='ltr'><strong>his</strong></span> <span class='ocrx_word' id='word_1_246' title='bbox 688 2794 884 2886; x_wconf 72' lang='lat' dir='ltr'><strong>‘praeponitur</strong></span> <span class='ocrx_word' id='word_1_247' title='bbox 899 2823 974 2882; x_wconf 90' lang='lat' dir='ltr'><strong>quac</strong></span> <span class='ocrx_word' id='word_1_248' title='bbox 988 2824 1004 2865; x_wconf 88' lang='lat' dir='ltr'><strong>a</strong></span> <span class='ocrx_word' id='word_1_249' title='bbox 1026 2803 1115 2865; x_wconf 82' lang='lat' dir='ltr'><strong>vocali</strong></span> <span class='ocrx_word' id='word_1_250' title='bbox 1132 2803 1289 2883; x_wconf 83' lang='lat' dir='ltr'><strong>incipiunt,</strong></span> <span class='ocrx_word' id='word_1_251' title='bbox 1313 2822 1417 2883; x_wconf 90' lang='lat' dir='ltr'><strong>quam·</strong></span> <span class='ocrx_word' id='word_1_252' title='bbox 1429 2820 1456 2862; x_wconf 81' lang='lat' dir='ltr'><strong>ss</strong></span> 
     </span>
     <span class='ocr_line' id='line_1_28' title="bbox 131 2899 1418 2988; baseline 0.008 -30"><span class='ocrx_word' id='word_1_253' title='bbox 131 2899 172 2960; x_wconf 84' lang='lat' dir='ltr'><strong>ris</strong></span> <span class='ocrx_word' id='word_1_254' title='bbox 195 2899 280 2959; x_wconf 91' lang='lat' dir='ltr'><strong>etiam</strong></span> <span class='ocrx_word' id='word_1_255' title='bbox 303 2899 322 2959; x_wconf 93' lang='lat' dir='ltr'><strong>b</strong></span> <span class='ocrx_word' id='word_1_256' title='bbox 344 2902 513 2979; x_wconf 87' lang='lat' dir='ltr'><strong>praecedat,</strong></span> <span class='ocrx_word' id='word_1_257' title='bbox 542 2924 616 2984; x_wconf 89' lang='lat' dir='ltr'><strong>quae</strong></span> <span class='ocrx_word' id='word_1_258' title='bbox 638 2927 690 2988; x_wconf 92' lang='lat' dir='ltr'><strong>pro</strong></span> <span class='ocrx_word' id='word_1_259' title='bbox 714 2907 909 2987; x_wconf 90' lang='lat' dir='ltr'><strong>adspiratione</strong></span> <span class='ocrx_word' id='word_1_260' title='bbox 926 2907 1081 2988; x_wconf 87' lang='lat' dir='ltr'><strong>accipitur;</strong></span> <span class='ocrx_word' id='word_1_261' title='bbox 1116 2904 1267 2985; x_wconf 88' lang='lat' dir='ltr'><strong>superius,</strong></span> <span class='ocrx_word' id='word_1_262' title='bbox 1300 2905 1418 2968; x_wconf 87' lang='lat' dir='ltr'><strong>reluta</strong></span> 
     </span>
     <span class='ocr_line' id='line_1_29' title="bbox 131 3003 1418 3087; baseline 0.008 -28"><span class='ocrx_word' id='word_1_263' title='bbox 131 3019 252 3079; x_wconf 84' lang='lat' dir='ltr'><strong>magno,</strong></span> <span class='ocrx_word' id='word_1_264' title='bbox 276 3020 292 3060; x_wconf 90' lang='lat' dir='ltr'><strong>a</strong></span> <span class='ocrx_word' id='word_1_265' title='bbox 314 3003 455 3079; x_wconf 85' lang='lat' dir='ltr'><strong>maximo;</strong></span> <span class='ocrx_word' id='word_1_266' title='bbox 476 3025 602 3085; x_wconf 87' lang='lat' dir='ltr'><strong>sequens</strong></span> <span class='ocrx_word' id='word_1_267' title='bbox 624 3009 659 3070; x_wconf 90' lang='lat' dir='ltr'><strong>ab</strong></span> <span class='ocrx_word' id='word_1_268' title='bbox 681 3009 776 3084; x_wconf 91' lang='lat' dir='ltr'><strong>ludis,</strong></span> <span class='ocrx_word' id='word_1_269' title='bbox 796 3009 832 3071; x_wconf 91' lang='lat' dir='ltr'><strong>ah</strong></span> <span class='ocrx_word' id='word_1_270' title='bbox 855 3028 969 3082; x_wconf 91' lang='lat' dir='ltr'><strong>errore,</strong></span> <span class='ocrx_word' id='word_1_271' title='bbox 990 3010 1026 3071; x_wconf 91' lang='lat' dir='ltr'><strong>ab</strong></span> <span class='ocrx_word' id='word_1_272' title='bbox 1048 3010 1152 3081; x_wconf 90' lang='lat' dir='ltr'><strong>humo,</strong></span> <span class='ocrx_word' id='word_1_273' title='bbox 1180 3016 1208 3068; x_wconf 91' lang='lat' dir='ltr'><strong>et</strong></span> <span class='ocrx_word' id='word_1_274' title='bbox 1231 3006 1267 3067; x_wconf 89' lang='lat' dir='ltr'><strong>ab</strong></span> <span class='ocrx_word' id='word_1_275' title='bbox 1290 3006 1362 3087; x_wconf 78' lang='lat' dir='ltr'><strong>llyla</strong></span> <span class='ocrx_word' id='word_1_276' title='bbox 1388 3016 1418 3069; x_wconf 86' lang='lat' dir='ltr'><strong>et</strong></span> 
     </span>
     <span class='ocr_line' id='line_1_30' title="bbox 131 3102 1418 3192; baseline 0.006 -28"><span class='ocrx_word' id='word_1_277' title='bbox 131 3103 166 3164; x_wconf 90' lang='lat' dir='ltr'><strong>ab</strong></span> <span class='ocrx_word' id='word_1_278' title='bbox 189 3102 366 3182; x_wconf 78' lang='lat' dir='ltr'><strong>Hyacinthe,</strong></span> <span class='ocrx_word' id='word_1_279' title='bbox 390 3104 455 3183; x_wconf 91' lang='lat' dir='ltr'><strong>quia</strong></span> <span class='ocrx_word' id='word_1_280' title='bbox 477 3116 505 3166; x_wconf 93' lang='lat' dir='ltr'><strong>et</strong></span> <span class='ocrx_word' id='word_1_281' title='bbox 525 3128 542 3187; x_wconf 83' lang='lat' dir='ltr'>y</span> <span class='ocrx_word' id='word_1_282' title='bbox 562 3108 657 3170; x_wconf 88' lang='lat' dir='ltr'><strong>littera</strong></span> <span class='ocrx_word' id='word_1_283' title='bbox 677 3111 738 3171; x_wconf 89' lang='lat' dir='ltr'><strong>lere</strong></span> <span class='ocrx_word' id='word_1_284' title='bbox 759 3112 836 3192; x_wconf 90' lang='lat' dir='ltr'><strong>apud</strong></span> <span class='ocrx_word' id='word_1_285' title='bbox 854 3130 908 3172; x_wconf 92' lang='lat' dir='ltr'><strong>nos</strong></span> <span class='ocrx_word' id='word_1_286' title='bbox 928 3110 1034 3172; x_wconf 79' lang='lat' dir='ltr'><strong>vocalis</strong></span> <span class='ocrx_word' id='word_1_287' title='bbox 1050 3109 1237 3171; x_wconf 79' lang='lat' dir='ltr'><strong>existimatur.</strong></span> <span class='ocrx_word' id='word_1_288' title='bbox 1260 3109 1314 3171; x_wconf 92' lang='lat' dir='ltr'><strong>bas</strong></span> <span class='ocrx_word' id='word_1_289' title='bbox 1330 3130 1418 3191; x_wconf 88' lang='lat' dir='ltr'><strong>prae·</strong></span> 
     </span>
     <span class='ocr_line' id='line_1_31' title="bbox 131 3205 1417 3294; baseline 0.006 -28"><span class='ocrx_word' id='word_1_290' title='bbox 131 3205 291 3286; x_wconf 90' lang='lat' dir='ltr'><strong>positiones</strong></span> <span class='ocrx_word' id='word_1_291' title='bbox 319 3226 377 3268; x_wconf 91' lang='lat' dir='ltr'><strong>nou</strong></span> <span class='ocrx_word' id='word_1_292' title='bbox 405 3206 491 3268; x_wconf 91' lang='lat' dir='ltr'><strong>nullis</strong></span> <span class='ocrx_word' id='word_1_293' title='bbox 517 3209 609 3272; x_wconf 89' lang='lat' dir='ltr'><strong>visum</strong></span> <span class='ocrx_word' id='word_1_294' title='bbox 638 3220 682 3272; x_wconf 88' lang='lat' dir='ltr'><strong>est</strong></span> <span class='ocrx_word' id='word_1_295' title='bbox 703 3213 889 3283; x_wconf 83' lang='lat' dir='ltr'><strong>nondcbere</strong></span> <span class='ocrx_word' id='word_1_296' title='bbox 913 3213 1038 3294; x_wconf 89' lang='lat' dir='ltr'><strong>propriis</strong></span> <span class='ocrx_word' id='word_1_297' title='bbox 1062 3208 1226 3294; x_wconf 73' lang='lat' dir='ltr'><strong>cilcitatium</strong></span> <span class='ocrx_word' id='word_1_298' title='bbox 1248 3211 1417 3274; x_wconf 90' lang='lat' dir='ltr'><strong>nominihus</strong></span> 
     </span>
     <span class='ocr_line' id='line_1_32' title="bbox 131 3308 1459 3390; baseline 0.008 -22"><span class='ocrx_word' id='word_1_299' title='bbox 131 3308 286 3389; x_wconf 90' lang='lat' dir='ltr'><strong>praeponi,</strong></span> <span class='ocrx_word' id='word_1_300' title='bbox 317 3309 406 3370; x_wconf 86' lang='lat' dir='ltr'><strong>atah</strong></span> <span class='ocrx_word' id='word_1_301' title='bbox 428 3310 611 3375; x_wconf 77' lang='lat' dir='ltr'><strong>Antiochino</strong></span> <span class='ocrx_word' id='word_1_302' title='bbox 632 3315 739 3390; x_wconf 78' lang='lat' dir='ltr'><strong>Ruina,</strong></span> <span class='ocrx_word' id='word_1_303' title='bbox 767 3315 817 3375; x_wconf 91' lang='lat' dir='ltr'><strong>sed</strong></span> <span class='ocrx_word' id='word_1_304' title='bbox 837 3314 895 3389; x_wconf 87' lang='lat' dir='ltr'><strong>sic,</strong></span> <span class='ocrx_word' id='word_1_305' title='bbox 914 3314 1063 3376; x_wconf 76' lang='lat' dir='ltr'><strong>Antiochia</strong></span> <span class='ocrx_word' id='word_1_306' title='bbox 1087 3314 1167 3387; x_wconf 87' lang='lat' dir='ltr'><strong>reni,</strong></span> <span class='ocrx_word' id='word_1_307' title='bbox 1193 3315 1284 3376; x_wconf 87' lang='lat' dir='ltr'><strong>llorna</strong></span> <span class='ocrx_word' id='word_1_308' title='bbox 1308 3314 1373 3376; x_wconf 83' lang='lat' dir='ltr'><strong>veui</strong></span> <span class='ocrx_word' id='word_1_309' title='bbox 1398 3344 1417 3378; x_wconf 73' lang='lat' dir='ltr'><strong>s</strong></span> <span class='ocrx_word' id='word_1_310' title='bbox 1431 3337 1459 3379; x_wconf 84' lang='lat' dir='ltr'><strong>ao</strong></span> 
     </span>
    </p>
   </div>
   <div class='ocr_carea' id='block_1_4' title="bbox 73 3410 1416 3576">
    <p class='ocr_par' dir='ltr' id='par_1_8' title="bbox 73 3410 1416 3576">
     <span class='ocr_line' id='line_1_33' title="bbox 73 3410 1416 3497; baseline 0.008 -29"><span class='ocrx_word' id='word_1_311' title='bbox 73 3430 79 3439; x_wconf 90' lang='lat'><strong>·</strong></span> <span class='ocrx_word' id='word_1_312' title='bbox 131 3417 160 3469; x_wconf 85' lang='lat' dir='ltr'><strong>ct</strong></span> <span class='ocrx_word' id='word_1_313' title='bbox 183 3410 284 3472; x_wconf 86' lang='lat' dir='ltr'><strong>Cicero</strong></span> <span class='ocrx_word' id='word_1_314' title='bbox 313 3413 404 3472; x_wconf 79' lang='lat' dir='ltr'><strong>‘tum</strong></span> <span class='ocrx_word' id='word_1_315' title='bbox 432 3431 511 3473; x_wconf 90' lang='lat' dir='ltr'><strong>cum</strong></span> <span class='ocrx_word' id='word_1_316' title='bbox 537 3414 642 3477; x_wconf 89' lang='lat' dir='ltr'><strong>multi</strong></span> <span class='ocrx_word' id='word_1_317' title='bbox 671 3416 867 3497; x_wconf 90' lang='lat' dir='ltr'><strong>principes</strong></span> <span class='ocrx_word' id='word_1_318' title='bbox 897 3416 1065 3477; x_wconf 81' lang='lat' dir='ltr'><strong>ciuitatis</strong></span> <span class='ocrx_word' id='word_1_319' title='bbox 1087 3416 1219 3489; x_wconf 82' lang='lat' dir='ltr'><strong>Romae</strong></span> <span class='ocrx_word' id='word_1_320' title='bbox 1244 3436 1315 3478; x_wconf 94' lang='lat' dir='ltr'><strong>non</strong></span> <span class='ocrx_word' id='word_1_321' title='bbox 1343 3425 1416 3480; x_wconf 91' lang='lat' dir='ltr'><strong>tam</strong></span> 
     </span>
     <span class='ocr_line' id='line_1_34' title="bbox 130 3512 655 3576; baseline 0.006 -3"><span class='ocrx_word' id='word_1_322' title='bbox 130 3512 189 3573; x_wconf 88' lang='lat' dir='ltr'><strong>sui</strong></span> <span class='ocrx_word' id='word_1_323' title='bbox 213 3513 480 3575; x_wconf 88' lang='lat' dir='ltr'><strong>conservandi’</strong></span> <span class='ocrx_word' id='word_1_324' title='bbox 504 3522 532 3574; x_wconf 90' lang='lat' dir='ltr'><strong>et</strong></span> <span class='ocrx_word' id='word_1_325' title='bbox 551 3522 655 3576; x_wconf 89' lang='lat' dir='ltr'><strong>cetera.</strong></span> 
     </span>
    </p>
   </div>
   <div class='ocr_carea' id='block_1_5' title="bbox 150 3613 1417 3700">
    <p class='ocr_par' dir='ltr' id='par_1_9' title="bbox 150 3613 1417 3700">
     <span class='ocr_line' id='line_1_35' title="bbox 150 3613 1417 3700; baseline 0.009 -26"><span class='ocrx_word' id='word_1_326' title='bbox 150 3689 154 3697; x_wconf 20' lang='grc' dir='ltr'>ι</span> <span class='ocrx_word' id='word_1_327' title='bbox 215 3613 286 3675; x_wconf 89' lang='lat' dir='ltr'><strong>ltem</strong></span> <span class='ocrx_word' id='word_1_328' title='bbox 310 3635 375 3677; x_wconf 85' lang='lat' dir='ltr'><strong>rum</strong></span> <span class='ocrx_word' id='word_1_329' title='bbox 398 3616 499 3677; x_wconf 88' lang='lat' dir='ltr'><strong>tertiae</strong></span> <span class='ocrx_word' id='word_1_330' title='bbox 521 3635 664 3697; x_wconf 88' lang='lat' dir='ltr'><strong>personae</strong></span> <span class='ocrx_word' id='word_1_331' title='bbox 691 3621 877 3700; x_wconf 91' lang='lat' dir='ltr'><strong>praeponitur</strong></span> <span class='ocrx_word' id='word_1_332' title='bbox 900 3626 1026 3695; x_wconf 82' lang='lat' dir='ltr'><strong>tantuin,</strong></span> <span class='ocrx_word' id='word_1_333' title='bbox 1050 3619 1128 3680; x_wconf 80' lang='lat' dir='ltr'><strong>uelut</strong></span> <span class='ocrx_word' id='word_1_334' title='bbox 1148 3639 1214 3682; x_wconf 90' lang='lat' dir='ltr'><strong>curu</strong></span> <span class='ocrx_word' id='word_1_335' title='bbox 1237 3621 1295 3685; x_wconf 90' lang='lat' dir='ltr'><strong>illo.</strong></span> <span class='ocrx_word' id='word_1_336' title='bbox 1347 3642 1417 3685; x_wconf 89' lang='lat' dir='ltr'><strong>narn</strong></span> 
     </span>
    </p>
   </div>
   <div class='ocr_carea' id='block_1_6' title="bbox 131 3810 512 3871">
    <p class='ocr_par' dir='ltr' id='par_1_10' title="bbox 131 3810 512 3871">
     <span class='ocr_line' id='line_1_36' title="bbox 131 3810 512 3871; baseline -0.003 -9"><span class='ocrx_word' id='word_1_337' title='bbox 131 3810 162 3862; x_wconf 82' lang='lat'><strong>31</strong></span> <span class='ocrx_word' id='word_1_338' title='bbox 200 3814 226 3862; x_wconf 77' lang='grc' dir='ltr'><em>Ν</em></span> <span class='ocrx_word' id='word_1_339' title='bbox 241 3820 267 3862; x_wconf 89' lang='grc' dir='ltr'><strong>ιιι</strong></span> <span class='ocrx_word' id='word_1_340' title='bbox 284 3819 319 3871; x_wconf 70' lang='grc' dir='ltr'><strong>ι’,</strong></span> <span class='ocrx_word' id='word_1_341' title='bbox 340 3819 348 3860; x_wconf 91' lang='grc' dir='ltr'><strong><em>ι</em></strong></span> <span class='ocrx_word' id='word_1_342' title='bbox 385 3812 415 3862; x_wconf 80' lang='lat' dir='ltr'><strong>Et</strong></span> <span class='ocrx_word' id='word_1_343' title='bbox 431 3812 512 3863; x_wconf 80' lang='lat' dir='ltr'><strong>cicero</strong></span> 
     </span>
    </p>
   </div>
   <div class='ocr_carea' id='block_1_7' title="bbox 129 3991 1457 4759">
    <p class='ocr_par' dir='ltr' id='par_1_11' title="bbox 129 3991 1457 4549">
     <span class='ocr_line' id='line_1_37' title="bbox 200 3991 1417 4047; baseline 0.002 -3"><span class='ocrx_word' id='word_1_344' title='bbox 200 3992 212 4044; x_wconf 96' lang='lat' dir='ltr'><strong>l</strong></span> <span class='ocrx_word' id='word_1_345' title='bbox 232 3993 412 4044; x_wconf 82' lang='lat' dir='ltr'><strong>adnerbiallter</strong></span> <span class='ocrx_word' id='word_1_346' title='bbox 429 4000 488 4044; x_wconf 89' lang='lat' dir='ltr'><strong>eunt</strong></span> <span class='ocrx_word' id='word_1_347' title='bbox 505 3994 635 4045; x_wconf 74' lang='lat' dir='ltr'><strong>diomedes</strong></span> <span class='ocrx_word' id='word_1_348' title='bbox 659 3991 837 4042; x_wconf 84' lang='lat' dir='ltr'><strong>aduerblallter</strong></span> <span class='ocrx_word' id='word_1_349' title='bbox 856 4004 927 4045; x_wconf 87' lang='lat' dir='ltr'><strong>erunt</strong></span> <span class='ocrx_word' id='word_1_350' title='bbox 945 3994 969 4042; x_wconf 89' lang='lat' dir='ltr'><em>P</em></span> <span class='ocrx_word' id='word_1_351' title='bbox 994 3995 1117 4046; x_wconf 85' lang='lat' dir='ltr'><strong>aduerhis</strong></span> <span class='ocrx_word' id='word_1_352' title='bbox 1139 3995 1212 4045; x_wconf 85' lang='lat' dir='ltr'><strong>aliter</strong></span> <span class='ocrx_word' id='word_1_353' title='bbox 1234 4003 1307 4045; x_wconf 87' lang='lat' dir='ltr'><strong>erunt</strong></span> <span class='ocrx_word' id='word_1_354' title='bbox 1323 3996 1348 4046; x_wconf 90' lang='lat' dir='ltr'><em>N</em></span> <span class='ocrx_word' id='word_1_355' title='bbox 1371 3997 1417 4047; x_wconf 81' lang='lat' dir='ltr'><strong>sd-</strong></span> 
     </span>
     <span class='ocr_line' id='line_1_38' title="bbox 130 4062 1419 4129; baseline 0.003 -17"><span class='ocrx_word' id='word_1_356' title='bbox 130 4063 217 4113; x_wconf 88' lang='lat' dir='ltr'><strong>uerhio</strong></span> <span class='ocrx_word' id='word_1_357' title='bbox 234 4072 306 4113; x_wconf 87' lang='lat' dir='ltr'><strong>erunt</strong></span> <span class='ocrx_word' id='word_1_358' title='bbox 323 4062 455 4113; x_wconf 77' lang='lat' dir='ltr'><strong>Fabricius</strong></span> <span class='ocrx_word' id='word_1_359' title='bbox 537 4068 553 4116; x_wconf 79' lang='lat'><strong>2</strong></span> <span class='ocrx_word' id='word_1_360' title='bbox 578 4066 680 4114; x_wconf 83' lang='lat' dir='ltr'><strong>veniunt</strong></span> <span class='ocrx_word' id='word_1_361' title='bbox 704 4075 750 4114; x_wconf 83' lang='lat' dir='ltr'><strong>on.</strong></span> <span class='ocrx_word' id='word_1_362' title='bbox 775 4062 837 4112; x_wconf 89' lang='lat' dir='ltr'><strong>NP:</strong></span> <span class='ocrx_word' id='word_1_363' title='bbox 864 4065 1064 4129; x_wconf 79' lang='lat' dir='ltr'><strong>praepositiones</strong></span> <span class='ocrx_word' id='word_1_364' title='bbox 1088 4064 1419 4118; x_wconf 58' lang='lat' dir='ltr'><strong>sustentamine</strong></span> 
     </span>
     <span class='ocr_line' id='line_1_39' title="bbox 129 4132 1457 4198; baseline 0.005 -16"><span class='ocrx_word' id='word_1_365' title='bbox 129 4133 261 4185; x_wconf 79' lang='lat' dir='ltr'><strong>Diomedes</strong></span> <span class='ocrx_word' id='word_1_366' title='bbox 278 4134 343 4184; x_wconf 87' lang='lat' dir='ltr'><strong>iuter</strong></span> <span class='ocrx_word' id='word_1_367' title='bbox 358 4135 558 4198; x_wconf 85' lang='lat' dir='ltr'><strong>praepositiones</strong></span> <span class='ocrx_word' id='word_1_368' title='bbox 577 4138 738 4183; x_wconf 86' lang='lat' dir='ltr'><strong>numerantur</strong></span> <span class='ocrx_word' id='word_1_369' title='bbox 751 4132 883 4183; x_wconf 69' lang='lat' dir='ltr'><strong>Fabricius</strong></span> <span class='ocrx_word' id='word_1_370' title='bbox 964 4132 1128 4184; x_wconf 71' lang='lat' dir='ltr'><strong>delinitutum</strong></span> <span class='ocrx_word' id='word_1_371' title='bbox 1147 4135 1171 4184; x_wconf 88' lang='grc' dir='ltr'><em>Ρ</em></span> <span class='ocrx_word' id='word_1_372' title='bbox 1255 4150 1312 4184; x_wconf 80' lang='grc' dir='ltr'><strong><em>οοιιι</em></strong></span> <span class='ocrx_word' id='word_1_373' title='bbox 1332 4132 1457 4189; x_wconf 36' lang='lat' dir='ltr'><strong>serbis⁸</strong></span> 
     </span>
     <span class='ocr_line' id='line_1_40' title="bbox 132 4201 1367 4261; baseline 0.002 -8"><span class='ocrx_word' id='word_1_374' title='bbox 132 4219 178 4257; x_wconf 87' lang='lat' dir='ltr'><strong>om.</strong></span> <span class='ocrx_word' id='word_1_375' title='bbox 189 4204 245 4261; x_wconf 90' lang='lat' dir='ltr'><strong>NP,</strong></span> <span class='ocrx_word' id='word_1_376' title='bbox 261 4204 321 4253; x_wconf 83' lang='lat' dir='ltr'><strong>add.</strong></span> <span class='ocrx_word' id='word_1_377' title='bbox 337 4203 472 4253; x_wconf 74' lang='lat' dir='ltr'><strong>Fabricius</strong></span> <span class='ocrx_word' id='word_1_378' title='bbox 541 4207 557 4256; x_wconf 79' lang='lat'>5</span> <span class='ocrx_word' id='word_1_379' title='bbox 573 4205 618 4254; x_wconf 85' lang='lat' dir='ltr'><strong>sed</strong></span> <span class='ocrx_word' id='word_1_380' title='bbox 635 4211 659 4254; x_wconf 85' lang='lat' dir='ltr'><strong>et</strong></span> <span class='ocrx_word' id='word_1_381' title='bbox 674 4201 747 4250; x_wconf 89' lang='lat' dir='ltr'><strong>domo</strong></span> <span class='ocrx_word' id='word_1_382' title='bbox 762 4203 787 4251; x_wconf 91' lang='lat' dir='ltr'><em>P</em></span> <span class='ocrx_word' id='word_1_383' title='bbox 854 4204 870 4252; x_wconf 88' lang='grc'><strong>7</strong></span> <span class='ocrx_word' id='word_1_384' title='bbox 889 4202 1070 4253; x_wconf 81' lang='lat' dir='ltr'><strong>disertissimus</strong></span> <span class='ocrx_word' id='word_1_385' title='bbox 1089 4205 1113 4253; x_wconf 94' lang='lat' dir='ltr'><em>P</em></span> <span class='ocrx_word' id='word_1_386' title='bbox 1130 4204 1329 4255; x_wconf 88' lang='lat' dir='ltr'><strong>dissertissimus</strong></span> <span class='ocrx_word' id='word_1_387' title='bbox 1342 4206 1367 4256; x_wconf 92' lang='lat' dir='ltr'><em>N</em></span> 
     </span>
     <span class='ocr_line' id='line_1_41' title="bbox 129 4271 1419 4339; baseline 0.002 -15"><span class='ocrx_word' id='word_1_388' title='bbox 129 4272 220 4339; x_wconf 77' lang='lat' dir='ltr'><strong>lisso]</strong></span> <span class='ocrx_word' id='word_1_389' title='bbox 239 4282 263 4323; x_wconf 89' lang='lat' dir='ltr'><strong>et</strong></span> <span class='ocrx_word' id='word_1_390' title='bbox 282 4274 306 4323; x_wconf 94' lang='lat' dir='ltr'><em>P</em></span> <span class='ocrx_word' id='word_1_391' title='bbox 390 4271 549 4325; x_wconf 82' lang='lat' dir='ltr'><strong>9nonnnlln</strong></span> <span class='ocrx_word' id='word_1_392' title='bbox 568 4289 613 4323; x_wconf 86' lang='lat' dir='ltr'><strong>nos</strong></span> <span class='ocrx_word' id='word_1_393' title='bbox 631 4280 729 4325; x_wconf 88' lang='lat' dir='ltr'><strong>ueteres</strong></span> <span class='ocrx_word' id='word_1_394' title='bbox 753 4272 778 4319; x_wconf 90' lang='lat' dir='ltr'><em>P</em></span> <span class='ocrx_word' id='word_1_395' title='bbox 862 4275 1036 4339; x_wconf 85' lang='lat' dir='ltr'><strong>repperiamus</strong></span> <span class='ocrx_word' id='word_1_396' title='bbox 1055 4274 1104 4323; x_wconf 87' lang='lat' dir='ltr'><strong>NP</strong></span> <span class='ocrx_word' id='word_1_397' title='bbox 1192 4273 1225 4325; x_wconf 79' lang='lat'><strong>16</strong></span> <span class='ocrx_word' id='word_1_398' title='bbox 1241 4275 1365 4329; x_wconf 81' lang='lat' dir='ltr'><strong>adversus</strong></span> <span class='ocrx_word' id='word_1_399' title='bbox 1381 4303 1419 4314; x_wconf 93' lang='lat'>-</span> 
     </span>
     <span class='ocr_line' id='line_1_42' title="bbox 131 4340 1419 4412; baseline 0.009 -26"><span class='ocrx_word' id='word_1_400' title='bbox 131 4343 198 4394; x_wconf 70' lang='lat' dir='ltr'><strong>vetur</strong></span> <span class='ocrx_word' id='word_1_401' title='bbox 216 4358 262 4396; x_wconf 77' lang='lat' dir='ltr'><strong>om,</strong></span> <span class='ocrx_word' id='word_1_402' title='bbox 282 4344 306 4392; x_wconf 83' lang='lat' dir='ltr'><em>P</em></span> <span class='ocrx_word' id='word_1_403' title='bbox 383 4352 421 4395; x_wconf 66' lang='lat' dir='ltr'><strong>ear</strong></span> <span class='ocrx_word' id='word_1_404' title='bbox 439 4359 484 4396; x_wconf 70' lang='lat' dir='ltr'><strong>ons,</strong></span> <span class='ocrx_word' id='word_1_405' title='bbox 504 4344 554 4393; x_wconf 81' lang='grc' dir='ltr'><strong>ΝΡ</strong></span> <span class='ocrx_word' id='word_1_406' title='bbox 634 4344 665 4393; x_wconf 83' lang='grc'><strong>17</strong></span> <span class='ocrx_word' id='word_1_407' title='bbox 683 4340 790 4390; x_wconf 78' lang='lat' dir='ltr'><strong>refertur</strong></span> <span class='ocrx_word' id='word_1_408' title='bbox 806 4343 892 4404; x_wconf 28' lang='lat' dir='ltr'><strong>om.,N</strong></span> <span class='ocrx_word' id='word_1_409' title='bbox 958 4345 991 4394; x_wconf 81' lang='lat'><strong>22</strong></span> <span class='ocrx_word' id='word_1_410' title='bbox 1008 4343 1161 4394; x_wconf 85' lang='lat' dir='ltr'><strong>ahibothica.</strong></span> <span class='ocrx_word' id='word_1_411' title='bbox 1181 4355 1419 4412; x_wconf 69' lang='lat' dir='ltr'><strong>snoruesrusropr·</strong></span> 
     </span>
     <span class='ocr_line' id='line_1_43' title="bbox 131 4411 1418 4480; baseline 0.005 -18"><span class='ocrx_word' id='word_1_412' title='bbox 131 4428 181 4462; x_wconf 80' lang='lat' dir='ltr'><strong>nuc</strong></span> <span class='ocrx_word' id='word_1_413' title='bbox 199 4423 513 4479; x_wconf 76' lang='lat' dir='ltr'><strong>narenrrncurnuopunue.</strong></span> <span class='ocrx_word' id='word_1_414' title='bbox 533 4414 564 4463; x_wconf 90' lang='lat' dir='ltr'><strong>ab</strong></span> <span class='ocrx_word' id='word_1_415' title='bbox 589 4411 704 4478; x_wconf 79' lang='lat' dir='ltr'><strong>epistolis</strong></span> <span class='ocrx_word' id='word_1_416' title='bbox 726 4427 997 4464; x_wconf 78' lang='lat' dir='ltr'><strong>anorwu.enruroaou</strong></span> <span class='ocrx_word' id='word_1_417' title='bbox 1016 4415 1075 4465; x_wconf 87' lang='lat' dir='ltr'><strong>item</strong></span> <span class='ocrx_word' id='word_1_418' title='bbox 1092 4415 1117 4462; x_wconf 91' lang='lat' dir='ltr'><em>P</em></span> <span class='ocrx_word' id='word_1_419' title='bbox 1144 4416 1174 4463; x_wconf 90' lang='lat' dir='ltr'><strong>ab</strong></span> <span class='ocrx_word' id='word_1_420' title='bbox 1198 4414 1360 4480; x_wconf 75' lang='lat' dir='ltr'><strong>bybliotheca</strong></span> <span class='ocrx_word' id='word_1_421' title='bbox 1384 4417 1418 4467; x_wconf 84' lang='lat' dir='ltr'><strong>sb</strong></span> 
     </span>
     <span class='ocr_line' id='line_1_44' title="bbox 131 4480 1422 4549; baseline 0.006 -19"><span class='ocrx_word' id='word_1_422' title='bbox 131 4483 246 4546; x_wconf 87' lang='lat' dir='ltr'><strong>epistolis</strong></span> <span class='ocrx_word' id='word_1_423' title='bbox 263 4484 321 4532; x_wconf 89' lang='lat' dir='ltr'><strong>item</strong></span> <span class='ocrx_word' id='word_1_424' title='bbox 342 4483 410 4546; x_wconf 83' lang='lat' dir='ltr'><strong>(rell.</strong></span> <span class='ocrx_word' id='word_1_425' title='bbox 431 4480 492 4546; x_wconf 87' lang='grc' dir='ltr'><strong><em>οιιι.)</em></strong></span> <span class='ocrx_word' id='word_1_426' title='bbox 511 4482 538 4532; x_wconf 94' lang='lat' dir='ltr'><em>N</em></span> <span class='ocrx_word' id='word_1_427' title='bbox 618 4482 799 4546; x_wconf 70' lang='lat' dir='ltr'><strong>²5⁸¹l110⁰⁰¹l</strong></span> <span class='ocrx_word' id='word_1_428' title='bbox 819 4483 845 4531; x_wconf 85' lang='lat' dir='ltr'><em>N</em></span> <span class='ocrx_word' id='word_1_429' title='bbox 922 4482 1066 4549; x_wconf 72' lang='lat' dir='ltr'><strong>stercore]</strong></span> <span class='ocrx_word' id='word_1_430' title='bbox 1086 4483 1172 4534; x_wconf 86' lang='lat' dir='ltr'><strong>herote</strong></span> <span class='ocrx_word' id='word_1_431' title='bbox 1189 4499 1259 4536; x_wconf 84' lang='lat' dir='ltr'><strong>corr.</strong></span> <span class='ocrx_word' id='word_1_432' title='bbox 1280 4484 1377 4538; x_wconf 81' lang='lat' dir='ltr'><strong>herode</strong></span> <span class='ocrx_word' id='word_1_433' title='bbox 1395 4486 1422 4537; x_wconf 86' lang='lat' dir='ltr'><em>P</em></span> 
     </span>
    </p>

    <p class='ocr_par' dir='ltr' id='par_1_12' title="bbox 130 4547 1422 4759">
     <span class='ocr_line' id='line_1_45' title="bbox 198 4547 1420 4623; baseline 0.004 -20"><span class='ocrx_word' id='word_1_434' title='bbox 198 4553 232 4603; x_wconf 80' lang='lat'><strong>28</strong></span> <span class='ocrx_word' id='word_1_435' title='bbox 251 4553 304 4603; x_wconf 86' lang='lat' dir='ltr'><strong>lere</strong></span> <span class='ocrx_word' id='word_1_436' title='bbox 321 4552 347 4601; x_wconf 88' lang='lat' dir='ltr'><em>P</em></span> <span class='ocrx_word' id='word_1_437' title='bbox 364 4569 416 4618; x_wconf 90' lang='lat' dir='ltr'><strong>per.</strong></span> <span class='ocrx_word' id='word_1_438' title='bbox 434 4547 456 4604; x_wconf 70' lang='lat' dir='ltr'><strong>d.</strong></span> <span class='ocrx_word' id='word_1_439' title='bbox 476 4554 501 4602; x_wconf 92' lang='lat' dir='ltr'><em>N</em></span> <span class='ocrx_word' id='word_1_440' title='bbox 517 4568 639 4617; x_wconf 86' lang='lat' dir='ltr'><strong>peraeque</strong></span> <span class='ocrx_word' id='word_1_441' title='bbox 656 4567 678 4601; x_wconf 90' lang='grc' dir='ltr'>ω</span> <span class='ocrx_word' id='word_1_442' title='bbox 754 4551 787 4603; x_wconf 80' lang='grc'><strong>29</strong></span> <span class='ocrx_word' id='word_1_443' title='bbox 803 4553 934 4603; x_wconf 84' lang='lat' dir='ltr'><strong>ciuitatum</strong></span> <span class='ocrx_word' id='word_1_444' title='bbox 952 4554 977 4602; x_wconf 87' lang='grc' dir='ltr'><em>Ρ</em></span> <span class='ocrx_word' id='word_1_445' title='bbox 1049 4553 1420 4623; x_wconf 47' lang='lat' dir='ltr'><strong>soloecismorumque</strong></span> 
     </span>
     <span class='ocr_line' id='line_1_46' title="bbox 131 4623 1420 4689; baseline 0.009 -22"><span class='ocrx_word' id='word_1_446' title='bbox 131 4635 162 4668; x_wconf 88' lang='lat' dir='ltr'><strong>ea</strong></span> <span class='ocrx_word' id='word_1_447' title='bbox 179 4636 243 4686; x_wconf 83' lang='lat' dir='ltr'><strong>puae</strong></span> <span class='ocrx_word' id='word_1_448' title='bbox 261 4624 293 4672; x_wconf 84' lang='lat' dir='ltr'><strong>de</strong></span> <span class='ocrx_word' id='word_1_449' title='bbox 310 4623 442 4674; x_wconf 75' lang='lat' dir='ltr'><strong>staminibus</strong></span> <span class='ocrx_word' id='word_1_450' title='bbox 458 4625 588 4673; x_wconf 70' lang='lat' dir='ltr'><strong>mahadam</strong></span> <span class='ocrx_word' id='word_1_451' title='bbox 604 4625 629 4673; x_wconf 82' lang='grc' dir='ltr'><strong>ιἰι</strong></span> <span class='ocrx_word' id='word_1_452' title='bbox 643 4625 696 4673; x_wconf 84' lang='lat' dir='ltr'><strong>loeo</strong></span> <span class='ocrx_word' id='word_1_453' title='bbox 713 4627 767 4675; x_wconf 84' lang='lat' dir='ltr'><strong>sine</strong></span> <span class='ocrx_word' id='word_1_454' title='bbox 781 4623 1009 4686; x_wconf 81' lang='lat' dir='ltr'><strong>praepositionibus</strong></span> <span class='ocrx_word' id='word_1_455' title='bbox 1021 4625 1113 4689; x_wconf 83' lang='lat' dir='ltr'><strong>positis</strong></span> <span class='ocrx_word' id='word_1_456' title='bbox 1130 4624 1261 4688; x_wconf 72' lang='lat' dir='ltr'><strong>disputata</strong></span> <span class='ocrx_word' id='word_1_457' title='bbox 1272 4632 1348 4677; x_wconf 66' lang='lat' dir='ltr'><strong>crass</strong></span> <span class='ocrx_word' id='word_1_458' title='bbox 1354 4625 1420 4677; x_wconf 69' lang='lat' dir='ltr'><strong>deas·</strong></span> 
     </span>
     <span class='ocr_line' id='line_1_47' title="bbox 130 4691 1422 4759; baseline 0.01 -22"><span class='ocrx_word' id='word_1_459' title='bbox 130 4696 170 4738; x_wconf 81' lang='lat' dir='ltr'><strong>eta</strong></span> <span class='ocrx_word' id='word_1_460' title='bbox 186 4705 242 4742; x_wconf 82' lang='lat' dir='ltr'><strong>esse</strong></span> <span class='ocrx_word' id='word_1_461' title='bbox 259 4691 374 4742; x_wconf 81' lang='lat' dir='ltr'><strong>uidentur</strong></span> <span class='ocrx_word' id='word_1_462' title='bbox 455 4691 489 4743; x_wconf 83' lang='lat'><strong>33</strong></span> <span class='ocrx_word' id='word_1_463' title='bbox 507 4694 568 4744; x_wconf 89' lang='lat' dir='ltr'><strong>item</strong></span> <span class='ocrx_word' id='word_1_464' title='bbox 585 4708 641 4743; x_wconf 91' lang='lat' dir='ltr'><strong>cum</strong></span> <span class='ocrx_word' id='word_1_465' title='bbox 657 4695 745 4745; x_wconf 81' lang='lat' dir='ltr'><strong>tertiae</strong></span> <span class='ocrx_word' id='word_1_466' title='bbox 761 4706 886 4758; x_wconf 85' lang='lat' dir='ltr'><strong>personne</strong></span> <span class='ocrx_word' id='word_1_467' title='bbox 901 4693 1066 4759; x_wconf 81' lang='lat' dir='ltr'><strong>praeponitur</strong></span> <span class='ocrx_word' id='word_1_468' title='bbox 1082 4702 1178 4745; x_wconf 75' lang='lat' dir='ltr'><strong>mutum</strong></span> <span class='ocrx_word' id='word_1_469' title='bbox 1196 4693 1265 4746; x_wconf 80' lang='lat' dir='ltr'><strong>velut</strong></span> <span class='ocrx_word' id='word_1_470' title='bbox 1281 4708 1340 4748; x_wconf 79' lang='lat' dir='ltr'><strong>cnm</strong></span> <span class='ocrx_word' id='word_1_471' title='bbox 1360 4695 1422 4759; x_wconf 67' lang='lat' dir='ltr'><strong>tlte,</strong></span> 
     </span>
    </p>
   </div>
   <div class='ocr_carea' id='block_1_8' title="bbox 0 0 1562 5348">
    <p class='ocr_par' dir='ltr' id='par_1_13' title="bbox 0 0 1562 5348">
     <span class='ocr_line' id='line_1_48' title="bbox 0 0 1562 5348; baseline 0 0"><span class='ocrx_word' id='word_1_472' title='bbox 0 0 1562 5348; x_wconf 95' lang='lat' dir='ltr'><strong> </strong></span> 
     </span>
    </p>
   </div>
  </div>
 </body>
</html>
