3114 5356
565 275 698 337 lNS‘ll'l'.
723 277 833 340 thh.
856 279 928 341 LlB.
951 280 978 342 ll
1355 284 1413 345 197

171 391 336 446 pinita.
439 383 443 393 “
1199 397 1361 450 parunt.

284 462 347 542 qui
381 462 599 542 propositis
630 482 726 526 nunc
757 474 900 545 potest,
931 468 993 547 qui
1013 474 1100 530 ‘ineo
1129 469 1181 530 sit
1211 470 1318 532 nixus
1349 491 1413 534 no·

986 570 1125 646 minas

115 667 229 727 Fronto
250 684 367 745 quoquc
391 665 427 727 ad
451 665 580 728 llareum
604 667 727 730 inlicem
749 669 802 730 llll
833 670 945 733 ‘satis
976 671 1194 754 abundeque
1228 672 1410 736 honorum

114 777 191 844 est,
215 786 309 847 quos
332 768 420 829 nrihi
440 767 651 831 cottidiano
677 769 845 834 trihuis’.

82 884 99 925 s
203 869 353 950 conpecto
374 868 509 931 Afranius
530 869 558 930 in
579 871 785 954 Emancipato,

734 982 769 1036 tc
791 975 921 1038 lacere
942 988 1128 1060 conpecto
1150 981 1280 1041 onrni‘a.

112 1072 235 1133 verbum
253 1073 331 1133 eninr
353 1091 461 1151 quaero
484 1092 520 1134 an
543 1074 638 1154 possit
657 1095 723 1136 esse
741 1077 941 1157 inpersonale,
971 1081 1102 1160 quamvis
1123 1081 1233 1162 primae
1254 1081 1407 1163 positionis

111 1175 140 1235 ei
159 1182 254 1236 status
273 1173 357 1236 desit.
403 1187 488 1235 ncrno
509 1175 586 1235 enirn
608 1176 695 1236 ctiam
716 1197 795 1239 nunc
816 1177 887 1240 dixit
906 1184 1104 1263 conpaeiscor.

198 1275 301 1337 lledita
321 1295 411 1356 opera
433 1275 572 1338 declinari
594 1277 710 1356 uiridem
739 1288 772 1342 ut
800 1301 907 1343 nomen
929 1293 1052 1364 potest,¹
1070 1286 1123 1348 sed
1150 1293 1246 1348 muron
1274 1286 1331 1347 virn
1356 1285 1406 1347 ad·

69 1395 97 1435 rs
111 1377 205 1439 rorhii
223 1378 344 1439 retinet:
367 1377 491 1440 Naevius
510 1378 541 1439 in
560 1379 718 1457 hgitatoria

278 1479 385 1558 quasi
406 1479 534 1541 dedita
557 1500 673 1562 opera
697 1501 788 1561 quac
810 1490 876 1566 ego
898 1486 998 1559 volo,
1014 1506 1053 1547 ca
1077 1496 1113 1549 tu
1135 1506 1206 1548 uon
1229 1489 1296 1564 vis,
1313 1509 1405 1569 quae

421 1658 424 1663 Ι
972 1606 1037 1666 ego
1058 1587 1161 1665 nolo,
1181 1610 1221 1652 ca
1243 1592 1360 1673 cupis.

197 1681 239 1743 [lc
261 1691 404 1764 conpecto
423 1683 543 1746 Plautus
564 1685 594 1746 in
618 1686 760 1768 Captivis,

769 1808 842 1850 rern
864 1791 908 1851 dc
930 1802 1122 1873 compecto
1145 1814 1243 1874 gero.
1259 1797 1298 1880 ΙΙ.»

68 1911 94 1952 rs
195 1887 337 1950 Donicum
359 1906 413 1968 pro
433 1887 535 1949 donee.
573 1889 745 1967 ita·Ljvius,
766 1890 874 1969 inquit,
896 1903 1027 1974 usurpat,

273 1989 327 2051 ihi
350 2009 500 2051 manens
521 1992 668 2066 sedete,
690 1992 862 2054 donicum
884 1994 1030 2057 videhis

275 2112 328 2153 mc
351 2100 531 2172 carpento
557 2093 751 2155 vellentem
773 2095 912 2157 domum
933 2096 1097 2173 venisse;
1117 2095 1122 2180 Ι

107 2195 229 2257 Plautus
250 2213 366 2274 quoque
517 2226 541 2279 0

273 2296 448 2359 inimicus
470 2306 566 2371 esto,
589 2298 763 2361 donicum
785 2319 851 2380 ego
872 2302 1069 2378 revene'r03

63 2401 162 2461 maed
184 2401 304 2463 etCato
325 2401 379 2460 ‘tu
400 2397 548 2460 otiosus
575 2401 756 2476 ambulas,
784 2403 846 2482 qui
873 2405 969 2487 apud
997 2424 1117 2485 regem
1144 2407 1267 2482 luisti,
1293 2407 1398 2469 doni-

106 2520 187 2563 curn
209 2501 276 2562 ille
298 2501 366 2562 tihi
389 2501 588 2563 interdixit
609 2522 682 2564 renr
705 2503 933 2584 capitalcm'.

190 2602 308 2663 llurr'ter
324 2603 479 2665 Terentius
494 2602 524 2663 in
544 2604 697 2683 Adelphis,

270 2704 343 2765 ruri
368 2723 475 2783 agere
497 2705 625 2779 vitain,
648 2724 797 2786 semper
818 2726 930 2786 parce
951 2728 991 2769 ac
1013 2709 1158 2772 duriter

274 2805 393 2888 [salse
412 2807 568 2883 hahere3

60 2928 89 2970 as
105 2910 155 2972 ubi
171 2912 277 2971 ..ieron
305 2908 483 2972 ‘secundum
511 2910 714 2989 antiquorum'
745 2913 838 2992 inquit
868 2913 1150 2976 ‘consuetudinem'.
1195 2936 1262 2977 narn
1284 2925 1312 2977 et
1337 2917 1394 2978 En·

103 3013 171 3074 nius
192 3012 222 3073 in
245 3011 390 3073 Phoenice

269 3132 373 3192 quam
395 3114 464 3176 tihi
488 3132 528 3175 er
548 3135 612 3176 ore
635 3117 842 3179 orationem
865 3117 1011 3178 darriter
1030 3118 1137 3205 dictis
1160 3117 1271 3179 dedit.
1366 3144 1369 3151 ·

188 3217 299 3277 lloctus
318 3215 415 3277 lautus
437 3216 522 3277 doete
541 3215 618 3278 laute
640 3218 717 3279 lacit.
763 3238 816 3280 cur
834 3219 930 3280 lronus
951 3227 981 3279 et
1000 3221 1096 3282 nialus
1117 3239 1176 3281 non
1199 3220 1267 3284 itern
1286 3224 1394 3303 produ·

102 3328 174 3380 cunt
198 3319 227 3379 in
248 3317 384 3379 adverbio
412 3338 428 3379 e
455 3318 600 3379 htteranr‘?
643 3321 724 3381 airrnt
745 3307 878 3401 (puidam,
907 3321 1044 3398 quoniarn
1072 3323 1152 3383 etin
1177 3325 1394 3404 comparatione

59 3421 260 3490 „dissimiles
286 3431 362 3482 sunt.
407 3421 511 3483 doctus
536 3421 613 3483 enirn
636 3431 666 3485 et
686 3423 782 3484 lautus
804 3422 917 3484 doctior
936 3421 1042 3483 lautior
1060 3423 1144 3498 lacit,
1167 3422 1261 3485 rnalus
1284 3444 1319 3486 ac
1341 3427 1393 3488 ho·

102 3524 335 3585 nusnonitem.

174 3714 184 3764 1
208 3715 250 3776 qui
269 3715 461 3778 praepositissa
479 3714 522 3777 qui
541 3713 699 3778 praepositus
718 3712 849 3762 Fabricius
866 3713 924 3775 quis
940 3713 1099 3777 praepositus
1118 3712 1224 3762 Bothtus
1238 3721 1304 3775 poet.
1322 3729 1390 3765 seen.
1439 3707 1444 3718 '

102 3788 162 3836 Lat.
183 3786 203 3829 V
222 3786 279 3846 tp.
303 3783 362 3833 tuo:
393 3785 441 3842 Qui
464 3784 602 3849 propositis
626 3786 734 3832 noenum
756 3789 840 3846 potest
864 3784 926 3845 quin
941 3785 997 3832 mod
1015 3781 1164 3833 Ribbeckius
1181 3798 1241 3832 eom.
1258 3782 1319 3835 Lat.
1343 3788 1390 3839 rel.

98 3871 125 3918 p.
147 3853 197 3905 180
222 3856 373 3903 auctoritate
395 3870 456 3903 usus
478 3853 656 3911 Liadeaeaani,
683 3854 726 3918 qui
746 3867 795 3901 nou
816 3867 883 3901 nunc
905 3856 930 3904 iu
951 3853 1036 3903 codiee
1061 3868 1117 3903 esse
1133 3853 1312 3911 adnotaverat,
1339 3868 1391 3905 cun

98 3926 217 3987 seriptum
238 3927 272 3974 sit
296 3927 328 3973 nc
349 3923 373 3976 h.
397 3941 419 3976 e.
445 3939 510 3972 rruuc
595 3921 612 3973 3
636 3923 669 3971 ad
687 3923 798 3972 hlureum
823 3923 931 3972 inuicem
957 3924 990 3972 nai
1011 3924 1072 3973 satis
1096 3938 1117 3972 ω
1143 3924 1177 3973 ad
1200 3922 1309 3972 llareurn
1327 3923 1389 3989 lurp.

100 3995 161 4044 hlihi
178 3995 241 4045 satis
261 3993 394 4043 Fabricius
480 3993 496 4042 4
521 3993 610 4042 tribuis
629 4008 650 4041 ω
677 3994 734 4042 trib:
751 3992 794 4057 (h.
814 4009 838 4042 e.
856 3992 956 4058 tribus)
974 3994 1000 4043 N
1081 3994 1098 4044 5
1122 3992 1247 4059 Coupacto
1265 4003 1390 4056 eaecerpta

430 4072 442 4098 a

98 4114 241 4166 Ber-nessia
328 4113 345 4164 6
362 4122 484 4181 conpecto
502 4115 586 4162 oruuiu
603 4114 640 4162 N:
658 4113 692 4176 os.
702 4113 800 4165 Charis.
809 4128 836 4175 ρ.
851 4111 899 4165 lot
913 4130 937 4163 u.
947 4115 996 4162 rite
1073 4112 1102 4163 11
1123 4121 1147 4160 lu
1168 4114 1240 4163 nouis
1258 4113 1390 4166 Futrtcius

166 4183 391 4250 quaeegonolow
409 4184 482 4248 (phe.
496 4200 518 4234 e.
532 4184 610 4248 qrrod)
623 4199 670 4248 ego
684 4184 778 4235 uoloN
847 4181 878 4232 1³
896 4183 922 4232 in
940 4179 1064 4248 Captivis]
1085 4182 1198 4248 1111,24
1268 4183 1299 4235 lt
1315 4199 1388 4248 spem

97 4254 133 4303 N:
159 4270 210 4304 rem
236 4255 268 4304 de
285 4263 416 4319 compacto
433 4257 486 4320 geri
506 4255 638 4303 lhbrieius
720 4254 752 4304 15
767 4253 854 4302 Livius
871 4253 897 4302 in
915 4253 1003 4315 quinto
1024 4261 1139 4317 usurpat,
1156 4254 1259 4303 coniecit
1275 4253 1388 4305 uuae-

96 4326 144 4374 h'us
158 4340 264 4391 parerp.
283 4324 369 4377 Ptaut.
389 4324 398 4372 1
414 4339 440 4386 p.
459 4325 492 4374 ‘27
510 4331 561 4376 net.
580 4325 644 4373 eoal.
663 4323 737 4374 Hom.
755 4323 847 4388 Odyss.
866 4320 887 4371 Z
905 4321 966 4383 2116,
986 4329 1013 4371 ut
1028 4324 1137 4387 palatuar
1154 4320 1387 4443 Odysseaeffm

94 4410 143 4456 pro
159 4402 233 4445 sexto
251 4409 342 4446 errare
354 4396 479 4457 posuisset
494 4395 668 4459 prmamaueus
754 4395 785 4444 17
802 4391 936 4443 uehentem
952 4391 1086 4442 Fabricius
1102 4391 1276 4443 uehementem

97 4464 197 4515 domurn
222 4466 324 4514 venisse
345 4466 457 4529 parentis
482 4464 630 4514 llr'tselrelius
651 4466 670 4513 t.
692 4479 716 4516 e.
742 4464 767 4513 in
791 4463 894 4512 domum
920 4462 1019 4512 venisse
1040 4463 1200 4513 Hermaaraus
1221 4464 1280 4524 epit.
1303 4465 1385 4515 doctr.

97 4534 165 4588 netr'.
181 4551 209 4599 ρ.
227 4537 278 4585 222
297 4535 337 4584 ed.
356 4549 406 4584 see.
487 4536 517 4585 19
535 4534 595 4582 inibi
618 4535 685 4582 intus
702 4540 757 4584 esto
774 4533 880 4582 Bothius
894 4540 963 4595 poet.
980 4547 1049 4583 scen.
1068 4533 1128 4581 Lat.
1145 4533 1168 4581 ll
1185 4546 1212 4595 p.
1231 4532 1282 4582 446
1351 4534 1386 4584 20

98 4604 197 4657 Catonis
210 4606 378 4670 srapmeatun
394 4606 503 4654 orattaui
519 4604 551 4652 de
569 4604 713 4654 Ptolemaeo
731 4610 819 4654 eontra
841 4601 970 4653 Theramene
984 4602 1071 4653 morae
1090 4602 1213 4668 Meyerus
1229 4611 1295 4653 arat.
1313 4603 1383 4654 Rom.

96 4674 186 4740 freyn.
204 4691 233 4739 p.
255 4675 305 4727 110
321 4676 361 4726 ed.
379 4690 429 4724 see.
516 4674 549 4722 22
569 4674 593 4721 in
612 4671 749 4740 Adelphis]
771 4675 781 4723 1
800 4673 824 4733 1,
842 4673 877 4723 20
962 4671 996 4722 26
1019 4672 1144 4723 Phoenica
1166 4671 1300 4723 Fabricius
1324 4687 1385 4737 poc-

98 4745 149 4794 nice
160 4746 194 4809 N,
211 4746 280 4812 paud
294 4745 408 4809 defendit
430 4743 473 4793 Th.
491 4743 590 4809 Huptus
607 4741 673 4793 Ena.
689 4745 776 4793 asaal.
793 4741 836 4793 ut.
857 4741 916 4793 VII
924 4770 957 4779 —
972 4741 1016 4792 IX
1032 4743 1127 4811 [raam.
1148 4743 1252 4794 Baiurae
1269 4743 1384 4805 a.·1saa
