3114 5356
524 314 606 374 lm.
630 311 765 399 cnlnu
791 313 899 375 mul
1300 315 1361 378 ssa

1162 458 1168 469 .
1185 430 1230 471 ssi.
1245 431 1271 471 sa
1285 431 1310 472 r.

62 503 152 562 buius
174 499 349 561 infinitivum
369 500 506 561 instantis
533 509 561 560 et
583 498 700 579 perlecb'
729 498 864 560 similiter
889 499 1068 573 declinatur,
1105 443 1188 578 quisi
1215 521 1297 577 esse,
1335 514 1364 565 et

64 601 220 681 conposita
255 600 403 674 similiter,
436 600 557 661 comedo
588 597 734 679 amssbedo.
779 601 809 660 in
837 599 954 679 passivo
979 607 1078 660 autem
1105 601 1268 665 declinatur
1291 606 1364 666 edon

64 703 163 765 ederis
193 711 290 776 estur;
322 701 526 780 participium
556 701 740 781 praeteritum
768 721 846 763 esus.
889 701 960 762 item
993 701 1134 765 ambedor
1161 711 1192 763 el
1215 706 1363 782 comedor‚

64 823 142 886 quae
164 802 319 864 declinatio
342 821 401 863 non
421 803 518 863 miuus
540 811 569 863 et
588 803 649 882 ipsa
667 803 831 865 secundum
854 802 1018 881 analogiam
1039 804 1212 866 declinatur.
1257 807 1294 867 de
1312 827 1364 869 cu-

40 908 112 968 sius
135 907 267 987 perlecto
289 904 444 981 ambigitur
468 904 546 982 apud
566 913 690 977 veteres,
720 912 871 965 comestus
898 923 936 965 an
960 924 1096 967 comesus
1124 913 1154 966 et
1180 924 1362 970 comesurus.

66 1007 240 1087 sedll'dius
265 1006 306 1067 ait
334 1005 370 1064 de
390 1002 529 1065 Sallustio
562 1009 743 1066 ‘comesto
775 1005 1038 1083 patrimonio't
1071 1006 1188 1085 Valgius
1207 1015 1305 1069 autem
1326 1009 1364 1069 de

66 1085 257 1189 amusium
285 1109 453 1166 ‘comesa
482 1104 639 1184 patina'3
672 1104 807 1167 similiter
828 1114 856 1167 et
878 1108 982 1179 Varro,
1012 1115 1042 1167 et
1065 1107 1105 1167 ita
1131 1108 1252 1183 melius,
1279 1109 1363 1188 quasi

67 1192 157 1273 adesa
178 1217 209 1270 et
228 1209 364 1281 ambesa,
386 1216 420 1268 ut
441 1205 581 1285 Vergilius

235 1308 406 1370 ambesas
429 1307 534 1368 malis
556 1307 707 1386 subigat
730 1306 929 1366 absumere
951 1325 1110 1368 mensas.

35 1429 55 1470 u
153 1412 208 1472 Est
230 1418 259 1470 et
281 1408 329 1469 odi
351 1417 530 1487 corruptum.
575 1408 717 1488 accipitur
739 1405 817 1467 enim
838 1425 891 1487 pro
912 1407 1034 1469 instanti
1055 1417 1084 1469 ct
1103 1410 1252 1488 perlecto,
1280 1411 1363 1489 quasi

65 1515 144 1594 μισῶ
167 1508 219 1570 καὶ
240 1508 394 1587 peplisque.
440 1527 498 1569 non
520 1486 813 1587 nuliiustingnendi
836 1508 978 1588 temporis
1000 1508 1091 1587 gratia
1118 1511 1250 1590 perlecto
1275 1511 1366 1571 decli-

64 1625 138 1678 nant
156 1632 263 1675 exosus
278 1627 343 1671 sum
359 1618 388 1670 et
404 1628 530 1688 perosus
548 1631 613 1673 sum
636 1611 733 1687 illum;
756 1610 889 1672 similiter
909 1620 938 1671 et
952 1610 1258 1691 plusquamperfecto.
1288 1630 1366 1672 scm-

64 1736 120 1798 per
140 1714 219 1775 enim
241 1731 276 1773 er
299 1710 401 1772 eodem
423 1711 527 1772 horum
547 1720 711 1791 temporum
731 1718 776 1773 est
798 1711 962 1772 declinatio.
1007 1711 1210 1791 imperativum
1231 1731 1291 1773 non
1313 1712 1366 1772 ba-

63 1819 117 1880 bel
138 1814 223 1895 quasi
244 1813 333 1874 luturi
356 1832 411 1874 nec
429 1814 557 1874 futurum
577 1812 751 1874 infinitivum
772 1830 828 1871 nee
851 1809 1012 1892 participia.
1046 1813 1076 1875 id
1095 1813 1215 1874 verbum
1229 1813 1260 1873 in
1276 1813 1303 1895 si·
1344 1813 1367 1858 '-

27 1933 51 1975 u
64 1917 205 1979 ficatione
226 1914 357 1993 passiva,
380 1915 409 1975 id
429 1923 473 1976 cst
492 1914 648 1992 μισοῦμαι,
670 1912 755 1974 aliter
775 1912 895 1973 lorman'
917 1931 976 1973 non
1004 1922 1103 1993 potest
1128 1932 1215 1992 quam
1236 1915 1261 1976 si
1283 1831 1365 1987 ἃ

63 2019 135 2081 odio
159 2037 224 2079 sum
245 2015 301 2088 illi,
331 2023 360 2076 et
388 2015 426 2077 ita
452 2016 622 2078 declinatur.
667 2013 762 2075 simile
791 2023 836 2074 est
866 2013 935 2073 buic
961 2015 1089 2076 memini.
1135 2022 1164 2075 et
1186 2014 1255 2076 huic
1276 1990 1299 2075 ι’
1347 2035 1365 2076 o

63 2125 173 2198 putant
199 2117 277 2176 idem
299 2116 413 2178 instans
441 2126 470 2177 et
495 2119 656 2198 perlectum
682 2134 749 2177 esse
773 2140 792 2174 u
813 2134 926 2176 memor
953 2134 1027 2176 sum.
1072 2115 1101 2176 id
1134 2115 1255 2177 verbum
1287 2117 1365 2178 idem

63 2219 157 2280 babel
176 2216 350 2278 insmitirum
372 2218 485 2279 instans
507 2229 532 2279 el
556 2219 733 2297 perlectum,
763 2217 846 2294 quasi
869 2216 1048 2278 meminisse.
1092 2217 1224 2279 futurum
1245 2217 1366 2278 infiniti·

63 2337 136 2380 rum
157 2337 217 2378 nou
238 2318 310 2378 nulli
329 2318 490 2392 declinant,
511 2319 595 2397 quasi
619 2336 778 2379 memorem
799 2319 939 2379 luturum.
984 2317 1032 2378 alii
1056 2324 1202 2396 temptant
1219 2337 1255 2379 ex
1277 2338 1366 2399 supe·

12 2439 49 2485 zo
62 2421 145 2481 riore
167 2419 257 2479 verbo
277 2419 440 2494 declinare,
460 2420 541 2498 quasi
560 2439 699 2499 perosum
722 2421 851 2481 loturum
874 2445 893 2481 u
917 2419 956 2481 sit
976 2427 1056 2480 certe
1077 2437 1133 2479 uec
1154 2420 1273 2481 memini
1298 2439 1365 2502 par-

64 2519 169 2600 ticipia
189 2517 315 2579 admittit
336 2520 483 2583 instantia.
529 2529 574 2593 est
593 2522 710 2581 tertium
739 2520 786 2581 bis
815 2519 927 2592 simile,
956 2528 988 2581 ut
1014 2519 1131 2598 quddam
1160 2528 1265 2601 putant
1292 2523 1366 2597 (nec
1448 2566 1464 2590 .

65 2622 147 2683 enim
170 2620 326 2680 defuerunt
354 2621 403 2699 qui
426 2623 483 2683 boc
506 2623 628 2683 verbum
652 2620 816 2702 praesentis
841 2620 985 2700 temporis
1012 2639 1078 2682 esse
1105 2621 1269 2699 dicerent),
1298 2622 1365 2683 novi

66 2721 176 2784 novisti
198 2721 292 2796 novit;
321 2730 350 2783 et
372 2722 400 2784 id
424 2723 517 2784 simile
537 2733 583 2786 est
605 2723 725 2785 instanti
747 2730 776 2783 et
801 2723 948 2802 perlecto,
978 2730 1009 2783 ut
1036 2723 1165 2786 memini.
1209 2743 1269 2785 non
1294 2723 1366 2784 nulli

67 2832 98 2883 et
123 2824 154 2882 iu
173 2821 229 2882 boc
250 2823 359 2883 iaciunt
382 2824 554 2898 discrimen,
584 2833 616 2884 ut
646 2823 684 2885 sit
706 2826 869 2906 perlectum
890 2832 992 2886 notum
1015 2825 1112 2886 habui.
1157 2843 1213 2887 nec
1231 2824 1322 2885 relert
1341 2820 1367 2883 si

15 2943 50 2986 aa
67 2944 104 2986 ex
126 2924 239 2983 diversa
260 2925 406 3002 positione
426 2925 572 2985 diversum
592 2925 795 2987 declinationis
818 2927 937 2987 modum
964 2933 1097 3004 tempore
1123 2925 1279 2987 admittunt
1300 2942 1367 3004 per·

67 3028 158 3086 lecto.
204 3033 271 3085 sunt
289 3025 366 3087 enim
388 3034 532 3105 corrupta.
578 3026 781 3106 imperativum
805 3028 889 3107 quasi
914 3026 1003 3088 luturi
1024 3043 1083 3087 non
1106 3025 1204 3087 habet.
1248 3025 1368 3086 infiniti·

66 3145 138 3186 vum
156 3125 269 3186 instans
287 3145 304 3186 a
326 3129 456 3207 perlecto
477 3146 537 3187 nou
553 3126 626 3187 nulli
648 3127 688 3187 ita
710 3128 874 3207 distingunt
895 3136 926 3189 ut
951 3127 989 3188 sit
1017 3143 1107 3186 nosse
1131 3124 1286 3200 instantis,
1315 3145 1369 3186 no-

67 3228 148 3288 visse
171 3227 301 3305 perlecti.
345 3228 393 3289 alii
415 3228 549 3289 similiter
574 3227 722 3289 decbnant
745 3236 902 3306 utrumque
925 3237 1058 3308 tempus,
1084 3227 1167 3305 quasi
1196 3246 1301 3300 nosse,
1336 3234 1369 3287 ut

67 3328 249 3390 meminisse.
294 3329 369 3409 apud
391 3338 504 3391 veteres
528 3327 681 3409 pluraliter
701 3328 789 3390 buius
811 3328 890 3389 verbi
914 3329 1028 3390 instans
1045 3327 1205 3406 colligitur,
1225 3344 1293 3388 cum
1315 3346 1369 3388 no-

23 3452 55 3492 ao
68 3451 138 3492 mus
161 3430 264 3491 dicunt
282 3450 335 3510 pro
356 3451 390 3491 eo
410 3432 487 3510 quod
510 3438 554 3491 est
576 3430 726 3504 novimus,
749 3430 789 3490 ita
814 3437 845 3490 ut
864 3430 977 3491 Ennius
999 3429 1030 3490 in
1048 3428 1163 3490 bustris

143 3626 154 3675 l
184 3623 321 3690 perlectum
341 3625 424 3676 ΑΒΜ
491 3626 591 3678 (leston
609 3627 772 3692 praeteritum
790 3641 850 3676 esus
869 3624 955 3689 (essue
968 3625 1005 3687 B)
1023 3624 1108 3674 ΑΒΜ
1122 3634 1192 3675 estur
1208 3624 1368 3690 perticipium

69 3712 132 3745 esus
151 3709 168 3751 ς
253 3695 269 3745 5
288 3695 441 3760 ambiguitur
460 3697 516 3746 AM
598 3696 716 3747 lididius
735 3695 819 3744 ΑΒΜ
835 3704 859 3744 el
875 3696 960 3746 codex
975 3695 1091 3759 Scioppii
1107 3711 1176 3758 erup.
1196 3697 1251 3744 lect.
1272 3693 1369 3743 111122

68 3766 232 3828 Didymusr
257 3763 362 3828 Epidius
381 3767 486 3814 coniecit
503 3767 532 3815 G.
552 3767 680 3816 Linkerur
697 3766 761 3815 Sall.
781 3766 837 3815 dist.
859 3781 973 3828 proceru.
995 3782 1024 3830 p.
1044 3764 1087 3816 90.
1117 3765 1153 3814 ad
1168 3765 1370 3815 declarationem

68 3837 102 3885 de
120 3835 242 3884 Sallustio
261 3833 285 3891 7,
302 3833 380 3896 2012.
405 3832 469 3883 1068
487 3837 526 3884 ed.
548 3835 616 3885 Cori.
643 3835 794 3898 patrimonio
820 3848 870 3882 uon
893 3849 995 3885 comeso
1019 3836 1065 3885 sed
1089 3833 1209 3883 devorato
1229 3833 1326 3883 rettulit
1340 3833 1368 3882 0.

70 3906 180 3954 Colerus
197 3904 223 3952 iu
243 3903 332 3952 Voler.
355 3902 432 3951 Max.
452 3901 521 3951 Vllll
542 3903 574 3952 12
592 3912 645 3954 eut.
664 3902 681 3953 6
751 3905 785 3953 ait
801 3903 853 3953 AB
868 3912 892 3952 et
910 3904 944 3954 M
1017 3904 1122 3953 salustio
1141 3903 1188 3952 Mb
1206 3901 1327 3952 salustius
1345 3901 1371 3950 B

141 3979 252 4020 comesta
269 3971 456 4034 patrimonias
543 3973 701 4036 petromonio
720 3971 752 4022 M
832 3972 941 4038 Valgius
956 3985 974 4027 ς
992 3982 1015 4023 et
1032 3973 1117 4024 cortex
1134 3973 1250 4036 scioppii
1266 3968 1370 4036 uulgius

70 4040 157 4089 ΑΒΜ
225 4048 310 4087 entem
328 4040 379 4089 AB
394 4054 423 4088 ec
441 4039 475 4089 M
542 4041 708 4091 7lralatioue
726 4042 751 4090 A
820 4057 936 4092 comesse
953 4042 979 4091 B
1059 4040 1152 4105 Varro]
1174 4058 1198 4091 r.
1217 4057 1242 4091 r.
1262 4039 1317 4100 12,
1338 4039 1368 4089 ll

71 4125 132 4159 uum
152 4121 216 4157 cena
229 4122 355 4169 comessa,
373 4109 464 4170 iuquit,
482 4111 616 4159 venimus?
703 4110 721 4161 8
738 4108 881 4176 Vergilius]
904 4112 968 4161 Aen.
987 4111 1089 4161 111257
1153 4110 1177 4173 Ι9
1195 4109 1329 4159 adsumere
1347 4109 1372 4158 A

144 4178 173 4227 ll
197 4190 268 4225 moso
287 4192 357 4227 cerne
376 4178 464 4226 misica
484 4177 507 4225 A
529 4178 618 4228 misoei
637 4192 738 4229 oaeeme
762 4180 850 4229 misicu
869 4180 904 4230 M
923 4180 987 4228 miso
1013 4179 1162 4229 cacemislcu
1178 4178 1296 4243 (prim
1313 4194 1328 4224 c
1345 4180 1371 4226 in

67 4245 159 4306 lium)
177 4246 203 4295 B
283 4245 314 4295 12
333 4261 440 4296 exosum
457 4255 482 4294 et
499 4261 651 4311 perosum
665 4247 798 4313 (perosum
816 4247 846 4310 b)
862 4249 932 4298 illum
950 4248 976 4297 B
994 4262 1101 4298 exosum
1118 4257 1147 4297 ut
1163 4260 1284 4313 perosum
1301 4245 1371 4294 illum

70 4318 102 4366 M
124 4329 231 4364 exosum
247 4323 276 4363 ut
293 4329 446 4380 percensum
465 4314 502 4364 illl
519 4315 545 4364 A
569 4330 663 4366 exosus
680 4326 705 4366 et
722 4332 831 4383 perosus
849 4331 867 4373 ς
889 4332 983 4367 exosus
1006 4332 1063 4367 sirm
1080 4325 1109 4366 ut
1129 4330 1238 4381 perosus
1256 4329 1315 4365 sum
1333 4314 1370 4363 illi

68 4385 204 4436 Putscdiue
292 4384 324 4434 15
341 4386 448 4434 misume
468 4383 552 4434 ΑΒΜ
638 4400 714 4447 quem
731 4387 754 4436 si
770 4403 793 4435 uu
817 4387 891 4450 quasi
907 4386 993 4436 ΑΒΜ
1013 4387 1094 4440 nisis
1183 4384 1214 4433 1¹1
1238 4384 1305 4433 idem
1321 4383 1373 4432 AB

68 4459 130 4505 ilem
149 4451 184 4502 M
251 4455 380 4505 eeddme
397 4453 511 4504 uideamur
528 4454 651 4518 quaedum
668 4456 758 4520 quibua
775 4457 873 4506 instans
890 4464 916 4506 et
928 4455 1069 4521 perfertur
1084 4463 1181 4518 ternpus
1199 4455 1235 4504 itu
1251 4453 1375 4516 distingui

68 4527 160 4575 dictam
179 4532 235 4573 erat
252 4530 278 4573 ut
293 4523 409 4588 perfecto
425 4536 520 4572 memor
538 4537 597 4572 sum
611 4523 756 4575 diceretur-.-
780 4524 815 4587 cf.
835 4525 933 4575 Charis.
950 4541 977 4589 p.
996 4524 1050 4574 2⁴29
1135 4522 1170 4572 20
1186 4521 1265 4571 uerbo
1280 4533 1298 4577 ς
1314 4535 1373 4571 uer·

67 4591 227 4642 bumABM
299 4592 425 4641 declinere
438 4607 508 4643 corr.
523 4592 557 4641 -ri
570 4589 602 4640 M
621 4591 742 4642 declinari
755 4592 806 4642 AB
875 4594 949 4656 quasi
967 4592 1081 4642 luturmn
1098 4605 1219 4657 perosum
1239 4599 1263 4640 et
1282 4604 1373 4652 quem·

67 4661 205 4711 admodum
224 4661 343 4725 superius
360 4660 421 4709 illud
441 4661 478 4710 sic
496 4668 563 4709 certe
582 4673 600 4715 ς
686 4661 721 4711 24
745 4669 773 4710 ul
791 4662 860 4716 site
884 4670 912 4710 ιιι
926 4671 964 4711 est
982 4662 1041 4710 AM
1062 4669 1090 4709 ιιι
1105 4674 1206 4724 semper
1223 4659 1249 4709 B
1336 4658 1371 4708 25

66 4743 182 4795 tempore
199 4743 216 4784 ς
232 4737 373 4794 temporum
391 4729 477 4778 ΑΒΜ
543 4728 577 4779 26
592 4743 641 4779 non
660 4746 707 4780 ora.
727 4731 761 4788 B,
780 4730 875 4780 addi>
956 4729 1077 4779 inllnitiui
1093 4728 1180 4779 ΑΒΜ
1258 4725 1293 4777 29
1311 4728 1368 4793 plu-

65 4800 145 4849 ralem
164 4798 250 4848 ΑΒΜ
266 4808 290 4849 et
307 4800 392 4850 codex
408 4799 524 4863 Scicppii
539 4814 610 4863 susp.
629 4803 685 4850 lect.
705 4798 803 4848 111122
821 4797 927 4862 pluralis
945 4812 963 4854 ς
1032 4797 1166 4864 collegitur
1186 4797 1221 4847 Μ
