3114 5356
707 275 868 339 cnamsu
903 310 906 315 -
946 248 953 256 ’

1278 407 1301 448 n.
1314 393 1343 440 aa
1355 392 1381 436 n.

392 472 427 525 et
450 464 525 525 dici
546 464 657 539 ficos,
682 464 912 539 Lnetiliane‚
939 472 1060 545 putas.

306 566 471 627 dicemus
498 566 595 628 licus
623 585 712 644 quas
741 567 879 628 scimus
899 567 934 627 iu
956 566 1091 628 arbore
1110 565 1232 642 nasci;

389 667 553 730 dicamus
576 669 688 744 ficos,
711 669 1052 742 Laetiliane‚,tuos.

68 738 83 777 ’
139 748 215 853 'pe
242 779 309 831 aute
338 770 533 832 maturitatem
559 772 614 832 hae
640 771 735 850 grossi
762 772 897 835 dicuntur
919 770 1057 832 lemiuiao
1080 767 1195 848 genere.
1239 779 1268 832 et
1292 772 1432 834 Horatius

143 871 307 958 [³urbcm
329 879 362 934 et
382 872 486 935 vicos
508 872 702 934 laudabat'
729 868 773 958 et]
1444 893 1457 934 s

113 964 117 973 ¹
675 995 751 1038 cum
770 962 920 1056 duplice
948 976 1032 1035 licu.
1318 1048 1321 1053 ⁶

142 1142 145 1149 ,
226 1076 394 1140 Inimicitiae
416 1085 446 1139 et
464 1075 587 1139 insidiae
609 1077 759 1157 pluraliter
783 1077 839 1138 dici
862 1077 985 1152 deheut;
1008 1075 1060 1138 sed
1082 1074 1236 1138 Sallustius
1258 1078 1294 1138 de
1316 1077 1430 1138 insidiis

141 1182 255 1263 prima
274 1182 390 1260 inquit,
413 1187 443 1242 et
459 1181 563 1242 Accius
586 1142 823 1242 inimiiitiam
845 1179 923 1241 dicit

188 1268 192 1275 ⁸
223 1283 331 1345 dlicam
362 1282 425 1343 siue
445 1282 642 1362 adspiratione
669 1282 774 1344 dictam
797 1281 913 1342 Verrius
935 1281 1037 1356 uadit,
1060 1288 1091 1341 ct
1111 1281 1155 1341 sic
1174 1279 1257 1341 multi
1279 1280 1430 1358 dixerunt;

140 1386 280 1467 quamuis
301 1383 429 1445 Lucilius
452 1384 500 1446 XV
1444 1401 1468 1443 n

469 1504 572 1548 nemo
594 1494 651 1548 est
670 1485 875 1548 halicarius
903 1484 1097 1567 posterior
1116 1494 1152 1546 te

139 1607 206 1649 cum
228 1586 425 1668 adspiratione
448 1587 571 1649 dicerit.

224 1688 428 1751 Polcuta'dici
455 1690 542 1752 debet
568 1711 622 1772 per
641 1710 676 1767 o;
707 1690 790 1751 cuius
817 1690 860 1750 rei
882 1689 999 1750 Verrius
1026 1688 1148 1750 Flaccus
1176 1690 1318 1751 rationem
1347 1686 1432 1750 bunc

54 1825 58 1831 -
138 1790 257 1867 reddit,
284 1790 368 1872 quod
389 1790 433 1852 ud
449 1811 521 1854 usus
543 1794 694 1855 hominum
715 1791 849 1873 poliatur.

222 1895 313 1955 Nemo
334 1894 364 1956 in
379 1895 497 1957 homine
515 1897 666 1977 proprium
682 1902 745 1968 est,
768 1893 836 1973 quia
850 1893 1046 2021 significatOne
1068 1895 1165 1956 lromo.
1198 1894 1309 1972 antiqui
1325 1904 1355 1955 et
1373 1914 1428 1974 pro
1444 1910 1466 1952 rs

138 2157 154 2204 4
167 2183 201 2193 -
212 2154 244 2204 15
262 2152 287 2202 Ν

1223 2225 1247 2266 et
1262 2217 1378 2270 horatius

189 2327 293 2377 uerbem
323 2332 348 2375 et
373 2325 434 2374 llcos
466 2311 587 2375 laudabat
612 2328 637 2371 et
667 2335 724 2370 cum
750 2320 854 2387 duplice
883 2320 931 2370 ficu
957 2317 982 2387 ll
1008 2327 1033 2369 et
1058 2321 1143 2369 accius
1167 2320 1323 2371 inimicitiam
1351 2306 1385 2372 ds

223 2412 357 2478 inimicitis
377 2420 402 2462 et
425 2410 520 2475 iusidiq
542 2407 674 2476 pluraliter
697 2408 750 2458 dici
773 2407 866 2458 debent
885 2421 906 2458 s.
935 2405 1016 2458 sallus'
1032 2407 1065 2457 de
1089 2407 1190 2456 insidiis
1214 2409 1296 2473 prims
1314 2411 1358 2473 inq

224 2501 322 2550 alicam
349 2500 404 2548 sine
436 2496 608 2562 adspiratione
635 2496 703 2547 uicta
735 2496 834 2547 uerrius
863 2492 940 2543 tradit
968 2502 992 2544 et
1020 2495 1059 2543 sic
1089 2493 1163 2543 multi
1194 2494 1255 2546 ds‘ut

190 2587 262 2640 lucil.
292 2585 347 2637 XU.
381 2598 455 2633 nemo
492 2583 506 2629 b
540 2581 695 2633 lralicaribus
731 2583 855 2648 posterior
888 2590 913 2630 te
948 2595 971 2637 cr
1007 2580 1146 2647 adspiratio
1397 2584 1428 2635 10

222 2672 327 2722 Poleutn
358 2671 409 2721 diei
437 2668 525 2737 debet
543 2683 589 2733 per
624 2684 638 2717 o
671 2669 743 2718 cuins
769 2669 806 2717 rci
832 2667 930 2717 uerrius
961 2667 1054 2718 llaccus
1085 2670 1206 2719 rationem

189 2774 250 2810 usus
280 2757 366 2807 omniir
397 2755 508 2820 poliatur
540 2751 564 2817 ll
592 2762 649 2802 runt
679 2754 762 2816 ideoq,
791 2768 865 2804 nemo
895 2754 1007 2805 dicantes
1035 2757 1108 2819 quasi
1137 2757 1221 2805 minus
1249 2757 1291 2822 sig
1379 2791 1382 2796 -

226 2860 304 2910 Nauio
328 2861 354 2908 iu
379 2836 492 2908 homine‘
504 2859 635 2926 proprium
657 2859 671 2907 ὗ
694 2874 711 2922 q
733 2858 861 2925 siguificat
882 2873 913 2909 ne
930 2858 1006 2911 homo
1025 2860 1121 2923 antiqui
1140 2869 1164 2909 ot
1182 2876 1228 2926 pro
1246 2859 1289 2908 nul
1397 2861 1427 2910 la'r

208 3037 225 3084 4
241 3031 358 3081 Horatius
377 3051 390 3082 s
409 3029 496 3080 urbem
515 3045 551 3079 m:
581 3029 639 3081 anibi
654 3031 685 3081 de
701 3031 795 3080 nome
812 3030 918 3082 Horatii
937 3047 985 3081 non
1007 3035 1070 3083 satas
1092 3031 1235 3089 constabat,
1260 3032 1308 3081 sed
1325 3039 1384 3094 post
1401 3032 1427 3080 id

138 3103 198 3155 nibil
212 3105 329 3165 scripturn
347 3117 403 3151 esse
419 3101 550 3151 uidebatur
634 3101 666 3152 10
684 3101 799 3150 Lucilius
814 3100 1001 3164 decimoquinto
1020 3117 1054 3151 w:
1071 3102 1127 3153 namt
1144 3118 1192 3152 non
1210 3102 1331 3165 adparuit
1346 3110 1425 3151 utrum

140 3173 185 3223 xli
203 3189 235 3221 arn
251 3171 299 3220 Xll
314 3173 432 3235 scripturn
450 3180 516 3222 esset
586 3171 616 3221 12
635 3172 806 3236 adspiratione
824 3170 898 3222 dixit.
917 3171 1022 3222 Poleuta
1040 3188 1062 3220 ω
1132 3172 1164 3224 13
1183 3172 1303 3220 rationem
1320 3171 1385 3220 lrauc
1402 3174 1425 3220 iu

138 3244 222 3294 codice
240 3242 372 3304 anuntfesae
388 3245 507 3306 scriptam
525 3257 581 3292 erre
598 3243 637 3291 ait
655 3241 839 3291 laudunicam
910 3242 942 3293 15
961 3258 1007 3308 pro
1025 3241 1093 3291 nullo
1112 3250 1259 3307 posueruut,
1276 3242 1344 3307 quod
1359 3242 1427 3290 dedit

139 3312 286 3371 Putscllias,
314 3314 339 3361 ia
360 3313 444 3362 codice
465 3328 520 3363 esse
541 3313 577 3362 uit
595 3311 794 3379 Lindemuauus:
819 3310 876 3362 midi
895 3314 954 3375 ptus
978 3313 1064 3363 deesse
1088 3312 1219 3363 ridebatur

210 3522 221 3572 l
242 3522 273 3570 Et
286 3521 337 3570 dici
350 3518 410 3567 ileos
424 3531 459 3565 ur:
480 3517 505 3564 ia
522 3517 608 3567 codice
620 3524 699 3567 utrum
712 3517 774 3568 ficos
790 3534 824 3569 cn
838 3518 901 3568 ficus
914 3534 947 3568 un
963 3517 1022 3567 usas
1035 3522 1101 3565 esset
1114 3530 1161 3563 uon
1176 3516 1239 3564 satis
1252 3515 1375 3577 adparuit

139 3589 281 3640 Caeciliano
299 3599 374 3655 putas
390 3586 522 3637 t'abrtcua
540 3585 682 3638 Caeciliano
698 3589 770 3638 iubes
788 3588 919 3639 Putscbius
937 3604 951 3638 e
969 3585 1094 3637 codicibus
1111 3584 1242 3635 Martialis
1257 3593 1281 3634 et
1298 3585 1427 3636 Prisciani

133 3725 162 3773 p.
182 3709 233 3761 713
319 3707 468 3758 2dicemus
485 3706 547 3758 licus
564 3724 585 3757 ω
609 3707 718 3759 dicimus
739 3668 800 3772 liobe
818 3708 845 3757 N
929 3705 1077 3758 ddicamus
1092 3706 1151 3756 ficos
1169 3703 1310 3756 Laetiliane
1327 3712 1385 3754 tuos
1404 3721 1425 3754 ω

401 3787 415 3811 V

139 3829 254 3878 dicamus
273 3824 335 3876 ilc..
355 3826 429 3891 (licus
447 3844 502 3878 esse
520 3823 663 3890 uidebatur)
684 3826 810 3893 lqtilian..
822 3843 864 3877 ..s
881 3826 907 3875 N
929 3828 1042 3878 dicemus
1061 3825 1121 3876 ficos
1139 3825 1281 3877 Caeciliaae
1299 3833 1356 3875 tuos
1374 3826 1426 3874 Fa-

137 3899 232 3949 bricius
315 3897 333 3945 4
350 3895 422 3962 tt(t.
441 3913 463 3949 e.
483 3894 559 3961 haec)
578 3898 663 3962 grossi
679 3898 705 3946 Ν
726 3896 753 3945 hi
777 3899 860 3963 grossi
880 3913 901 3946 ω
989 3896 1128 3948 foeminino
1150 3910 1245 3962 genere
1266 3904 1290 3944 et
1307 3895 1426 3947 Horatius

138 3967 291 4033 (Veruecem
309 3973 333 4016 et
351 3966 411 4017 ileos
430 3966 549 4018 laudabat
566 3966 627 4015 add.
648 3965 796 4030 Paatscbius)
819 3968 886 4019 Dum
907 3967 969 4018 licus
990 3969 1072 4033 prima
1095 3966 1213 4029 calorque
1236 3964 1266 4014 Et
1283 3966 1348 4015 Tum
1373 3981 1427 4016 nux

138 4040 242 4089 ornabat
266 4051 367 4088 mensas
392 4053 449 4088 cum
475 4037 576 4103 duplice
599 4036 646 4085 ficu
665 4036 796 4087 Fabricius
813 4047 838 4089 et
855 4038 995 4091 Putscbiua.
1023 4039 1086 4087 duos
1103 4037 1210 4090 Horatii
1225 4050 1327 4096 murs,
1350 4037 1426 4099 epod.

140 4110 186 4169 16,
204 4108 239 4159 db
259 4123 381 4170 suamquc
401 4107 472 4173 pulla
495 4108 555 4156 ilaus
578 4115 649 4155 ornat
672 4107 787 4158 arborem
811 4117 837 4160 et
856 4116 904 4159 sat.
926 4109 948 4157 ll
966 4108 993 4168 l,
1014 4108 1063 4158 122
1087 4117 1112 4157 et
1129 4121 1182 4155 nux
1202 4105 1306 4155 ornabat
1323 4120 1427 4155 mensas

138 4194 195 4228 cunr
214 4177 315 4243 duplice
332 4178 381 4226 deu
397 4179 526 4242 adpositos
539 4177 621 4239 fuisse
638 4177 746 4226 credidit
762 4179 954 4228 Lindemunaus.
984 4193 1029 4242 epo
1052 4178 1118 4242 quod
1135 4178 1223 4239 priore
1247 4177 1302 4226 loco
1324 4178 1426 4241 scripsi,

138 4250 225 4299 urbem
241 4258 265 4298 et
282 4250 352 4298 vicos
371 4248 499 4309 laudabat,
517 4247 553 4295 ud
568 4246 665 4297 Horat.
685 4254 735 4295 sat.
754 4248 764 4295 l
782 4245 809 4310 o,
828 4247 860 4299 13
879 4249 948 4297 vicos
965 4248 1053 4297 urbem
1073 4246 1187 4297 laudaret
1203 4247 1334 4308 pertinere
1350 4247 1426 4296 noim.

139 4321 244 4370 alienum
258 4325 338 4368 autem
355 4318 387 4367 ab
403 4317 449 4368 boc
466 4320 521 4367 icco
539 4318 676 4379 exemplum
690 4318 729 4366 nel
746 4317 803 4366 inde
820 4318 912 4380 inferri
923 4321 1010 4382 potuit,
1028 4317 1096 4382 quod
1112 4316 1144 4366 de
1163 4316 1307 4380 differentia
1321 4315 1429 4365 uocaba-

139 4391 216 4439 lorurn
238 4390 329 4450 ‘fictas’
352 4395 378 4437 et
394 4389 491 4438 ‘uicus‘
515 4386 636 4453 quaedam
658 4387 789 4449 adscripta
805 4388 923 4450 fueruat,
947 4389 986 4437 nel
1006 4389 1131 4436 actitata
1153 4389 1260 4436 suanm
1280 4402 1306 4449 p.
1326 4386 1360 4435 77
1381 4384 1430 4434 bac

140 4460 317 4520 transposition
334 4465 371 4509 est
455 4460 470 4508 t
489 4453 640 4520 Sallustius]
660 4456 822 4507 historiarum
841 4457 906 4507 libro
924 4458 956 4507 lll
973 4455 1078 4506 Seruius
1094 4459 1120 4505 in
1144 4456 1223 4520 Verp.
1242 4469 1329 4520 prora.
1354 4456 1376 4504 tt
1392 4454 1429 4505 98

139 4529 204 4580 Aen.
223 4527 257 4577 Xl
272 4527 323 4580 896
410 4528 441 4578 de
459 4527 553 4577 insidia
571 4527 653 4592 prima
672 4525 803 4576 Fabriciis
828 4564 833 4573 .
895 4528 927 4577 10
947 4522 1074 4589 quamvis]
1095 4526 1146 4574 uisi
1163 4525 1232 4588 quod
1249 4524 1385 4575 Putseliius
1402 4533 1430 4575 ct

141 4596 164 4645 I.
182 4599 282 4647 Ilourue
301 4598 382 4647 Lucil.
401 4605 450 4648 sut.
467 4600 515 4647 rel.
532 4596 580 4647 XV
600 4595 633 4646 18
648 4611 675 4658 p.
696 4596 729 4647 bb
816 4596 847 4647 ll
866 4595 1003 4646 halicarius
1021 4610 1043 4644 ω
1131 4592 1163 4643 13
1186 4595 1288 4660 polenta
1307 4608 1357 4645 aon
1380 4608 1430 4659 pu·

141 4665 207 4715 lenta
227 4666 359 4717 dicendum
379 4677 417 4725 cst
435 4684 464 4720 eo
482 4667 550 4731 quod
566 4681 627 4715 usus
645 4665 774 4715 hominum
799 4666 929 4730 (omnium
945 4665 1028 4716 codex
1045 4663 1299 4728 Montepessutauus)
1317 4665 1431 4731 poliatur

139 4751 196 4788 eac.
213 4735 323 4801 uadopr.
340 4753 367 4800 p.
387 4736 465 4793 2705.
482 4741 566 4804 itnqaoe
581 4737 613 4786 ad
631 4739 656 4786 iu
674 4735 700 4784 Ν
715 4750 810 4801 quoque
824 4738 935 4786 emunim
949 4736 1031 4800 suirse
1047 4735 1147 4785 uidetur
1227 4735 1351 4785 rationem
1371 4735 1444 4785 red-'

56 4796 64 4815 '
140 4804 176 4854 dit
193 4806 260 4867 quod
279 4806 336 4855 austri
354 4810 465 4857 omnium
484 4809 614 4859 tutunus
631 4807 753 4855 rationem
771 4803 835 4855 ltattc
853 4805 935 4855 reddit
953 4805 1020 4867 quod
1039 4804 1097 4854 usui
1115 4805 1225 4854 omnium
1246 4803 1380 4855 Putaeltiua
