3114 5356
620 288 752 351 lNS'll'l'.
776 290 885 352 Gmtt
907 291 979 354 ΗΒ.
1002 293 1015 353 l
1383 297 1461 358 lib

184 411 249 534 veluit
257 398 301 534 :a
322 399 456 535 egobino
478 473 527 535 hic
545 475 669 556 pulcher
690 478 841 558 pulchrior
855 475 869 563 ll
883 479 1112 560 pulcherrimus,
1136 497 1170 539 ex
1192 421 1279 543 tertilii
1292 408 1461 548 melbr-

182 575 229 638 tior
246 577 433 639 fortissimus.

251 678 361 741 llarvun
383 678 610 760 appellationum
638 684 816 765 comparatio
838 684 992 747 ablativum
1014 701 1115 745 casum
1136 682 1257 764 accipit,
1283 684 1363 748 velut
1388 687 1459 750 doc·

177 781 226 842 tior
243 781 309 856 illo,
336 781 496 862 superlatio
516 785 696 862 genetivum,
724 787 802 848 velut
819 785 1005 848 doctissimus
1024 785 1163 846 omnium.
1207 788 1339 864 quamvis
1360 799 1459 853 autem

151 894 369 965 recuperantes
389 893 508 947 utamur
525 895 554 951 et
580 888 719 968 singulari
743 897 773 949 et
792 887 896 968 plurali
918 904 1058 962 munem,
1085 886 1224 966 quoniam
1241 908 1300 951 uno
1317 890 1384 968 quis
1405 911 1459 972 po·

171 995 223 1048 test
248 985 353 1048 melior
382 1005 465 1063 esse,
494 989 599 1052 ceteris
627 992 724 1071 peior,
754 999 867 1065 tamen,
892 1007 959 1051 cum
987 988 1193 1070 superlativum
1223 991 1374 1070 ponimus,
1398 1012 1458 1055 nou

168 1089 272 1150 utimur
297 1088 440 1168 singulari
465 1108 603 1167 numero,
631 1093 683 1154 sed
711 1102 761 1154 aut
791 1092 914 1155 dicimus
943 1092 1072 1153 omnium
1101 1100 1149 1153 aut
1180 1111 1235 1173 per
1260 1112 1293 1154 se
1320 1095 1458 1174 ponimus

165 1191 235 1252 nibil
257 1189 429 1252 adicientes.
473 1192 537 1272 ipsa
558 1193 636 1253 enim
659 1194 817 1275 superlatio
838 1213 892 1274 per
912 1212 944 1255 se
965 1192 1175 1273 praelationem
1196 1194 1326 1255 omnium
1348 1195 1458 1276 signill-

164 1302 211 1354 eat
233 1303 264 1355 et
284 1295 439 1355 confirmat
458 1294 605 1356 neminem
626 1315 696 1378 prae
716 1297 766 1359 illo
786 1315 853 1361 csse
878 1296 1054 1369 doctiorem,
1078 1294 1127 1357 ubi
1149 1295 1337 1359 doctissimus
1357 1298 1459 1379 appul-

130 1410 152 1452 η
164 1395 249 1457 latur.
293 1415 351 1458 nec
371 1404 404 1458 ut
421 1394 551 1460 solemus
574 1398 671 1464 dicere
687 1401 781 1479 magis
800 1400 905 1460 doctus
926 1405 956 1458 et
975 1397 1058 1459 valde
1080 1398 1200 1474 doctus,
1222 1398 1262 1460 ita
1279 1399 1366 1461 etiam
1388 1400 1458 1462 dici-

161 1517 229 1561 mus
250 1498 346 1578 magis
367 1506 398 1560 et
417 1499 500 1561 valde
522 1501 636 1562 doctior
657 1501 702 1563 vel
720 1501 917 1564 doctissimus.
961 1499 1031 1561 illud
1054 1499 1131 1560 enim
1154 1498 1184 1560 iu
1206 1499 1388 1563 absolutione
1409 1523 1458 1566 so·

160 1599 202 1661 let
222 1599 297 1662 adici
319 1601 356 1662 de
378 1600 425 1661 bis
447 1603 496 1680 qui
519 1602 582 1665 aliis
607 1611 676 1665 sunt
696 1604 843 1666 doctiores
865 1611 894 1664 ct
913 1602 1023 1663 habent
1042 1601 1115 1666 alios
1133 1620 1204 1682 prae
1225 1621 1258 1664 se
1277 1599 1283 1687 Ι
1301 1604 1456 1668 doctiores.

160 1701 211 1763 ubi
233 1711 332 1764 autem
356 1703 556 1784 superlatione
574 1706 698 1780 utimur,
721 1726 781 1769 non
802 1713 901 1788 potest
922 1704 996 1765 adici
1017 1722 1113 1782 neque
1134 1704 1227 1783 magis
1249 1720 1345 1783 neque
1364 1707 1457 1783 valde,

159 1803 299 1882 quoniam
320 1803 384 1885 ipsa
402 1807 561 1887 superlatio
582 1809 680 1869 omnia
695 1810 854 1888 significat,
875 1824 1050 1886 quamquam
1067 1804 1107 1867 ait
1125 1805 1228 1868 Cicero
1250 1807 1307 1867 vel
1329 1817 1457 1888 poten·

128 1906 354 1984 attissimus,
377 1909 455 1988 quod
477 1919 524 1973 est
541 1910 624 1972 valde
645 1912 876 1992 potentissimus.

244 2008 278 2069 ln
298 2009 401 2089 primis
430 2031 500 2092 ergo
521 2014 578 2075 hoc
600 2013 755 2075 observare
781 2013 922 2074 debemus
943 2016 1146 2089 comparantes
1175 2008 1253 2086 quod
1275 2013 1455 2091 comparatio

161 2108 353 2173 absolutionis
379 2113 638 2194 perissospllabum
668 2135 792 2178 necesse
822 2124 867 2176 est
895 2124 928 2174 ut
954 2110 1077 2184 hebeat,
1105 2109 1183 2172 velut
1204 2110 1309 2173 doetus
1330 2111 1453 2188 doctior,
1510 2170 1516 2181 ,

162 2211 252 2274 laeilis
274 2213 396 2274 lacilior.
441 2217 494 2278 sod
517 2219 542 2280 si
564 2218 698 2279 inciderit
719 2213 874 2299 appellatio
898 2233 973 2294 quae
995 2231 1054 2274 non
1074 2219 1173 2292 potest
1197 2212 1307 2274 habere
1324 2215 1454 2295 perisso·

162 2314 302 2394 syllabam
326 2316 356 2377 in
386 2318 619 2399 comparatione,
649 2338 704 2380 nec
730 2318 892 2399 comparari
920 2324 1035 2398 potest;
1063 2313 1319 2394 quud-possumus
1340 2335 1375 2378 ex
1397 2317 1453 2378 liae

128 2418 377 2497 neomparatiunc
405 2420 566 2482 evidentius
592 2420 699 2483 videre.
750 2420 829 2481 velut
855 2418 921 2500 pius
949 2415 1073 2479 debebat
1094 2415 1124 2476 in
1148 2417 1366 2497 comparatione
1387 2420 1453 2512 pior

164 2518 236 2593 dici;
258 2520 310 2580 sed
330 2521 468 2599 moniam
487 2542 547 2584 non
569 2523 657 2585 babet
677 2520 949 2604 perissosyllabum,
977 2536 1033 2580 nec
1054 2518 1216 2598 comparari
1239 2527 1353 2600 potest,
1375 2521 1453 2582 sicut

163 2639 215 2682 uec
234 2622 357 2684 idoneor
377 2623 434 2685 dici
456 2632 563 2705 potest
608 2644 682 2704 qvvae
703 2624 804 2705 regula
824 2624 860 2686 de
874 2622 1011 2686 omnibus
1031 2619 1274 2702 appellationibus
1296 2640 1372 2701 quae
1391 2642 1450 2684 non

161 2722 268 2786 babent
287 2726 318 2786 in
340 2727 558 2805 comparatione
579 2726 834 2808 perissosyllabum
856 2723 1036 2788 observanda
1056 2729 1116 2797 est,
1145 2731 1255 2786 utnon
1279 2742 1451 2807 comparen-

161 2833 213 2887 tur.
257 2845 318 2888 non
341 2828 439 2888 minus
460 2835 557 2890 autem
581 2829 741 2911 excipimus
762 2848 796 2890 ex
819 2825 1085 2909 comparationibus
1109 2843 1310 2904 quaecumque
1332 2828 1450 2889 nomina

127 2944 195 2988 aus
222 2946 296 3007 puro
323 2930 528 3009 proteruntur,
556 2933 633 2994 velut
659 2941 796 2994 strenuus
822 2929 1007 2992 necessarius
1037 2935 1067 2990 et
1094 2928 1207 2990 similia.
1256 2929 1449 3010 comparativa

159 3031 236 3091 cuim
259 3049 318 3091 non
345 3042 470 3111 possunt
489 3034 615 3111 babere,
644 3033 817 3114 superlativa
839 3053 908 3095 vero
930 3032 1039 3093 babent
1060 3050 1095 3091 er
1116 3030 1253 3092 omnibus
1274 3032 1380 3111 quibus
1401 3053 1450 3093 ve·

157 3133 258 3207 aiunt,
276 3132 354 3193 velut
376 3133 423 3195 hic
438 3136 587 3215 piissimus
609 3126 838 3199 strenuissimus.
884 3154 918 3196 ea
936 3133 1021 3196 tertia
1035 3131 1230 3194 declinatione
1249 3133 1315 3195 talia
1331 3135 1449 3195 nomina
1521 3122 1530 3149 '

156 3254 216 3295 non
239 3234 430 3314 excipiuntur.
474 3237 521 3298 his
541 3245 638 3298 autem
660 3255 734 3316 quae
755 3258 814 3299 non
838 3237 982 3317 recipiunt
1002 3234 1213 3317 eomllparativa
1232 3235 1373 3298 adicimus
1387 3255 1449 3296 ma-

155 3338 203 3415 gis
224 3355 312 3414 quarn
335 3335 381 3397 illc
403 3347 433 3398 et
453 3339 629 3419 proferimus
648 3359 701 3419 per
721 3338 943 3414 nominativum,
967 3337 1044 3398 rclut
1065 3336 1132 3398 ‘liic
1151 3337 1335 3399 necessarius
1356 3337 1449 3415 magis

115 3456 244 3516 aquam
266 3439 345 3513 ille',
368 3439 433 3499 ‘hie
452 3440 518 3519 pius
539 3441 632 3519 magis
654 3458 742 3519 quam
764 3440 840 3503 ille’.

241 3540 316 3601 Sunt
337 3542 530 3619 comparativa
552 3561 586 3602 ex
608 3541 751 3604 adverbiis
769 3543 939 3624 prototypis.
978 3539 1056 3603 velut
1076 3548 1122 3602 est
1142 3558 1234 3620 prope
1261 3540 1447 3616 adverbium

152 3662 189 3704 er
212 3643 269 3704 lroc
296 3645 329 3704 ut
357 3644 584 3723 comparativum
612 3645 732 3726 propior
758 3644 922 3725 proximus:
952 3643 1022 3704 item
1051 3643 1131 3704 intus
1163 3640 1285 3703 interior
1316 3642 1446 3717 intimus,

151 3755 183 3807 et
205 3746 289 3824 siqua
310 3745 374 3806 alia.
575 3735 578 3741 ’

240 3849 342 3909 Omnis
365 3866 433 3908 vero
458 3849 636 3927 comparatio
660 3849 689 3909 in
714 3849 788 3910 tertii
812 3846 923 3909 ordinis
946 3846 1169 3909 declinationem
1190 3845 1346 3925 redigitur,
1368 3843 1446 3906 velut

113 3950 204 4013 aelric
220 3950 341 4041 'doctior
370 3949 457 4011 liuius
486 3950 639 4026 doctioris,
666 3952 824 4032 superlatio
855 3949 884 4010 ia
912 3948 1049 4025 secundi,
1078 3948 1155 4010 velut
1182 3948 1231 4009 lric
1259 3945 1447 4009 doctissimus

151 4053 242 4114 buius
265 4051 442 4128 doctissimi3
474 4052 527 4112 sed
555 4053 691 4114 feminina
720 4053 881 4115 secundum
908 4051 1032 4133 primam
1053 4050 1276 4113 declinationem
1298 4048 1446 4111 declinan-

151 4164 215 4228 tur,
239 4162 271 4215 ut
292 4153 366 4214 lraec
383 4152 551 4214 doctissima
573 4153 659 4217 buius
679 4154 874 4218 doctissimae.
1328 4155 1332 4165 '

236 4256 378 4317 Adverbia
403 4274 471 4316 vero
499 4273 573 4334 quae
596 4274 630 4316 ex
654 4254 897 4336 appellationibus
917 4257 1037 4319 veniunt
1057 4255 1116 4318 hoc
1141 4254 1229 4317 modo
1252 4263 1320 4317 sunt
1342 4251 1444 4314 obser·
1500 4261 1505 4270 ’

149 4357 253 4419 vanda.
298 4357 414 4436 quando
439 4355 639 4438 appellationis
668 4357 818 4435 genetivus
844 4378 931 4422 casus
958 4358 989 4421 iu
1016 4359 1042 4423 is
1069 4359 1178 4439 syllaba
1200 4355 1386 4430 terminatur,
1415 4361 1444 4414 et

219 4614 378 4674 dquamuis
401 4561 430 4660 pp
453 4621 628 4680 comparantes
646 4610 673 4661 N
743 4612 775 4663 10
791 4563 1011 4665 Neeutsolemusll
1080 4611 1110 4662 ll
1124 4607 1382 4662 inabsolutlonemN

151 4681 185 4732 14
202 4679 303 4746 Cicero]
320 4697 371 4745 pro
388 4683 463 4777 Repe.
482 4683 567 4734 Aruer.
587 4685 613 4749 2,
632 4682 650 4734 6
736 4683 768 4735 31
792 4682 856 4758 Sunt
878 4683 1052 4749 comparatius
1075 4680 1199 4732 aduerbia
1221 4678 1442 4788 exvprvurrororpis

151 4798 236 4864 Nus.
253 4800 479 4865 praedonum
547 4803 581 4854 32
599 4761 987 4869 comparatiuunimpmproxtme
1003 4800 1029 4851 N
1096 4801 1165 4853 lutus
1182 4802 1286 4853 interior
1302 4801 1406 4853 intimus
1420 4797 1457 4847 N·

1192 4884 1236 4948 ,.
