3114 5356
604 239 685 300 mr.
710 236 851 301 emant.
875 235 948 300 nm.
972 238 1013 301 111
1394 241 1453 301 501

224 383 231 396 .
285 385 292 398 .
375 380 383 394 .
1267 354 1364 396 ara-rs
1377 355 1404 397 c.

155 354 508 488 redemptorque
529 432 559 484 et
578 424 680 485 metris
705 432 875 487 constmcta
897 444 914 486 a
937 425 1021 486 tertio
1044 441 1131 496 versu
1155 423 1201 484 vel
1226 366 1331 504 quarto
1351 446 1458 488 conva-

155 527 220 587 luit.
264 535 391 588 metrum
417 534 513 587 servat
539 534 569 587 et
597 544 752 587 numerum
779 525 954 605 syllabamm
983 544 1043 586 non
1071 533 1239 600 serv·at,'ut
1260 527 1291 587 in
1317 526 1457 606 Glyconio

156 627 203 688 vel
223 627 427 703 Pherecratio,
449 646 524 707 quae
545 635 638 690 metra
657 626 791 706 dactylici
810 625 967 704 imaginem
988 625 1114 700 habent,
1139 627 1191 688 secl
1213 628 1322 708 pedum
1342 628 1457 690 minore

156 747 281 791 numero
302 729 526 790 concluduntur.
572 738 602 790 at
629 747 697 788 vero
724 745 780 789 nec
807 735 933 787 metrum
960 736 1055 789 servat
1079 747 1135 789 nec
1157 747 1311 790 numerum
1333 730 1457 810 svllaba-

127 850 239 904 srum,
271 837 303 891 ut
331 830 361 890 in
391 830 540 910 Sapphico
570 827 831 907 hendecasyllabo,
861 828 891 888 in
919 845 977 906 quo
1004 829 1168 889 contrarios
1194 831 1286 909 pedes
1311 850 1402 894 unum
1426 834 1456 893 io

156 951 274 993 versum
311 931 470 1010 coniungit.
523 931 592 992 item
624 928 747 991 diversis
775 928 908 990 versibus
939 939 968 989 et
998 928 1099 990 metris
1131 948 1146 988 a
1179 930 1264 991 tertio
1293 951 1378 995 versu
1413 934 1455 993 rel

157 1042 262 1113 quarto
288 1033 431 1112 stropben
453 1039 586 1106 revocat,
619 1038 653 1092 ut
672 1030 703 1091 in
725 1027 857 1112 Holratio
876 1029 993 1092 Alcaico
1011 1029 1060 1091 illa
1088 1030 1141 1090 tria
1168 1029 1213 1091 rel
1239 1033 1455 1113 Asclepiadium

158 1143 188 1195 et
209 1132 382 1214 Glyconium
404 1139 432 1193 et
455 1131 674 1194 Pherecratium
695 1131 884 1193 coniunctum
907 1130 1047 1192 videmus.
1099 1147 1104 1159 ·

588 1319 639 1380 nn
662 1315 872 1379 immolam
893 1315 1026 1378 sunem
1077 1266 1084 1279 ’

117 1462 144 1502 ro
244 1437 365 1517 Species
386 1437 473 1498 metri
495 1444 565 1498 suut
586 1437 676 1511 duae,
699 1435 780 1497 linita
801 1445 832 1494 et
846 1434 969 1495 inlinita.
984 1430 998 1517 ΙΙ
1013 1434 1093 1494 linita
1115 1443 1161 1495 est
1181 1453 1239 1514 qua
1261 1437 1457 1518 intellegimus

158 1547 257 1599 uuum
284 1538 445 1619 principale
472 1539 511 1600 sit
537 1528 664 1599 metrum
691 1556 728 1597 au
756 1533 954 1596 derivativum.
999 1534 1160 1615 principale
1186 1545 1233 1598 est
1259 1540 1337 1616 quod
1360 1541 1456 1620 ipsum

157 1660 192 1699 ex
215 1659 248 1700 se
270 1641 426 1700 formatum
449 1648 493 1701 est
516 1648 546 1700 et
565 1657 617 1700 sua
639 1637 719 1714 lege,
754 1655 813 1698 non
837 1634 1012 1715 adsumpta,
1037 1636 1180 1710 vleeurrit,
1207 1647 1236 1699 et
1263 1648 1308 1701 est
1326 1642 1406 1703 linita
1429 1645 1457 1705 in

158 1741 296 1803 omnibus
319 1742 420 1802 metris
441 1737 665 1821 principalibus
699 1736 887 1798 derivatimm
911 1736 988 1814 quod
1009 1755 1045 1798 ex
1066 1738 1218 1819 principali
1241 1741 1382 1819 originem
1404 1745 1457 1805 du-

158 1844 215 1918 cit,
239 1851 269 1903 et
292 1852 338 1905 est
356 1843 388 1904 in
408 1841 544 1935 omnibus
565 1838 728 1903 derivativis
749 1837 861 1899 infinita
885 1835 1012 1917 species.

121 2056 147 2097 η
446 2026 495 2086 DE
518 2024 658 2087 reuma
679 2022 946 2095 rmuclmmvar
963 2020 1171 2084 manuum

245 2146 370 2207 Formae
384 2144 597 2226 principalium
623 2152 784 2205 metrorum
811 2141 975 2204 secundum
995 2141 1176 2220 antiquitatis
1201 2144 1345 2208 rationem
1367 2168 1456 2228 geue·

159 2245 321 2308 ralissimae
342 2246 417 2307 duae
439 2254 507 2307 sunt
526 2245 676 2319 inventae,
699 2243 840 2324 dactylica
863 2251 893 2304 ct
913 2241 1046 2303 iambica.
1086 2243 1132 2304 his
1154 2245 1254 2319 etiam,
1280 2256 1311 2308 ut
1332 2249 1455 2311 aliorum

159 2346 264 2428 pmbat
282 2348 456 2421 auctoritas,
490 2345 633 2408 accedunt
654 2346 727 2407 aliae
746 2355 859 2425 septem
880 2344 953 2418 bae,
982 2344 1145 2420 trochaica,
1176 2350 1377 2426 anapaestico,
1404 2372 1457 2413 an·

159 2449 325 2528 tispastica‚
346 2448 558 2523 choriambico,
577 2448 652 2510 duae
674 2448 806 2521 ionicae,
834 2445 993 2526 paeonica,
1021 2462 1109 2524 mam
1130 2445 1262 2526 plerique
1282 2451 1455 2528 rptbmicam

120 2577 146 2617 so
159 2567 226 2610 esse
253 2549 397 2610 dixerunt
442 2569 564 2630 quarum
591 2549 738 2612 additione
766 2547 811 2610 vel
839 2534 1034 2609 inminutione
1067 2547 1196 2627 reliquae
1231 2550 1346 2630 species
1377 2555 1456 2615 varie

160 2658 313 2714 contextae
339 2652 515 2713 derivantur.
560 2659 590 2712 et
609 2660 660 2713 aut
680 2671 697 2712 a
718 2651 827 2732 pedum
851 2649 1011 2729 quantitate
1031 2649 1174 2729 quaedam
1195 2651 1398 2729 nominantur,
1424 2664 1457 2716 'ut

112 2812 115 2817 .
160 2761 205 2814 est
227 2771 300 2833 epos
329 2752 543 2827 hexametrum
575 2752 630 2814 alia
658 2774 675 2815 a
699 2753 805 2834 pedum
832 2750 991 2831 praecipua
1018 2757 1181 2827 structura,
1212 2760 1245 2813 ut
1271 2757 1456 2835 anapaestico

159 2854 308 2916 trochaica
326 2853 465 2929 iambica3
492 2850 497 2935 Ι
522 2853 577 2914 alia
596 2871 618 2914 u
635 2854 792 2933 synzugiae
813 2845 991 2932 quantitate,
1016 2860 1050 2913 ut
1070 2862 1116 2914 est
1138 2853 1300 2915 trimetrum
1318 2863 1457 2919 tetrame-

160 2961 255 3030 trum3
292 2954 347 3016 alia
374 2974 390 3015 a
417 2974 538 3016 numero
562 2955 754 3035 syllabarum,
783 2962 815 3015 ut
840 2961 886 3016 est
913 2953 1092 3034 Sapphieum
1124 2955 1399 3036 hendecasyllabum
1428 2969 1458 3021 et

125 3076 147 3116 aa
160 3054 485 3135 bcccedccasyllabum;
508 3055 562 3117 alia
586 3055 623 3116 ab
646 3055 862 3131 inventoribus,
893 3063 926 3118 ut
946 3064 993 3117 est
1014 3055 1193 3136 Sapphieum
1210 3056 1374 3135 alcaicum
1403 3061 1457 3121 alia

160 3157 197 3217 ab
218 3157 256 3219 iis
276 3157 325 3237 qui
347 3157 517 3237 frequentes
537 3159 566 3218 in
587 3156 644 3219 illis
665 3158 797 3232 luerunt,
817 3166 851 3219 ut
872 3165 941 3218 sunt
962 3157 1166 3236 Aristoplrania
1185 3157 1359 3221 Archebulia
1382 3160 1457 3222 Pha-

159 3258 251 3319 laecia
272 3256 453 3336 Asclepiadis
475 3258 628 3338 Glyconia,
656 3276 731 3337 quae
756 3258 873 3336 quidem
901 3258 1045 3319 inlinitum
1073 3266 1200 3337 possum
1223 3260 1325 3344 variari
1346 3263 1459 3324 beneti-

159 3361 204 3420 eio
228 3358 427 3438 rythmomm,
451 3377 575 3439 quorum
594 3359 674 3421 velut
693 3360 748 3421 luit
770 3359 944 3439 conpositio.

595 3544 645 3608 DE
673 3543 790 3607 MODIS
812 3542 1022 3607 ammarum

117 3687 144 3730 a,
244 3661 322 3723 blodi
344 3663 457 3724 metrici
480 3673 548 3725 sunt
577 3683 643 3739 sex,
671 3653 746 3723 sarci
767 3664 865 3743 στίχον
890 3664 1055 3726 definitivus
1076 3663 1121 3726 vel
1141 3665 1327 3746 principalis,
1350 3684 1457 3747 συστη·

158 3755 285 3839 pacando
318 3764 505 3844 conpositus,
547 3755 749 3844 ἆσυνᾶρτητος
790 3765 1011 3847 inconpositus‚
1052 3764 1267 3848 συγκεχυμένος
1304 3770 1455 3847 confusus,

156 3859 388 3942 συνεζευγμένας
417 3864 608 3941 coniunctus,
646 3861 821 3949 παραγωγάς
851 3867 1034 3930 derivativus.
1079 3869 1244 3933 definitivus
1270 3870 1315 3932 vel
1348 3870 1457 3950 princi·

231 4048 244 4099 1
263 4058 408 4100 constructa
426 4065 476 4111 ας
498 4061 667 4105 constructam
683 4056 773 4107 aBM
792 4066 962 4108 constructam
980 4067 1005 4107 at
1023 4057 1049 4106 A
1135 4058 1263 4111 conualuit
1277 4060 1302 4111 A
1327 4060 1457 4110 conualuit

157 4117 219 4169 ΒΜ
238 4132 296 4167 cum
312 4119 393 4170 uoluit
408 4135 438 4183 ς,
458 4125 528 4188 quod
543 4127 579 4175 ita
594 4141 679 4176 aerum
697 4142 753 4179 esee
766 4135 852 4191 potest
869 4137 897 4179 ut
918 4127 1063 4179 ceciderint
1080 4144 1146 4195 quae
1162 4128 1267 4193 tessal
1285 4130 1374 4181 amu
1390 4139 1455 4187 aunt,

157 4185 281 4253 stropben
299 4197 401 4238 revocat
488 4192 549 4242 2ut
566 4194 593 4241 in
611 4194 715 4259 glirinio
732 4195 757 4244 B
778 4199 816 4246 nti
836 4197 942 4263 glieinio
959 4195 1021 4246 AM
1104 4198 1334 4263 bendecaagllabo
1351 4217 1369 4250 a
1385 4214 1456 4259 ecee-

156 4256 319 4319 decasyllabo
344 4257 369 4307 A
393 4261 628 4326 eoccdeeasqllabua
655 4263 688 4313 M
709 4265 915 4329 ecccdnsvllabua
940 4265 965 4314 B
1050 4268 1191 4318 contrarius
1215 4266 1272 4317 BM
1359 4269 1404 4317 nni
1430 4269 1456 4317 ln

157 4339 235 4374 uersu
253 4324 311 4376 ΒΜ
335 4328 380 4376 uui
397 4343 475 4381 uersu
494 4332 519 4380 A
540 4331 566 4379 in
584 4344 637 4379 uuo
654 4347 731 4383 uersu
749 4346 776 4389 ς.
804 4335 921 4397 sonasse
941 4349 1008 4385 uuus
1032 4351 1121 4386 versus
1139 4337 1271 4402 ooniuugit
1356 4337 1375 4388 8
1397 4352 1457 4387 con·

156 4394 279 4449 iunctae
366 4396 399 4447 ll
417 4398 581 4449 diriuatiuum
599 4397 630 4447 M
712 4400 745 4452 13
762 4400 927 4453 diriustlnum
945 4401 987 4464 M,
1059 4406 1092 4456 18
1109 4406 1261 4472 antispatica
1271 4404 1343 4467 AB,
1362 4423 1408 4457 oar.
1427 4406 1460 4455 M

228 4461 262 4512 la
283 4466 405 4529 poeonica
421 4466 482 4517 BM
501 4468 623 4535 poeonico
641 4469 666 4518 A
753 4468 788 4518 ²0
811 4474 898 4521 uariae
913 4472 996 4521 ΑΒΜ
1082 4474 1117 4527 23
1140 4483 1232 4526 aoate
1249 4475 1392 4542 agnauglae
1409 4490 1456 4525 on.

156 4530 246 4581 ΑΒΜ
325 4533 361 4584 26
379 4534 526 4599 frequenter
542 4536 603 4586 ΒΜ
679 4536 714 4587 30
727 4540 860 4591 catastieoa
877 4540 963 4590 ΑΒΜ
1040 4543 1233 4607 synthematicos
1251 4543 1285 4594 Μ
1302 4542 1457 4594 aistbemati·

155 4615 201 4650 eoa
219 4601 247 4650 A
263 4604 439 4665 agrtematicos
457 4604 484 4654 B
562 4606 593 4656 a}
614 4606 769 4657 asinarthtoa
786 4608 845 4659 AM
865 4608 1009 4660 asinarbtoa
1026 4608 1053 4658 Β
1126 4612 1334 4676 alneeelqunenoa
1352 4611 1378 4661 A
1396 4626 1458 4676 ayu-

155 4667 318 4721 rechimenos
333 4672 360 4722 B
378 4672 594 4738 synceehvmenua
612 4675 645 4724 M
713 4675 747 4726 32
766 4678 961 4729 alnezeumenos
978 4680 1062 4730 ΑΒΜ
1136 4696 1286 4749 paragogen
1304 4681 1330 4731 Β
1347 4695 1458 4747 perago·

154 4753 209 4804 gon
230 4739 256 4788 A
272 4754 424 4807 paragogen
443 4743 475 4792 M
542 4744 711 4795 deriuatiuum
727 4745 780 4797 AB
794 4748 958 4798 diriuatinum
976 4748 1009 4798 M
