3114 5348
616 334 822 397 PRAEFtTtt)
1293 359 1367 403 m„

64 518 170 582 iterum
183 518 400 582 mentionem
412 516 491 581 fecit
506 519 620 588 Carrio
635 521 680 586 ib.
700 546 732 608 p.
748 523 819 601 117,
834 520 891 584 ubi
907 519 1049 586 Charisii
1062 521 1164 587 verba
1178 524 1275 603 93,2‹t
1293 546 1364 610 sqq.

65 619 109 683 ‘de
129 619 237 683 veteri
262 618 364 684 libro’
388 621 559 687 emendata
578 623 738 688 exhibuit.
784 644 825 685 ex
845 621 906 685 hoc
931 624 1034 708 igitur
1064 622 1176 687 codice
1204 624 1367 711 descripta

65 742 129 783 esse
146 729 230 805 puto
255 742 487 808 quaecumque
509 724 542 787 in
563 725 627 789 isto
649 723 732 788 libro
754 742 849 810 ptem
873 722 1038 789 Cauchius
1061 731 1093 786 et
1115 724 1232 788 Dousa
1263 725 1366 789 secuti

64 831 134 886 sunt
157 843 200 885 ex
222 823 415 908 antiquiore
434 826 588 890 memoria
609 835 740 910 recepta
761 825 944 906 fuer-unm).
975 833 1104 909 praeter
1125 823 1184 888 hos
1198 824 1365 890 Laevinus

64 922 267 1006 Torrentius,
291 924 390 988 cuius
411 945 509 990 manu
524 926 686 1005 conlatum
710 948 784 991 cum
805 949 904 990 manu
928 926 1049 1010 scripto
1073 923 1156 988 libro
1179 925 1365 991 Charisium

64 1023 202 1088 Levanii
232 1025 269 1088 in
296 1023 498 1092 bibliotheca
530 1028 696 1092 societatis
727 1027 805 1091 lesu
833 1038 944 1092 extare
974 1035 1087 1089 narrat
1116 1024 1157 1088 A.
1192 1026 1365 1091 Fabricius

63 1124 139 1189 bibl.
159 1124 237 1188 Lat.
260 1125 277 1188 I
301 1148 333 1211 p.
358 1128 431 1210 782,
453 1128 566 1193 eodem
597 1128 681 1192 libro
706 1150 784 1192 usus
807 1151 879 1193 esse
901 1128 1048 1210 videtur,
1072 1128 1136 1191 nisi
1156 1128 1264 1214 potius
1287 1127 1365 1192 Tor·

63 1227 158 1290 rentii
180 1236 297 1309 notae,
321 1226 364 1290 de
387 1227 506 1313 quibus
525 1230 609 1294 nihil
629 1239 800 1316 praeterea
830 1229 908 1294 mihi
935 1238 1076 1311 constat,
1105 1250 1149 1292 ex
1176 1227 1365 1293 Cauchiano

63 1328 215 1415 exemplo
233 1328 360 1414 petitae
382 1327 514 1393 fuerint.
558 1329 609 1394 his
628 1330 705 1394 addi
725 1339 852 1415 poterat
873 1341 1009 1417 quartus
1031 1331 1182 1395 Andreas
1200 1329 1364 1415 Schottus,

63 1429 170 1514 quiin
202 1427 503 1494 Observationibus
527 1429 678 1494 humanis
704 1432 721 1494 Ι
747 1435 785 1495 14
812 1455 843 1518 p.
870 1435 908 1494 10
937 1453 1008 1518 sqq.
1053 1431 1220 1496 ‘meliores
1247 1441 1363 1497 nactus

62 1533 329 1617 copiosioresque
351 1530 587 1613 membranas'‚
622 1541 657 1595 ut
685 1533 746 1614 ait,
775 1531 838 1596 duo
868 1533 978 1620 capita
1005 1532 1148 1596 Charisii
1178 1554 1262 1619 quae
1290 1543 1366 1598 sunt

63 1629 100 1693 de
119 1620 413 1696 observationibus
430 1634 595 1697 nominum
620 1643 651 1698 et
673 1633 713 1697 de
735 1635 933 1721 monoptotis
953 1635 1004 1716 30,
1027 1636 1163 1714 31-36,
1188 1637 1226 1697 16
1249 1634 1362 1700 edidit.

63 1752 177 1795 verum
202 1732 284 1798 haec
309 1735 358 1797 ita
377 1732 474 1819 plano
496 1757 569 1800 cum
593 1734 732 1799 Canchii
753 1735 917 1821 excerptis
939 1735 1149 1799 consentiunt
1169 1744 1205 1800 ut
1225 1757 1290 1800 non
1307 1735 1364 1800 du·

63 1833 161 1897 bitem
186 1833 363 1900 adfirmare
385 1858 428 1900 ex
439 1838 487 1901 iis
509 1840 590 1924 ipsis
613 1861 673 1902 sua
692 1838 841 1903 hausisse
864 1835 1042 1918 Schottum,
1071 1837 1261 1922 praesertim
1290 1857 1363 1900 cum

63 1956 134 1998 eum
158 1934 193 1998 in
213 1935 287 1999 aliis
310 1959 441 2023 quoque
462 1939 676 2026 scriptoribus
706 1940 809 2025 copiis
834 1936 1032 2001 Cauchianis
1061 1958 1159 2023 psum
1186 1957 1258 2001 esse
1288 1959 1363 2002 con-

64 2045 135 2100 stet.
181 2036 316 2102 videtur
337 2048 446 2103 autem
470 2039 675 2107 Coloniensis
698 2042 792 2123 liber,
816 2045 974 2126 quantum
996 2036 1128 2124 quidem
1143 2057 1230 2100 nunc
1252 2039 1363 2100 existi-

63 2158 150 2203 mare
174 2138 262 2222 licet,
284 2143 427 2204 maxime
449 2141 599 2209 Parisino
621 2147 720 2224 7560,
744 2141 838 2205 cuius
857 2139 1041 2224 fragmento
1063 2158 1141 2200 usus
1164 2158 1253 2219 sum,
1276 2138 1363 2201 simi-

62 2238 101 2302 lis
125 2240 243 2304 luisse.
287 2264 365 2304 nam
388 2264 610 2331 quaecumque
633 2245 689 2309 ille
712 2244 754 2308 ad
776 2239 992 2328 supplendam
1017 2239 1211 2324 scripturam
1235 2237 1363 2324 Neapo-

62 2340 153 2407 litani
186 2342 312 2407 codicis
347 2343 457 2408 attulit
487 2350 518 2410 in
552 2345 750 2411 Cauchianis
783 2362 911 2429 quoque
943 2339 1106 2424 excerptis
1139 2339 1361 2406 inveniuntur.

62 2464 162 2530 quare
183 2445 212 2507 si
234 2444 289 2509 vel
312 2445 422 2532 ipsum
443 2445 563 2511 librum
587 2447 750 2534 inspicere
769 2444 917 2509 licuisset
936 2439 991 2504 vel
1013 2440 1038 2502 ii
1060 2441 1116 2525 qui
1145 2437 1222 2502 olim
1253 2441 1360 2527 inspe-

61 2553 181 2608 xerunt
200 2544 457 2630 discrepantiam
487 2549 667 2634 scripturae
698 2542 853 2615 adnotare
880 2563 977 2629 quam
1003 2539 1200 2604 emendandi
1228 2563 1362 2614 munere

61 2645 154 2732 fungi
182 2645 394 2729 maluissent,
422 2651 542 2714 certius
570 2659 649 2737 puto
672 2650 712 2714 de
742 2644 936 2734 quibusdam
966 2662 1050 2729 quae
1079 2662 1168 2705 nunc
1193 2645 1361 2728 persanari

60 2769 124 2812 non
146 2747 328 2836 potnerunt
351 2749 490 2816 iudicari
510 2753 667 2838 potuisse.
711 2751 746 2814 in
767 2758 835 2811 tam
856 2748 982 2812 incerta
1002 2765 1080 2808 vero
1101 2742 1244 2808 traditae
1261 2745 1360 2831 scrip-

59 2860 150 2914 turae
173 2848 239 2913 fide
261 2872 326 2915 non
348 2852 396 2915 ita
414 2851 518 2916 multa
539 2853 652 2915 inveni
670 2873 753 2938 quae
775 2849 837 2913 hac
859 2849 1052 2912 auctoritate
1081 2845 1135 2913 vel
1167 2845 1361 2930 corrigenda

59 2951 109 3015 vel
131 2951 287 3016 addenda
309 2953 511 3032 viderentur,
534 2974 618 3040 quae
641 2954 675 3016 in
701 2953 764 3015 fine
786 2951 884 3014 huius
907 2949 1084 3013 voluminis
1115 2950 1282 3035 conposui.
1327 2949 1361 3012 in

57 3053 106 3117 his
128 3053 256 3119 omissa
278 3062 356 3118 sunt
378 3076 518 3141 eaquae
539 3056 595 3119 vel
616 3052 766 3117 Putschii
785 3051 838 3116 vel
856 3051 988 3115 Dousae
1006 3051 1136 3113 nomine
1155 3060 1252 3113 antea
1268 3071 1288 3112 a
1308 3071 1361 3112 me

57 3154 160 3219 relata
183 3165 284 3218 erant
314 3177 398 3243 quae
421 3156 627 3220 cnmcadem
648 3154 828 3219 rationein
852 3151 1041 3216 Canchiano
1063 3149 1146 3215 libro
1170 3152 1292 3237 scripta
1312 3173 1359 3215 es-

57 3262 129 3320 sent
150 3278 219 3319 non
238 3258 362 3321 maiore
390 3279 487 3343 quam
512 3258 599 3346 apud
627 3256 701 3321 illos
725 3255 935 3335 auctoritate,
965 3275 1030 3317 non
1057 3262 1129 3316 erat
1158 3273 1215 3315 cur
1242 3254 1359 3316 iterum

56 3355 335 3422 describerentur.
381 3380 577 3447 quamquam
600 3380 706 3446 pauca
726 3379 769 3420 ex
789 3355 851 3419 hoc
870 3376 1004 3440 genero,
1026 3354 1061 3417 in
1093 3353 1212 3439 quibus
1238 3355 1360 3417 rectius

56 3457 110 3522 ille
133 3460 317 3523 communis
340 3461 442 3525 fontis
465 3462 658 3547 scripturam
674 3456 874 3545 expressisse
892 3455 1077 3538 videbatur,
1101 3457 1221 3541 recepi.
1267 3466 1361 3520 erant

56 3568 228 3647 praeterea
250 3560 316 3625 alia
336 3584 420 3648 quac
442 3561 494 3628 vel
516 3560 637 3626 nullius
657 3560 811 3624 momenti
833 3579 905 3621 esse
929 3556 1127 3621 videbantur
1148 3556 1201 3620 vel
1224 3557 1270 3619 ita
1286 3578 1359 3621 con·

57 3671 172 3749 parata
194 3650 234 3725 u't
260 3661 405 3727 dubitari
427 3672 538 3751 posset
558 3672 666 3726 utrum
689 3684 707 3725 e
730 3660 843 3725 codice
864 3657 1015 3744 profecta
1036 3679 1079 3720 an
1097 3657 1285 3721 coniectura
1312 3658 1358 3720 in-

57 3773 150 3828 vecta
171 3770 294 3827 essent.
340 3787 404 3851 quo
425 3765 567 3852 pertinet
589 3763 682 3846 illud,
705 3760 793 3849 quod
815 3763 850 3824 in
869 3761 910 3824 iis
936 3779 1022 3845 quae
1053 3757 1094 3821 de
1122 3757 1359 3823 observationi-

58 3865 115 3930 bus
138 3865 309 3930 nominum
329 3876 363 3929 et
385 3866 425 3930 de
445 3866 643 3951 monoptotis
665 3887 697 3950 p.
722 3865 773 3944 31,
800 3865 840 3923 25
865 3884 935 3948 sqq.
964 3860 1086 3945 scripta
1111 3869 1188 3923 sunt
1210 3860 1358 3925 Graecae

57 3966 186 4050 glossae
208 3967 244 4030 in
270 3966 488 4054 Neapolitano
510 3967 606 4031 modo
636 3966 769 4030 additae
792 3964 888 4028 modo
919 3963 1059 4028 omissae
1087 3971 1275 4025 constanter
1302 3961 1358 4024 ad-

59 4071 199 4156 scriptae
222 4078 318 4152 sunt,
347 4079 380 4134 et
406 4071 441 4133 in
468 4071 509 4134 iis
539 4090 622 4155 quae
650 4069 798 4154 proxime
825 4075 981 4130 secuntur
1009 4061 1049 4125 de
1076 4063 1287 4126 nominativis
1316 4059 1359 4123 ad

56 4170 203 4256 regulam
225 4171 369 4235 redactis
388 4171 540 4258 exempla
561 4167 727 4234 nominum
750 4169 785 4231 in
803 4191 843 4231 en
866 4167 1114 4232 terminatorum
1145 4165 1202 4243 38,
1226 4164 1246 4225 9
1269 4159 1358 4224 etin

56 4293 89 4336 es
108 4276 160 4356 10,
185 4276 198 4335 1
224 4282 257 4336 et
279 4274 315 4337 in
337 4295 373 4336 er
392 4276 443 4356 46,
464 4275 493 4356 2,
516 4295 589 4336 cum
608 4293 714 4358 pauca
733 4280 860 4336 tantum
880 4267 1031 4355 adposita
1055 4264 1177 4330 sintin
1207 4258 1358 4346 Neapoli-

120 4480 149 4543 ⁸)
171 4479 236 4528 tliuc
254 4479 436 4544 corrigendum
453 4480 521 4543 qnod
539 4478 647 4528 subinde
665 4477 784 4527 adnotavi
800 4476 946 4526 Putschium
967 4490 998 4523 ex
1019 4475 1109 4524 iisdem
1128 4467 1254 4532 excerptis
1266 4464 1357 4529 quibus

56 4566 106 4633 ipse
127 4581 190 4616 usus
216 4580 275 4615 sum
303 4565 408 4615 lucunas
428 4567 596 4632 supplevisse.
631 4578 782 4626 quamquam
807 4563 838 4611 de
855 4561 1007 4625 quibusdam
1024 4561 1100 4609 etiam
1123 4570 1189 4606 nnnc
1212 4551 1299 4600 dubito
1322 4566 1354 4600 an

56 4668 84 4702 ex
99 4653 140 4704 his
157 4654 245 4719 potius
265 4665 343 4714 quam
359 4650 533 4701 exCarrionis
555 4651 618 4700 libro
636 4659 737 4714 recepta
756 4650 817 4698 sint.
854 4647 921 4696 velut
943 4661 973 4694 ea
991 4660 1056 4709 quae
1075 4641 1122 4703 73,
1146 4639 1180 4690 20
1206 4636 1355 4687 aPutsclrio

55 4754 83 4788 ex
100 4740 223 4791 Parisinis
238 4736 367 4801 excerptis
383 4735 469 4785 addita
486 4753 543 4787 esse
561 4746 695 4802 propterea
711 4736 844 4797 adnotavi,
875 4731 942 4796 qnod
967 4731 991 4778 iu
1014 4731 1090 4778 miros
1115 4725 1238 4791 quosdam
1255 4739 1354 4774 errores

56 4827 119 4877 siros
136 4826 227 4877 doctos
251 4839 280 4874 se
301 4822 388 4871 induci
407 4838 499 4889 passos
515 4838 571 4873 esse
590 4822 654 4882 vidi,
674 4838 730 4870 cum
749 4838 781 4870 ex
800 4822 900 4870 Doricae
923 4815 1008 4866 codice
1032 4815 1146 4865 restituta
1171 4827 1227 4862 esse
1247 4820 1354 4863 testetur

54 4909 202 4974 hedenus,
224 4920 311 4963 tamen
331 4923 382 4959 nou
396 4910 515 4976 leguntur
534 4910 559 4958 in
575 4907 677 4959 Canchli
696 4907 830 4971 excerptis.
