3114 5356
551 305 694 371 INSTlT..
708 304 819 371 Glldll.
840 305 912 369 LlB.
934 308 961 369 ll
1340 316 1398 379 165

254 422 282 466 ιο
295 421 319 465 r.

95 422 259 576 admonitu
283 514 298 555 r
319 494 412 557 littera
432 495 501 556 lacit
519 495 681 574 passivum,
705 502 736 556 ut
756 512 877 556 moneor
899 495 1027 559 scribor:
1048 499 1200 580 participia
1221 430 1397 580 hffltfiuo’

98 599 254 682 praeteriti
282 596 422 678 tempolis
450 603 479 656 et
504 595 608 670 loturi,
638 604 671 657 ut
699 597 826 658 monitus
848 598 1028 672 monendus,
1061 599 1188 680 scriptus
1215 603 1395 667 scribendus.

100 719 175 780 ergo
195 718 294 779 neque
314 697 440 760 activum
461 697 526 758 sinc
551 699 666 778 passivo
688 707 734 760 est
757 714 851 778 neque
875 701 1023 779 passivum
1042 700 1105 761 sine
1127 702 1229 763 activo.
1265 724 1333 767 nam
1347 705 1396 767 ubi

100 801 222 881 estqui
245 801 329 875 lacit,
352 817 474 861 neccsse
492 806 537 859 est
559 807 591 860 ut
612 800 650 861 sit
672 800 721 880 qui
741 799 856 881 patitur.
901 819 1056 864 commune
1079 802 1198 866 verbum
1220 805 1397 885 intellegitur

72 903 181 983 tquod
204 922 220 964 r
240 902 336 964 littera
358 901 531 962 terminauu
552 909 582 962 et
602 901 723 963 candem
746 919 904 980 numquam
917 905 1026 965 amittit
1049 913 1078 965 et
1102 905 1131 967 iu
1153 906 1227 968 duas
1246 908 1322 970 cadit
1343 929 1397 990 po-

100 1015 240 1080 testates,
266 1006 383 1085 agentis
404 1012 433 1065 et
452 1004 605 1084 patientie,
641 1012 672 1065 ut
699 1004 835 1065 consolor
857 1005 1003 1066 criminor.
1048 1007 1171 1069 dicimus
1194 1009 1272 1070 enim
1291 1028 1396 1073 conso-

98 1109 146 1170 lor
169 1108 251 1171 illum
273 1118 302 1169 et
324 1106 440 1169 abillo.
486 1125 544 1167 non
566 1106 641 1166 enim
663 1106 731 1167 lacit
757 1105 877 1168 consolo
904 1116 933 1167 et
959 1108 1090 1170 crimino.
1131 1110 1284 1191 participia
1309 1112 1396 1174 babet

99 1218 258 1289 quattrmr,
280 1209 442 1272 secundum
464 1209 587 1270 formam
609 1208 726 1285 quidem
747 1208 870 1269 activam
893 1210 1057 1288 praesentis
1082 1211 1221 1291 temporis
1243 1220 1272 1272 el
1293 1213 1393 1290 luturi,

101 1322 134 1374 ut
158 1311 316 1373 consolans
341 1309 560 1383 consolaturus,
586 1311 742 1373 criminans
765 1310 984 1386 criminatorum
1014 1311 1175 1374 secundum
1196 1313 1320 1375 formam
1343 1336 1395 1380 au·

61 1435 86 1476 ιι
101 1425 162 1477 tem
183 1415 329 1495 passivam
351 1413 497 1494 praeteriti
520 1413 658 1493 temporis
678 1421 707 1472 et
729 1412 832 1487 luturi,
864 1421 895 1474 ut
916 1412 1082 1474 consolatus
1100 1415 1310 1492 consolandus,
1338 1420 1394 1481 cri-

98 1518 229 1578 minatus
257 1514 454 1605 criminandus
483 1524 511 1576 et
541 1515 660 1587 similia,
697 1523 729 1576 ut
756 1515 874 1577 osculor
900 1514 1033 1577 ludificor
1061 1502 1223 1597 ‹tepbpuor
1249 1518 1391 1584 blandior.

98 1628 238 1681 neutrum
258 1618 378 1679 verbum
404 1617 581 1696 intellegitur
609 1616 686 1694 quod
713 1616 841 1678 habitum
870 1618 1013 1695 significat
1041 1638 1058 1677 o
1086 1617 1180 1680 littera
1209 1622 1393 1685 terminamm

98 1731 129 1783 ct
146 1740 207 1783 non
226 1719 332 1801 accipit
351 1737 367 1778 r
385 1706 519 1791 litteram,
540 1730 571 1780 ut
587 1719 673 1780 laciat
687 1719 811 1799 patiens,
834 1727 865 1780 ut
881 1720 969 1780 sedeo
985 1719 1110 1781 ambulo.
1145 1740 1205 1783 non
1225 1722 1302 1783 enim
1324 1724 1393 1785 lacit

97 1823 206 1887 sedeor
226 1821 367 1888 amlurlor.
411 1822 561 1902 participia
584 1821 670 1882 babet
692 1820 766 1895 duo,
788 1820 923 1883 instantis
945 1823 1084 1903 temporis
1103 1830 1134 1884 ct
1155 1824 1257 1897 luturi,
1278 1834 1308 1886 ut
1329 1845 1392 1886 am·

57 1945 84 1988 rs
98 1926 207 1989 bulans
225 1924 442 1997 ambulaturus,
465 1923 571 1985 sedens
591 1941 736 1985 sessums.
771 1921 837 1983 idco
858 1930 954 1984 autern
976 1925 1117 1986 neutralia
1139 1925 1290 2001 dicuntur,
1313 1929 1391 2006 qrrod

98 2047 198 2109 neque
223 2027 361 2090 adficiunt
392 2043 488 2104 neque
516 2026 679 2106 patiuntur,
714 2033 746 2086 ut
775 2033 821 2086 sto
852 2024 932 2086 iaceo
960 2025 1042 2104 algeo
1078 2028 1143 2088 sitio
1176 2028 1271 2089 esurio
1304 2048 1389 2091 curm
1416 2106 1420 2115 Ι

98 2133 194 2194 venio.

42 2274 50 2285 -
97 2285 101 2291 .
185 2233 280 2295 Etiam
308 2232 442 2312 quintum
464 2249 556 2309 genus
578 2229 730 2291 verborum
756 2230 803 2290 alii
832 2230 981 2306 dixerunt,
1007 2230 1129 2312 simplex
1154 2231 1198 2292 vel
1227 2233 1389 2313 deponens,

96 2338 136 2398 de
159 2355 219 2416 quo
244 2334 398 2396 dicendum
422 2342 474 2394 est.
521 2333 642 2413 simplex
669 2334 713 2394 vel
744 2333 894 2413 dopoubns
922 2334 1041 2396 verbum
1071 2332 1246 2413 intellegitur
1272 2337 1350 2413 quod
1375 2355 1391 2397 r

53 2462 84 2502 so
96 2439 196 2501 littera
216 2437 388 2499 terminatur
408 2444 438 2496 et
458 2436 579 2496 candem
597 2450 762 2513 numquam
783 2435 893 2495 amittit
912 2442 942 2496 ct
962 2436 1050 2498 habet
1069 2444 1244 2517 potestatem
1266 2437 1388 2516 agentis,

97 2551 131 2604 ut
154 2542 250 2603 luctor
272 2540 390 2600 irascor.
425 2538 582 2598 nonenim
604 2537 670 2597 lacit
691 2537 770 2599 lucto
791 2538 896 2598 irasco.
933 2539 1084 2627 participia
1106 2539 1193 2600 habet
1211 2537 1281 2612 tria,
1304 2558 1389 2619 prac-

96 2644 192 2705 scntis
211 2642 358 2723 praeteriti
383 2641 485 2714 loturi,
508 2649 539 2700 ut
562 2640 676 2700 luctans
697 2638 822 2700 luctatus
843 2638 1005 2702 luctatmus
1026 2650 1056 2702 ct
1075 2641 1193 2714 similia,
1219 2631 1260 2700 ut
1281 2659 1389 2720 sequor

96 2765 201 2807 conor.
230 2742 386 2806 luctandus
406 2761 466 2802 non
485 2741 624 2815 dicimus;
644 2740 811 2801 luctandum
835 2749 932 2803 tamen
953 2742 1077 2805 dicimus
1097 2745 1188 2823 ligura
1210 2743 1258 2804 illa
1280 2760 1335 2822 qua
1359 2743 1387 2804 in

95 2845 237 2908 omnibus
261 2845 355 2905 verbis
378 2844 501 2917 utimur,
524 2843 600 2904 velut
622 2841 790 2903 luctandum
805 2842 875 2904 milri
892 2827 953 2917 est,
975 2845 1103 2906 cundum
1121 2853 1180 2918 est,
1204 2832 1402 2923 gaudendum·

52 2968 81 3009 π
94 2948 170 3011 mihi
192 2953 253 3021 est,
274 2947 409 3008 standum
431 2946 500 3007 mihi
521 2953 580 3016 est,
609 2944 781 3006 veniendum
803 2956 856 3007 est.
901 2947 970 3010 item
993 2969 1009 3008 e
1031 2947 1174 3010 contrario
1197 2945 1275 3025 «pund
1295 2946 1387 3007 torma

94 3048 203 3128 agendi
227 3047 370 3127 significat
392 3048 577 3127 patientiam,
606 3053 638 3106 ut
660 3064 749 3107 reuco
771 3049 876 3127 vapulo
903 3049 990 3111 ardeo
1011 3052 1118 3127 tlagro,
1154 3067 1229 3128 quac
1249 3047 1336 3108 verba
1358 3047 1386 3108 io

95 3160 269 3213 neutrorum
292 3147 407 3234 spellcie
431 3149 547 3228 quidum
568 3158 743 3229 posueruut,
765 3150 811 3209 alii
832 3150 935 3230 supina
954 3153 1095 3213 dixemnt.
1134 3150 1284 3231 participia
1300 3150 1386 3210 babet

94 3256 173 3329 duo,
202 3253 365 3333 praesentis
387 3262 416 3313 et
439 3252 540 3324 loturi,
569 3251 747 3330 proesentis,
770 3260 802 3311 ut
823 3253 978 3330 vapulans,
1006 3254 1111 3327 loturi,
1137 3264 1168 3315 ut
1189 3252 1384 3333 vapulaturus.

94 3364 268 3419 erraverunt
295 3354 343 3431 qui
370 3354 399 3413 in
429 3361 599 3414 neutrorum
620 3352 719 3432 spot&
741 3352 795 3414 ista
818 3353 904 3414 verba
927 3362 1096 3433 posuerunt.
1135 3373 1202 3415 nam
1224 3354 1254 3414 in
1273 3355 1385 3415 neutris

52 3484 81 3526 ao
95 3458 194 3520 verbis
220 3457 264 3517 vel
289 3456 399 3534 aliquot
427 3456 557 3538 partibus
583 3474 598 3515 r
626 3453 719 3515 littera
747 3456 906 3517 admittitur
929 3455 970 3514 vel
997 3457 1237 3534 significationem
1259 3456 1383 3534 quodam

94 3562 183 3624 modo
204 3558 347 3640 passivam
370 3559 543 3638 exprimunt,
566 3556 640 3617 velut
665 3557 692 3616 iu
711 3558 943 3638 inpersoualihus
960 3557 1079 3618 sedetur
1095 3556 1267 3618 ambulatur.
1297 3559 1383 3619 etiam

95 3662 276 3723 ambulatum
294 3669 354 3734 est,
376 3661 405 3722 in
424 3660 571 3722 infinitiiis
593 3678 707 3738 quoquc
730 3659 868 3721 ambulari
892 3660 1052 3721 dicimus.-

181 3763 249 3824 otiis
270 3763 379 3843 placuit
405 3765 533 3825 onmium
554 3763 671 3824 omniuo
695 3762 846 3823 verborum
870 3781 975 3842 genera
998 3782 1064 3823 csse
1083 3761 1153 3832 bia,
1173 3761 1296 3821 actimm
1316 3781 1384 3842 pas·

97 3868 191 3928 sivum
219 3863 391 3937 habitivum,
416 3874 442 3925 et
471 3865 508 3926 ita
536 3865 705 3943 distingunt.
751 3864 874 3925 activum
900 3872 944 3925 est
965 3864 1041 3944 quod
1065 3865 1159 3924 lacere
1182 3861 1250 3941 quid
1272 3863 1382 3942 siguifi-

58 3969 190 4040 sscabit,
222 3976 254 4028 ut
276 3967 355 4045 lego,
388 3966 437 4026 nel
461 3968 592 4047 corporis
613 3976 723 4031 motum
746 3968 928 4047 significans,
961 3975 995 4027 ut
1014 3965 1111 4039 sulio,
1147 3964 1196 4025 nel
1216 3965 1318 4040 animi,
1349 3973 1383 4026 ut

97 4157 129 4210 35
140 4156 165 4205 N
842 4164 868 4202 ut
882 4155 938 4219 lego
952 4156 1066 4220 corporis
1081 4162 1174 4204 motum
1184 4153 1329 4219 significans

99 4281 168 4294 .......
183 4244 261 4293 animi
271 4240 392 4307 prouideo
407 4242 538 4307 passiuum
553 4244 567 4290 ὂ
578 4245 661 4293 actiuo
672 4242 797 4326 contrariis
810 4241 876 4305 quod
887 4242 940 4306 pati
950 4241 1012 4305 quid
1023 4240 1148 4308 significat
1159 4248 1185 4289 ut
1199 4254 1258 4289 uror
1268 4237 1285 4286 lt
1296 4239 1328 4303 q'q
1421 4238 1426 4250 '

164 4363 197 4415 35
216 4361 367 4429 significans
378 4370 404 4410 ut
421 4376 465 4411 uro
484 4384 497 4413 ι
516 4364 592 4412 animi
612 4364 637 4411 N
724 4362 781 4425 luo,
800 4364 817 4413 n
835 4377 935 4425 quoque
953 4368 979 4409 ut
997 4362 1115 4424 superius
1126 4376 1148 4409 ιιι

165 4579 175 4628 l
198 4518 469 4640 scriboiluoburticipie
487 4574 513 4622 N
593 4576 610 4625 ll
628 4573 745 4624 consulor
762 4573 787 4622 N
862 4570 978 4621 consulor
995 4569 1021 4618 N
1103 4570 1118 4617 7
1137 4566 1239 4617 consulo
1257 4566 1283 4616 N
1360 4571 1378 4620 tl

98 4647 229 4697 consolans
247 4643 423 4695 consolaturus
440 4645 465 4693 N
552 4644 583 4694 10
602 4643 746 4694 consulatus
762 4641 932 4693 consulendus
948 4640 974 4689 N
1058 4637 1089 4688 18
1107 4637 1216 4702 simplex
1231 4665 1262 4676 -
1284 4640 1316 4689 27
1335 4655 1379 4691 su-

98 4719 156 4781 pina
171 4717 291 4767 dixerunt
309 4728 366 4763 exc.
386 4715 449 4765 Bob.
466 4730 496 4778 p.
518 4712 565 4764 llll
652 4712 686 4765 20
704 4728 841 4775 numquam
863 4711 953 4761 amittit
977 4715 1001 4757 el
1025 4723 1071 4760 om.
1087 4706 1125 4768 N,
1152 4707 1213 4756 add.
1233 4707 1258 4757 B
1343 4712 1377 4762 22

98 4847 123 4885 ιιι
139 4846 195 4888 onte
210 4852 303 4899 sequor
322 4835 407 4887 om.N
481 4792 688 4885 monolinum
708 4834 734 4882 N
800 4834 835 4884 26
851 4848 915 4895 quae
933 4801 1053 4879 uerbaN
1071 4835 1176 4891 utroque
1194 4829 1311 4880 uerbeN
