3114 5356
138 336 203 401 561)
553 391 557 399 .
699 332 885 397 111011ῧῦΙὸ
909 392 912 397 ,

124 478 130 487 -
191 452 351 508 namur.
1235 452 1410 507 ptisana.

305 524 379 587 lioo
401 524 551 585 Oceano
573 520 763 602 llyperion
785 519 953 600 fulgurat
970 518 1084 594 Euro,

305 628 443 688 Arctoo
466 626 644 706 plaustro
663 621 803 683 Bnreas
825 620 1036 683 bacchatur
1054 623 1198 700 abeno,

307 725 496 806 Hesperio
515 702 685 804 Zephyro
707 721 823 783 Orion
844 721 1011 785 solvitur
1032 732 1053 785 ὀ
1077 719 1277 811 [austro],

304 826 405 888 lulra
426 823 764 901 Paraetonioraga
788 822 949 902 Cynthia
969 826 1117 903 proruit
1135 828 1293 888 haustro.

224 928 268 991 lie
296 927 458 1008 inprobatis
490 944 558 987 sero
587 923 720 994 uersibus
742 921 825 984 varia
852 922 1016 986 traduntur.
1060 927 1156 989 mutili
1182 927 1231 989 vel
1260 931 1364 992 trunci
1385 940 1465 993 sunta

138 1032 189 1109 qui
209 1030 239 1090 in
253 1024 268 1112 ΙΙ
282 1028 427 1110 principio
447 1033 635 1107 amputantur
655 1032 687 1086 et
705 1024 832 1086 litteram
853 1024 899 1085 vel
916 1024 1057 1105 syllabam
1080 1027 1221 1090 amittunt
1246 1029 1296 1092 vel
1317 1037 1446 1113 tempore

138 1131 295 1207 deficiunt3
319 1129 429 1191 Graece
451 1128 589 1189 dicuntur
608 1120 770 1204 ἀκέφαλοι,
792 1125 879 1205 quale
898 1133 945 1188 est

305 1229 505 1291 fluviorum
527 1227 811 1302 rexliridanus3

138 1329 209 1393 item
231 1331 406 1392 Homericus
426 1328 484 1402 ille,

304 1426 385 1490 inei
410 1420 454 1506 δὴ
473 1422 565 1506 νῆάς
586 1447 623 1487 τε
645 1424 708 1487 uui
723 1418 998 1505 Ἑλλήσποντον
1019 1425 1158 1488 ἵκοντο.
1454 1456 1473 1495 ιο

140 1542 242 1592 versus
265 1530 294 1590 in
316 1531 411 1592 media
432 1538 515 1610 parte
538 1527 627 1590 exiles
649 1527 693 1589 vel
713 1530 803 1592 bisulci
824 1530 936 1593 &nece
957 1538 1099 1593 vocantu
1119 1533 1266 1613 λογοροί,
1289 1535 1388 1616 qualis
1402 1545 1443 1597 est

138 1631 209 1692 item
223 1630 404 1693 'Homericus

303 1732 376 1809 βῆν
397 1722 424 1790 δ’
446 1729 500 1803 εἰς
522 1724 669 1790 Αἰόλου
692 1721 809 1791 sionni
834 1725 991 1811 δόματα.

139 1833 266 1895 ecaudes
287 1841 357 1894 sunt
376 1834 426 1912 qui
448 1834 477 1893 in
500 1831 601 1893 ultima
626 1831 817 1894 conclusione
844 1833 1026 1895 oratiuncula
1055 1832 1098 1893 vel
1126 1833 1240 1912 syllaba
1269 1839 1440 1900 fraudantur

138 1934 183 1996 vel
203 1943 336 2015 ternpore
358 1935 513 2011 deliciunt3
536 1932 647 1994 Graece
668 1932 802 2013 μείουροι
822 1934 867 1995 vel
889 1925 1044 2007 σκάζοντες
1063 1943 1220 2010 nocentior,
1244 1947 1281 1998 ut
1300 1946 1349 2000 est
1452 1969 1471 2007 ιο

240 2030 244 2036 ’
306 2037 427 2116 Τρῶες
450 2029 477 2096 δ’
502 2032 727 2116 ἐρρίγησαν,
748 2026 846 2110 ὅπως
866 2035 951 2096 ἴδον
971 2031 1106 2096 αἰόλον
1125 2027 1224 2113 ὅφιν.

138 2135 246 2214 troposi
280 2146 360 2198 sunt·
379 2137 429 2214 qui
456 2136 611 2216 inlevigato
639 2144 669 2198 et
697 2136 848 2199 incondito
876 2155 949 2198 sono
978 2139 1135 2200 rmmrrtur.
1159 2137 1165 2221 l
1191 2139 1265 2200 lluxi
1295 2149 1367 2202 suut
1394 2141 1440 2220 qui

139 2236 236 2298 soluto
258 2237 346 2299 modo
369 2246 399 2299 et
419 2237 503 2300 uberi
524 2246 617 2300 metro
640 2237 811 2300 vacillanter
836 2238 1016 2317 quatiuntur.

580 2438 630 2499 on
652 2437 859 2509 ovtutmrn
882 2438 1000 2521 omnm

224 2559 354 2631 Qualitas
380 2557 466 2617 metri
491 2563 537 2617 est
566 2536 623 2636 pua
653 2556 849 2636 intellegimus
878 2565 975 2619 utrum
1001 2557 1163 2638 principale
1188 2557 1229 2624 sit
1249 2569 1382 2621 metrum
1402 2578 1472 2621 aas

137 2661 341 2734 derivativum,
370 2660 427 2720 hoc
448 2666 494 2718 est
515 2658 613 2720 linitae
634 2677 671 2719 an
694 2658 824 2720 inlicitae
846 2658 1017 2740 qualitatis.
1062 2658 1143 2719 finita
1164 2668 1210 2720 est
1230 2674 1311 2735 quae
1329 2668 1439 2721 statuto

136 2764 244 2843 pedum
268 2758 501 2822 conuenientium
524 2760 627 2831 modo,
652 2777 774 2821 uumero
797 2758 885 2820 etiam
908 2759 1082 2839 syllabarum
1108 2760 1227 2821 definito
1249 2761 1351 2837 quoad
1372 2781 1438 2842 pro·

138 2863 216 2923 tendi
239 2861 359 2933 debeat,
382 2859 568 2921 multiformis
587 2868 753 2922 structurae
773 2862 963 2927 conversione
985 2861 1129 2934 decurrit,
1158 2870 1190 2922 ut
1212 2880 1281 2922 esse
1307 2863 1337 2922 ia
1359 2863 1437 2924 omni

137 2961 290 3042 principali
314 2962 407 3021 torma
429 2962 643 3038 cognoscimus.
680 2962 792 3023 infinita
815 2971 861 3024 cst
880 2963 911 3023 in
933 2962 1111 3036 derivativis,
1135 2981 1209 3040 quae
1232 2972 1362 3025 metrum
1378 2982 1437 3024 ser·

137 3070 184 3122 rat
210 3070 239 3122 ct
267 3079 421 3122 numerum
450 3060 625 3140 syllabarum
653 3081 712 3124 nou
742 3071 838 3124 servat
866 3063 915 3123 uui
945 3069 1108 3124 structurae
1136 3063 1265 3138 adnexa,
1303 3073 1353 3126 aut
1382 3082 1466 3125 neca

137 3168 263 3224 nretrum
291 3182 346 3224 nec
375 3147 530 3225 numerium
558 3164 733 3245 syllabarum
760 3173 857 3226 servat
883 3166 936 3226 sed
963 3172 1129 3226 structurae
1162 3164 1265 3226 uultui
1299 3165 1433 3237 deseruit,

135 3384 235 3435 omissis
253 3382 361 3432 Paeonii
377 3384 490 3434 persidam
508 3388 645 3450 exemptum
667 3385 776 3448 Verpitii
791 3384 917 3436 substituit
930 3386 980 3443 ita,
998 3384 1060 3434 illud
1079 3384 1185 3449 Vergilii
1202 3382 1282 3447 (Aen.
1304 3387 1338 3436 lll
1357 3386 1433 3439 billi:

136 3453 227 3502 Portus
245 3452 277 3500 ab
294 3466 399 3501 accessu
416 3461 549 3503 uentorum
564 3455 684 3503 immotus
701 3461 726 3502 ct
746 3454 846 3519 ingens.
879 3456 936 3518 lpse
954 3453 1000 3503 sed
1023 3453 1148 3503 horrificis
1167 3456 1240 3503 iuxta
1260 3464 1337 3505 sonat
1357 3458 1435 3504 Aetna

136 3522 225 3572 ruinis.
245 3530 269 3569 et
288 3529 355 3570 totns
371 3521 464 3571 deinde
483 3524 553 3571 locus
571 3523 613 3572 ille
691 3523 703 3572 l
723 3525 867 3571 omniuomo
885 3537 980 3572 oceano
995 3525 1154 3587 Stephanus:
1172 3522 1318 3572 llemnonio
1333 3528 1435 3576 coniecit

135 3592 373 3641 Icauna·Vossiua
391 3594 416 3641 in
433 3592 522 3642 Catuli.
539 3608 566 3655 p.
586 3593 636 3642 271
660 3592 797 3657 omniuego
816 3592 976 3641 Burmannus
1063 3591 1175 3657 fulguret
1198 3605 1259 3640 euro
1280 3591 1313 3640 M
1334 3594 1433 3658 fulgora

135 3669 206 3709 teuro
227 3659 252 3708 A
272 3659 384 3723 fulgurat
402 3675 475 3709 cruro
492 3659 517 3707 B
535 3660 647 3726 fulgurat
663 3663 724 3710 citro
743 3675 760 3716 ς
845 3661 860 3708 2
880 3661 973 3708 Arctoo
992 3661 1014 3710 I.
1042 3663 1149 3712 Vossius
1172 3669 1240 3709 arcto
1260 3661 1323 3711 AM
1337 3671 1392 3711 ueto
1412 3662 1434 3710 B

136 3738 237 3794 arrepto
256 3741 273 3784 ς
292 3729 399 3777 Areteeo
416 3729 559 3794 Stephanus
578 3730 671 3779 Actaeo
691 3729 885 3793 Wernsdorfius
954 3729 1121 3794 plastroBM
1189 3728 1271 3778 aheno
1293 3732 1433 3796 Stephanus

135 3796 215 3846 rheno
234 3796 293 3846 AM
308 3811 369 3846 reno
387 3798 413 3847 B
430 3799 461 3847 ab
480 3800 552 3846 Aeno
570 3799 687 3862 Scatiper
705 3799 736 3847 ab
755 3799 850 3847 Haemo
869 3799 1029 3848 Bumtanrnts
1116 3799 1133 3850 3
1155 3798 1273 3862 hesperio
1294 3800 1320 3848 A
1344 3813 1432 3865 sperec

135 3865 195 3914 BM
275 3865 362 3929 zelyro
381 3866 423 3918 A:
443 3865 554 3932 zephyro
572 3867 618 3916 sed
636 3866 712 3916 Orion
731 3868 886 3931 Stephanus:
905 3865 1035 3932 zephyron
1054 3869 1100 3917 sed
1118 3867 1194 3917 Orion
1213 3869 1296 3917 uoluit
1315 3869 1348 3919 ab
1366 3879 1431 3919 astro

134 4002 240 4053 coniecit
245 4001 405 4050 Burmannus
457 3960 550 4051 austrti
553 4000 579 4049 B
592 4010 706 4050 austrum
716 4001 745 4050 Μ
758 4002 821 4051 Istro
831 4002 947 4066 Scalipcn
959 4001 1062 4050 haustro
1073 4002 1095 4051 I.
1111 4004 1218 4053 Vossius
1226 4003 1359 4064 :sortasse
1367 4004 1431 4052 trdus

134 4073 174 4122 uel
185 4070 285 4135 ingens.
304 4085 360 4118 naua
377 4078 463 4119 austro
481 4071 514 4120 de
531 4074 602 4121 cuitu
619 4073 744 4135 sequentis
763 4086 851 4121 uersus
868 4074 968 4121 intuttan
985 4086 1041 4122 esse
1058 4073 1156 4121 uidetur
1224 4073 1242 4121 4
1260 4071 1333 4122 lnlva
1344 4073 1431 4122 Parac-

443 4174 446 4178 ·
884 4162 898 4189 8

134 4206 203 4254 tonio
221 4203 335 4253 Achilles
352 4204 449 4254 Statius
466 4207 492 4254 in
511 4205 600 4256 Gatutl.
619 4203 661 4262 64,
674 4202 691 4253 t]
706 4221 735 4268 p.
748 4203 799 4254 252
820 4203 989 4254 iuluarctonio
1012 4203 1038 4253 A
1064 4202 1137 4254 fulua
1160 4215 1283 4256 aretoneu
1309 4207 1335 4256 B
1362 4208 1430 4257 fulua

134 4275 255 4323 aretonet'a
275 4271 308 4321 M
329 4271 400 4321 fuluo
424 4275 547 4323 arettonio
571 4289 589 4330 ς
610 4272 682 4322 fuluo
707 4272 808 4336 acrique
832 4273 897 4322 Noto
923 4275 1066 4340 Stephanus
1153 4274 1275 4339 chynthia
1298 4276 1332 4327 M
1352 4277 1429 4340 chyn-

133 4340 193 4405 thya
212 4341 237 4391 B
254 4340 338 4403 cythis
357 4342 382 4390 A
463 4352 517 4392 otro
534 4344 676 4410 Stephanus
695 4340 759 4390 diro
778 4343 894 4406 Scatiper
974 4345 1088 4394 bmutili
1107 4344 1136 4393 A
1151 4345 1261 4396 multiles
1280 4347 1341 4397 ΒΜ
1413 4345 1428 4391 7

133 4410 224 4460 ocelali
243 4411 267 4459 A
283 4409 393 4459 scaelule
412 4410 471 4460 BM
543 4409 723 4475 8lluviorum]
747 4412 1027 4476 Verp:peorp.1482
1097 4413 1430 4479 submurmurans

203 4478 235 4529 10
257 4479 393 4544 epideucas
412 4488 465 4529 teec
487 4480 597 4548 (epideu
616 4489 700 4531 astece
717 4478 761 4541 B)
779 4480 946 4545 ellespontoni
964 4482 1042 4531 konto
1060 4482 1146 4532 ΑΒΜ
1233 4484 1263 4534 ll
1285 4485 1388 4550 lagaros
1405 4482 1429 4532 B

21 4546 32 4565 ⁶
134 4546 222 4610 loguro
242 4550 256 4596 e
275 4547 309 4595 M
324 4549 412 4613 logroe
430 4558 468 4598 est
487 4550 511 4598 A
600 4551 631 4600 12
650 4546 816 4612 Homericus]
835 4548 882 4601 Od.
904 4550 928 4598 Ι(
944 4550 979 4601 66
1068 4551 1099 4601 13
1123 4551 1228 4601 bendeis
1246 4553 1372 4617 eolnclytn
1388 4558 1428 4613 (eo

135 4614 220 4664 luelita
239 4616 265 4665 B
282 4632 338 4665 eum
359 4617 450 4680 inclyta
470 4618 519 4679 M)
543 4620 645 4668 domata
662 4618 746 4666 ΑΒΜ
833 4618 864 4667 15
888 4621 963 4668 miuri
980 4619 1033 4669 AB
1053 4622 1119 4670 muri
1138 4621 1172 4670 M
1256 4617 1428 4671 scazontcsA

134 4694 285 4734 scsnzontes
304 4683 363 4734 BM
449 4686 481 4736 16
504 4695 572 4738 troes
588 4689 620 4737 de
638 4688 736 4753 erriges
755 4689 863 4751 onoposi
881 4688 1008 4753 (anopusi
1027 4688 1105 4751 ΒΜ)
1123 4690 1206 4740 donec
1228 4690 1325 4740 tonottn
1344 4690 1429 4753 (tono

135 4750 177 4798 tlm
196 4752 234 4814 A)
252 4752 344 4804 ABM.
363 4754 396 4805 ΙΙ.
417 4753 453 4802 M
467 4754 519 4805 208
601 4755 634 4806 18
651 4758 799 4806 ancillantes
816 4768 834 4811 ς
916 4757 947 4806 21
968 4757 1104 4807 dirinatnm
1125 4758 1157 4807 M
1236 4759 1366 4822 qualitatis
1383 4774 1429 4808 oss.

135 4817 223 4868 ΑΒΜ
289 4823 323 4870 24
340 4821 483 4873 diriuatiuis
502 4823 536 4872 M
600 4824 636 4874 26
653 4826 749 4877 unitate
767 4822 852 4874 ΑΒΜ
867 4833 1013 4881 ιοοῑοιοος
