3114 5356
510 305 643 368 lNS'll'l'.
668 306 778 368 Gualt.
801 307 872 369 LlB.
893 310 904 370 l
1147 250 1156 265 ο
1313 312 1355 374 ⁴13

127 422 183 466 ,ιι
196 422 224 464 w
237 423 263 464 r.
1169 430 1194 467 .·

70 436 130 557 aad
149 493 260 573 antiqui
282 495 340 556 lroc
360 502 527 574 poematum
556 496 642 557 liuius
666 496 810 576 poemati,
840 505 871 558 ut
892 496 997 557 morio
1019 439 1170 578 pluralitel
1190 427 1266 562 pag
1279 426 1355 583 llum-

71 608 138 661 nata
166 599 272 660 henim
295 604 498 677 poematorrun
523 599 655 660 dicerent
676 607 706 659 et
731 598 894 677 poematis,
916 607 946 660 et
971 600 1028 660 lico
1050 600 1245 664 diadematum
1267 605 1354 666 huius

71 701 231 775 dedomati,
255 707 285 761 et
306 707 404 761 cetera
424 698 564 761 similiter.
609 699 685 761 tertii
707 709 804 762 autern
832 702 943 764 ordinis
965 702 1038 764 haec
1057 712 1103 765 est
1125 722 1213 782 quiam
1235 706 1265 766 in
1285 727 1355 768 con·
1397 714 1401 719 '

72 803 215 865 suetudine
234 802 442 875 observamus,
463 803 519 863 lroc
539 821 643 882 poema
662 802 749 864 huius
769 805 929 884 poematis,
955 805 1106 886 pluraliter
1127 807 1201 869 haec
1220 817 1354 889 poemata
1435 873 1438 879 ,

45 907 165 969 sionim
184 912 370 988 poematum,
393 911 423 965 et
442 912 539 965 cetera
563 904 702 967 similiter.

56 989 60 995 ’
144 1007 251 1071 Omnia
271 1006 392 1071 nomina
414 1006 443 1068 in
464 1007 490 1068 is
511 1005 615 1068 litteris
637 1005 810 1080 terminata,
832 1026 907 1085 quae
927 1008 1023 1071 dativo
1041 1010 1051 1071 i
1073 1011 1211 1085 exierint,
1231 1031 1354 1075 necesse

71 1120 108 1172 est
130 1111 264 1190 geuetim
294 1118 324 1171 et
351 1108 516 1171 accusativo
544 1116 612 1169 ante
634 1108 764 1171 ultimam
784 1110 793 1171 i
814 1111 972 1193 recipiant,
998 1121 1030 1174 ut
1051 1114 1180 1191 agrestis
1196 1115 1353 1193 agrestium

72 1213 117 1275 llos
136 1213 278 1293 agrestis,
299 1210 434 1274 caelestis
455 1200 624 1271 caelestium
645 1211 700 1271 laos
720 1213 863 1275 caelestis.
908 1214 977 1275 item
1000 1214 1101 1277 eadem
1123 1216 1262 1278 rocalrula
1278 1235 1354 1295 quae

70 1315 137 1378 inis
155 1314 351 1377 terminantur
370 1312 547 1375 nominativo
572 1310 696 1373 alrlatiro
718 1333 788 1375 casu
810 1315 841 1376 iu
862 1316 872 1377 i
892 1324 1000 1379 exeunt
1020 1324 1049 1378 et
1071 1321 1268 1381 accusativum
1289 1320 1355 1400 plu·

46 1416 149 1480 araim
170 1437 274 1481 casum
299 1416 425 1480 similem
454 1414 631 1476 pectinatim
656 1414 796 1494 singulari
823 1419 941 1483 iaciunt
984 1423 1053 1485 item
1078 1423 1107 1484 in
1133 1422 1281 1484 vocabulis
1301 1442 1355 1483 no-

69 1518 197 1581 n'nratiro
226 1520 253 1581 is
280 1519 442 1581 tenninatis
471 1516 587 1596 quando
615 1516 766 1595 genetivus
793 1521 914 1600 pluralis
943 1523 1002 1586 ium
1030 1525 1147 1605 quando
1174 1543 1223 1585 um
1245 1524 1365 1604 habere,

68 1621 181 1693 delicat,
202 1621 334 1683 delinitio
359 1621 455 1683 brevis
477 1627 538 1691 est,
559 1617 655 1695 quod,
679 1621 815 1698 quotiens
832 1628 1026 1689 accusativum
1048 1627 1189 1710 pluralem
1210 1627 1239 1688 in
1255 1627 1280 1689 is
1303 1628 1355 1688 lra-

67 1723 192 1795 luerint,
227 1723 401 1802 gelnetirum
434 1723 464 1783 in
502 1722 560 1782 ium
588 1720 746 1784 habebunt.
796 1726 848 1786 sed
884 1726 988 1806 triplex
1017 1748 1070 1809 per
1101 1730 1161 1790 ium
1191 1729 1355 1791 declinandi

65 1845 146 1888 marsa
172 1834 235 1901 est;
258 1825 369 1906 prima,
390 1843 458 1885 cnm
479 1823 592 1885 dativus
615 1830 644 1883 et
664 1822 806 1888 ablatims
827 1829 983 1907 singularis
1002 1830 1010 1889 i
1035 1828 1129 1890 littera
1151 1832 1352 1903 terminantur,

37 1927 203 2011 cstpellis
228 1925 337 2008 puppis
365 1922 506 2008 mesllsis;
537 1925 642 1999 altera,
672 1944 753 2000 cum,
780 1930 912 2006 quamvis
938 1929 1079 1992 ablativus
1107 1951 1124 1990 e
1153 1932 1248 1993 littera
1270 1935 1353 1994 smia·

62 2040 119 2102 tur,
149 2038 267 2101 umeri,
296 2028 365 2106 qiua
393 2029 575 2090 accusativus
604 2028 724 2109 pluralis
756 2048 809 2109 per
831 2029 858 2091 is
887 2032 1023 2104 cllertur,
1053 2032 1138 2094 etiam
1167 2036 1318 2112 genetivus
1343 2037 1353 2097 i

59 2142 124 2195 ante
153 2153 205 2195 um
229 2130 364 2203 habebit,
393 2138 425 2191 ut
451 2130 540 2192 crinis
563 2130 702 2204 crinium,
727 2131 803 2193 acris
825 2132 952 2206 acrium,
974 2133 1068 2196 hostis
1090 2135 1235 2212 hostium3
1258 2139 1352 2212 tertia,
1453 2181 1457 2188 -

59 2254 124 2297 tum
146 2254 202 2315 per
229 2235 255 2296 is
277 2233 448 2316 productam
472 2234 666 2295 nominatims
693 2232 824 2295 inclusus
846 2242 908 2307 est,
937 2241 970 2295 ut
989 2235 1152 2299 masculine
1173 2239 1245 2317 glis,
1271 2240 1354 2302 lemi-

48 2314 125 2399 'nine
147 2336 194 2399 lis
239 2354 411 2397 communes
433 2335 520 2395 etiam
542 2336 707 2414 genetivum
726 2334 869 2416 pluralem
890 2356 944 2416 per
960 2337 1020 2398 ium
1041 2347 1140 2416 agunt
1173 2340 1282 2401 Graeca
1303 2361 1353 2402 ro-

27 2440 164 2501 ncalmla
191 2459 209 2500 a
237 2439 331 2520 patria
359 2438 500 2508 deducta,
528 2446 560 2498 ut
586 2436 750 2509 Thessalia,
776 2437 918 2500 Dardanis
946 2438 1029 2513 llias,
1057 2449 1146 2502 auta
1172 2460 1295 2521 genere,
1321 2426 1353 2505 ut

57 2541 206 2615 Tantalis,
227 2541 340 2615 Aeolis,
365 2538 498 2618 genetivo
517 2538 623 2621 plurali
644 2558 698 2620 per
718 2540 787 2600 dum
805 2548 913 2600 exerunt
928 2550 967 2602 et
990 2542 1087 2603 omnia
1112 2543 1249 2605 feminina
1272 2552 1350 2605 suut.

57 2644 207 2706 interdum
229 2653 260 2705 et
285 2630 447 2728 masculina
468 2640 497 2703 in
520 2641 643 2702 eandem
663 2641 885 2703 declinationem
905 2642 1029 2716 cadunt,
1051 2652 1082 2704 ut
1097 2644 1195 2706 llamis
1211 2652 1241 2705 et
1258 2645 1352 2720 Paris,

59 2756 90 2809 ιι
108 2747 230 2809 dicatur
249 2747 382 2825 genetivo
403 2745 556 2807 llamidum
579 2752 608 2805 et
628 2743 774 2806 Paridum.

140 2848 251 2911 omnia
271 2849 388 2910 nomina
407 2866 481 2927 quae
503 2848 533 2908 in
551 2867 585 2909 or
607 2847 744 2927 syllabam
764 2848 956 2909 terminantur
976 2849 1169 2924 nominativo,
1190 2851 1351 2913 masculina

25 2972 109 3015 sset
129 2951 287 3024 feminina,
311 2951 337 3012 si
363 2951 480 3029 quidem
502 2950 604 3012 Latina
626 2950 747 3022 tinemut,
775 2951 909 3026 genetiuo
930 2951 1189 3013 circumducuntur
1209 2961 1239 3014 et
1260 2973 1314 3032 per
1334 2973 1354 3013 o
1452 2941 1458 2951 ⁸

58 3054 183 3116 ueram
211 3054 382 3132 productam
411 3053 615 3133 proferuntur,
646 3052 733 3113 veluti
753 3061 873 3115 venator
896 3054 1059 3127 venatoris,
1082 3042 1241 3131 gladiator,
1264 3062 1351 3127 tutor,

57 3157 162 3231 sudor,
191 3155 348 3236 splendor,
376 3155 485 3227 honor,
510 3155 608 3231 color;
636 3155 764 3236 exceptis
791 3156 836 3216 liis
864 3173 939 3232 quae
967 3171 1026 3215 non
1054 3157 1271 3234 producuntur,
1299 3158 1352 3218 sed

56 3259 272 3340 corripiuntur,
297 3257 375 3319 reiut
396 3277 509 3319 memor
530 3257 685 3329 mentoris,
713 3257 800 3317 arbor
818 3255 940 3317 arboris.
984 3258 1036 3318 sed
1064 3258 1088 3318 si
1108 3267 1219 3321 -natura
1240 3261 1352 3321 Graeca

57 3363 180 3435 inerint,
209 3360 424 3440 corripiuntur,
453 3367 485 3420 ut
507 3360 616 3422 llector
637 3358 786 3431 lleetoris,
814 3357 1028 3421 Theomnestor
1056 3361 1295 3423 Theomnestoris
1323 3372 1353 3424 et

28 3463 172 3525 ss'snilia.
225 3481 293 3524 nam
319 3461 461 3523 neutralia
490 3461 589 3540 utique
619 3462 750 3540 genetivo
782 3461 977 3541 corripiunto
1001 3464 1142 3538 litteram,
1172 3471 1205 3523 ut
1224 3482 1352 3525 mamror

58 3564 229 3635 umoris,
250 3563 339 3624 robor
360 3563 483 3626 roboris.

138 3665 247 3727 Omnia
268 3665 387 3725 nomina
409 3685 483 3744 qrrae
506 3676 573 3727 ante
595 3685 644 3727 urn
667 3665 843 3726 nominativo
858 3664 990 3725 habenti
1013 3667 1153 3726 netrtralia
1169 3666 1265 3728 dativo
1287 3670 1352 3750 plu-

58 3768 105 3829 rali
134 3776 165 3828 et
193 3767 319 3828 ablativo
341 3766 362 3826 i·
379 3766 504 3829 litteram
538 3767 713 3845 geminatam
742 3767 865 3837 liabent,
902 3775 934 3827 ut
963 3769 1121 3830 amrarirun
1155 3772 1350 3851 conpendium

59 3869 249 3951 supplicium
272 3876 304 3931 ut
321 3876 391 3948 puta
412 3870 469 3932 hoo
493 3871 648 3932 armarium
670 3871 742 3932 haec
766 3869 891 3930 armaria
912 3870 958 3931 his
977 3871 1109 3932 armariis
1131 3881 1163 3934 et
1182 3872 1218 3933 alr
1238 3872 1284 3935 iris
1305 3893 1352 3934 ar-

62 4108 88 4159 12
122 4111 149 4161 N
165 4117 175 4160 Ι
194 4114 216 4167 5,
237 4117 246 4158 t
283 4113 309 4161 in
327 4111 349 4160 is
367 4109 482 4161 hebuerit

123 4356 154 4408 12
181 4354 328 4404 accersatis:
352 4353 424 4419 pldz·
451 4355 476 4404 in
492 4356 514 4405 ie
531 4354 649 4405 hebuerit
672 4356 818 4419 genetiuum
843 4354 929 4412 (corr.
950 4350 1047 4415 titios)
1070 4357 1095 4405 N
1183 4355 1214 4406 13
1237 4355 1283 4406 sed
1307 4357 1352 4405 tri-

62 4424 201 4487 prex-23
220 4422 343 4473 l‘aridum
360 4440 416 4476 exc.
428 4425 515 4476 Puris.
533 4424 633 4488 [.105*
705 4424 736 4475 14
755 4441 811 4474 cum
832 4426 933 4475 dutinus
950 4435 973 4475 et
992 4427 1151 4476 nrcrrsntiuus
1168 4426 1306 4491 singularis
1323 4427 1349 4475 .i.

62 4493 133 4546 littera
150 4496 356 4555 terminantnrp
386 4509 443 4544 cum
467 4495 567 4544 dntiuos
590 4502 614 4543 et
638 4494 929 4561 attatinos-singulares
948 4499 956 4544 i
975 4496 1057 4544 littera
1082 4497 1216 4544 terminant
1236 4496 1274 4554 N,
1303 4498 1353 4547 nisi

62 4567 119 4625 Μ
132 4583 182 4617 ιω
198 4567 268 4617 sads
285 4565 410 4627 adparuit
426 4572 507 4614 urrann
525 4565 702 4615 terminantem
714 4567 849 4615 terminant
872 4569 991 4629 scriptura
1003 4572 1083 4615 essct:
1099 4566 1263 4614 terminantur
1276 4580 1298 4613 ω

63 4633 89 4685 te
102 4637 287 4701 productump
316 4634 453 4699 productas
470 4635 494 4683 N
577 4635 689 4684 luciariae
713 4635 745 4685 lis
762 4651 796 4685 to:
827 4637 853 4684 in
870 4636 954 4687 codice
970 4650 1019 4684 non
1039 4637 1104 4683 satis
1118 4637 1295 4698 adposuerunt
1311 4637 1352 4685 tit-

63 4710 119 4756 Ισκ
204 4705 239 4756 21
260 4705 411 4769 genetiuurn
431 4704 475 4768 plir
494 4719 540 4768 prr
557 4705 617 4754 dum
636 4714 729 4773 exeunt
747 4706 771 4754 N
787 4708 852 4770 gend
870 4704 913 4768 plir
932 4721 978 4769 per
994 4708 1054 4753 dum
1073 4712 1151 4769 agunt
1165 4720 1183 4767 p
1269 4709 1302 4758 22
1322 4713 1350 4753 ut

40 4774 43 4779 ’
64 4773 156 4839 &mnis
171 4773 340 4843 daphnidum
359 4775 431 4840 paris
449 4775 565 4840 pnridum
579 4791 598 4838 p
675 4776 708 4825 ut
729 4777 859 4825 omuin-
875 4774 906 4824 31
927 4774 1025 4824 roboris
1041 4774 1138 4825 t'dorr's.
1155 4789 1182 4838 p.
1200 4775 1236 4827 oo
1305 4790 1351 4827 no-

64 4846 176 4916 nirariro]
195 4845 309 4898 nomina
326 4842 353 4892 N
