3114 5356
610 327 817 390 austreno
917 323 920 329 ’
1274 354 1360 399 mm

10 534 12 539 ·
49 506 221 571 conlatum
250 528 327 571 cunr
352 508 464 573 codiee
486 511 670 597 exemplum
693 532 713 573 a
740 509 821 576 Iano
851 510 991 576 Grutero
1018 535 1054 578 se
1084 516 1251 602 accepisse
1278 517 1360 584 dicit

51 607 234 672 Putschius
259 630 399 694 gramm.
422 609 497 673 Lat.
520 621 606 675 auct.
629 612 733 698 praef.
758 622 844 699 etp.
867 616 939 689 att.
983 636 1088 702 neque
1117 617 1204 680 enim
1225 618 1357 707 videtur

53 709 202 773 dubitari
226 730 325 794 posse
347 712 428 797 quin
449 711 563 775 eodem
583 712 696 776 codice
715 721 853 799 uterque
868 733 946 776 usus
969 714 1026 796 sit,
1044 736 1241 803 quamquam
1262 714 1368 785 sexto

53 810 182 874 decimo
213 809 345 875 saeculo
375 812 457 876 dues
479 811 651 878 Diomedis
680 812 810 876 codices
830 813 974 886 ,indicari
1000 815 1096 881 video
1121 818 1156 880 in
1185 819 1355 905 ‘catalogo

55 910 214 976 librorum
232 913 377 975 omnium
394 910 613 978 bibliothecae
631 916 763 979 maioris
780 912 939 977 ecclesiae
961 914 1156 982 Fuldensis’
1179 941 1199 981 a
1214 918 1355 986 Kinder·

56 1012 158 1097 lingio
180 1011 272 1076 edito
293 1012 328 1076 in
351 1012 462 1078 libello
484 1012 525 1077 dc
541 1014 739 1079 bibliotheca
757 1012 914 1079 Fuldensi
929 1039 961 1103 p.
978 1019 1018 1082 85
1041 1025 1074 1081 et
1090 1022 1142 1082 87.
1184 1029 1356 1106 praeterea

56 1134 96 1176 ex
116 1114 236 1179 eodem
260 1112 416 1180 Modiauo
438 1113 522 1178 libro
545 1124 700 1201 excerpta
728 1108 1177 1203 0000010111110110111101000
1199 1119 1355 1186 Velserus

57 1216 292 1300 Augustanus,
325 1237 409 1302 quae
442 1218 520 1281 item
553 1226 586 1281 et
617 1215 772 1280 Putschio
809 1215 929 1279 utenda
961 1229 1167 1283 concesserat
1194 1230 1228 1285 et
1256 1231 1356 1290 antea

57 1316 201 1403 Gaspari
217 1315 388 1404 Scioppio,
407 1317 463 1404 qui
475 1317 509 1380 in
521 1319 681 1403 suspectis
692 1315 886 1382 lectionibus
898 1339 928 1380 a.
947 1319 1026 1380 1597
1043 1317 1141 1382 editis
1158 1342 1232 1385 cum
1251 1323 1354 1387 multa

57 1439 96 1480 ex
119 1414 286 1482 Diomede
308 1418 461 1482 emendat
489 1416 610 1481 additis
637 1440 736 1503 saepe
759 1419 954 1484 coniecturis
976 1417 1096 1503 Modii,
1126 1431 1196 1485 tum
1212 1407 1354 1493 'schedis

58 1540 137 1605 quas
164 1517 325 1582 Velserus
351 1539 394 1582 ex
418 1517 620 1583 bibliotheca
647 1540 706 1582 sua
733 1518 860 1607 prolixe
885 1541 994 1583 secum
1029 1523 1290 1591 conmunicasset
1318 1545 1354 1586 sc

61 1619 211 1684 adiutum
236 1639 308 1682 esse
339 1619 456 1684 scribit
482 1642 571 1706 susp.
594 1618 668 1684 lect.
690 1620 721 1683 V
746 1624 800 1684 12:
828 1618 870 1683 cf.
896 1616 966 1690 15,
1011 1620 1091 1684 haec
1115 1621 1217 1706 igitur
1244 1624 1354 1688 omnia

59 1742 140 1807 quae
156 1730 190 1785 et
213 1742 256 1784 ex
277 1720 350 1807 ipso
374 1721 485 1786 codice
507 1719 664 1785 Rabanus
683 1729 777 1785 etex
790 1720 894 1786 Modii
916 1722 1080 1807 excerptis
1103 1721 1276 1812 Scioppius
1297 1725 1352 1790 ad·
1429 1794 1432 1801 ,

62 1825 266 1911 scripserunt
298 1822 345 1884 ita
375 1844 448 1886 cum
480 1823 602 1889 nostris
635 1821 804 1888 codicibus
843 1823 1052 1889 consentiunt
1083 1832 1119 1887 ut
1152 1822 1353 1889 Fuldensem

59 1923 182 1990 librum¹
200 1946 243 1988 ex
264 1922 378 1987 eodem
398 1922 575 2012 archetypo
591 1923 677 2011 quod
696 1922 746 1987 illi
766 1926 868 1988 secuti
888 1931 963 1988 sunt
980 1945 1172 2009 expressum
1194 1945 1265 1987 esse
1287 1946 1353 1988 ma-

61 2024 215 2090 nifestum
235 2025 330 2109 sit*).
375 2026 523 2112 proxime
538 2035 647 2091 autem
668 2025 710 2089 ad
731 2025 962 2090 Monacensem
985 2024 1104 2090 librum
1127 2025 1282 2091 accedere
1303 2028 1351 2090 vi·

61 2127 160 2190 detur.
206 2148 283 2190 nam
314 2126 397 2190 illud
431 2136 518 2191 certe
546 2135 668 2190 temere
702 2126 885 2212 suspicatus
915 2135 966 2190 est
993 2126 1201 2192 Gaislordius
1228 2147 1260 2212 p.
1288 2124 1350 2208 XI,

61 2227 259 2291 Puteaneum
282 2227 428 2292 codicem
449 2228 574 2293 abhoc
596 2249 663 2291 non
685 2227 850 2293 diversum
871 2249 954 2292 0000.

137 2330 245 2395 Aliud
266 2328 489 2416 apographum
510 2329 636 2414 antiqui
656 2327 732 2392 libri
750 2328 793 2392 ad
814 2351 909 2416 quem
927 2351 1039 2395 omnes
1059 2329 1188 2394 codices
1210 2328 1352 2419 referen-

61 2432 114 2520 dos
125 2453 200 2496 0000
215 2430 286 2495 dixi
301 2431 415 2517 quinto
430 2430 555 2495 decime
569 2428 700 2494 saeculo
716 2430 750 2492 in
764 2428 895 2495 Italiam
910 2430 1056 2496 ablatum
1070 2452 1143 2496 esse
1155 2428 1295 2507 videtur,
1308 2449 1353 2493 ex

60 2554 120 2619 quo
134 2540 287 2597 recentes
298 2529 375 2595 libri
387 2532 559 2618 conplures
580 2530 637 2595 illa
658 2537 764 2593 aetate
786 2533 899 2617 scripti
912 2532 1085 2619 propagati
1105 2538 1191 2594 sunt.
1219 2551 1296 2599 uam
1309 2552 1352 2594 ex

60 2634 121 2697 illis
143 2631 241 2697 libris
263 2633 407 2718 antiquis
438 2635 495 2720 qui
517 2655 604 2697 nunc
626 2640 802 2719 supersunt
820 2631 945 2696 nullum
973 2632 1128 2696 videntur
1154 2629 1231 2695 Itali
1259 2652 1352 2696 usur·

59 2736 198 2822 pavisse.
244 2734 315 2797 eius
334 2735 465 2824 generis
487 2735 588 2818 igitur
602 2733 703 2797 libros
726 2741 839 2797 extare
860 2736 938 2800 novi
956 2733 1032 2818 hos,
1056 2733 1242 2798 Parisinum
1257 2732 1352 2815 7538,

59 2835 254 2900 Vaticanum
273 2837 369 2917 1491,
384 2833 578 2900 Vrbinatem
599 2837 676 2917 308,
693 2834 949 2900 Laurentianum
964 2834 1182 2899 bibliothecae
1197 2829 1353 2896 aedilium

61 2938 116 3000 168
132 2936 192 3023 (cf.
216 2935 361 2999 Bandiui
383 2937 479 3001 catal.
500 2936 580 3000 bibl.
600 2935 758 3020 Leopold.
780 2936 936 3003 Laurent.
962 2935 978 2998 I
999 2958 1030 3023 p.
1054 2939 1148 3020 475),
1167 2936 1352 3024 Neapolita·

58 3059 113 3101 nos
133 3034 356 3101 bibliothecae
382 3035 589 3104 Borbonicae
610 3047 676 3100 tres
702 3035 851 3103 IVA13.
881 3042 929 3101 14.
961 3039 999 3100 16
1024 3036 1082 3125 (01.
1107 3030 1226 3103 Ianelll
1256 3038 1353 3102 catal.

58 3138 135 3204 bibl.
157 3137 235 3201 Lat.
257 3159 342 3202 mus.
362 3137 507 3204 Borhon.
522 3159 555 3223 p.
574 3142 608 3201 11
630 3136 725 3223 sqq.).
771 3159 814 3201 ex
829 3138 879 3202 his
894 3140 1081 3203 accuratius
1102 3140 1242 3226 cognovi
1259 3139 1351 3220 duos,

59 3238 260 3321 Parisinum,
293 3241 385 3304 cuius
408 3239 661 3325 discrepantiam
691 3238 871 3325 scripturae
896 3241 930 3305 in
962 3242 1059 3307 tertio
1086 3241 1172 3306 liltro
1201 3240 1353 3304 exhibuit

59 3339 286 3422 Gaist'ordius,
310 3350 343 3404 et
365 3341 576 3425 Vaticanum,
599 3342 692 3406 cuius
715 3337 857 3426 aliquam
878 3351 1003 3425 partem
1022 3365 1075 3408 me
1096 3350 1233 3428 rogante
1250 3340 1353 3406 Geor·

58 3443 130 3526 gius
159 3440 259 3505 Thilo
288 3441 438 3506 contulit.
488 3466 531 3508 ex
559 3465 622 3531 quo
651 3442 691 3507 de
719 3441 785 3505 illis
812 3443 875 3505 iam
905 3452 993 3506 certo
1018 3437 1191 3508 adfirmare
1219 3465 1364 3530 possum⁴

59 3542 221 3607 communi
248 3543 386 3627 originis
418 3544 550 3610 vinculo
583 3567 638 3610 eos
667 3566 741 3608 cum
770 3543 1012 3629 antiquioribus
1040 3543 1135 3611 libris
1163 3545 1352 3610 coniunctos

60 3666 129 3709 esse
150 3664 345 3729 omnemque
365 3646 546 3730 scripturae
570 3645 823 3733 discrepantiam
846 3645 880 3709 in
903 3642 1113 3729 neglegentia
1135 3647 1351 3729 librariorum,

60 3768 140 3832 quae
156 3746 262 3809 maior
283 3744 352 3808 lere
368 3747 478 3810 extitit
492 3749 527 3813 in
541 3748 727 3813 recentibus
745 3747 855 3832 libris,
879 3757 911 3811 et
932 3747 966 3809 in
981 3744 1118 3812 libidine
1134 3759 1353 3814 correctorum

61 3846 213 3912 Italorum
235 3849 372 3912 versari.
417 3870 524 3936 neque
544 3850 578 3912 in
600 3848 754 3934 reliquis,
778 3872 858 3935 ques
882 3848 987 3914 obiter
1006 3846 1154 3936 inspexi,
1178 3852 1353 3938 quicquam

60 3950 168 4013 inveni
183 3947 272 4036 quod
287 3949 364 4013 huic
379 3948 501 4014 iudicio
521 3959 729 4036 repugnaret.
775 3972 818 4014 ex
830 3949 891 4015 hoc
905 3949 1055 4014 codicum
1069 3974 1190 4038 genere
1211 3950 1353 4038 aliquem

123 4106 153 4171 ⁸)
166 4108 195 4157 lu
207 4107 239 4155 iis
251 4119 318 4168 quac
331 4106 452 4155 Rabanus
464 4121 497 4155 ex
515 4106 635 4157 Fuldensi
648 4107 711 4156 libro
725 4107 860 4172 exscripsit
872 4107 997 4170 quaedum
1012 4109 1118 4159 inveniri
1133 4110 1186 4159 0010
1199 4122 1275 4172 quse,
1292 4107 1352 4170 quia

62 4191 210 4242 1010011000
228 4191 368 4255 incastris
391 4191 521 4243 codicibus
546 4194 586 4241 vel
607 4194 692 4241 minus
713 4203 779 4242 recte
803 4193 897 4258 scripta
914 4205 989 4253 suut,
1013 4195 1098 4259 specie
1121 4196 1235 4244 veritatis
1262 4191 1350 4240 1011010

62 4281 165 4342 possint.
202 4279 334 4327 enimvero
348 4279 375 4326 iu
392 4286 461 4327 tauto
478 4294 562 4328 rerum
578 4279 690 4328 omnium
701 4293 827 4328 consensu
845 4278 953 4327 dubitari
967 4280 1053 4342 nequit
1070 4283 1130 4345 quin
1147 4280 1210 4330 bueo
1224 4278 1351 4327 coniectu-

63 4378 99 4413 ue
116 4365 203 4430 potius
219 4363 318 4413 11011011
334 4379 410 4427 quant
424 4365 505 4414 codici
521 4380 594 4429 quem
611 4375 714 4415 secutus
735 4373 773 4412 cst
790 4363 924 4413 tribuenda
938 4366 997 4415 siut.
1033 4377 1093 4417 sunt
1109 4377 1192 4417 autern
1209 4364 1263 4413 1010
1279 4361 1351 4423 haee,

62 4450 247 4513 1811500001
263 4454 304 4502 001
321 4453 459 4503 commu
472 4460 602 4516 1100100100
625 4453 722 4515 spectet
738 4459 796 4500 suat
812 4451 895 4511 duae,
919 4468 1025 4517 quarum
1046 4455 1121 4518 prior
1137 4453 1240 4502 beroiaa
1258 4445 1319 4506 486,
1337 4445 1350 4496 1

61 4539 125 4600 md
136 4541 243 4604 priscas
259 4537 426 4600 deserebatur
442 4537 510 4596 487,
525 4536 558 4587 30
576 4539 622 4587 alit
638 4553 655 4586 0
675 4538 733 4587 rino
750 4536 956 4597 arbitrabatur,
970 4547 1110 4603 propterea
1128 4536 1196 4601 qaod
1213 4537 1269 4585 01101
1287 4528 1353 4598 trya'

61 4624 217 4676 1100101000
235 4622 305 4682 4811,
330 4621 363 4673 lt
382 4627 408 4674 ta
428 4626 549 4688 percauta
565 4626 706 4687 paraticas
721 4621 903 4688 prouuaaabat
923 4622 957 4673 ib.
981 4623 1011 4675 31
1028 4619 1259 4690 0010010001οΜ
1274 4620 1355 4669 iatro-

62 4710 186 4770 ὰωιιπ,
206 4711 422 4776 0000010001ῡο
437 4709 529 4760 1010110
544 4717 702 4771 tegerentur,
727 4708 890 4759 tabernariae
907 4708 1061 4759 uocabantur
1082 4705 1148 4765 490,
1175 4703 1207 4756 13
1230 4706 1256 4754 10
1274 4719 1355 4768 prae-

63 4804 151 4848 muta
167 4805 265 4854 001000,
285 4809 338 4859 qua
355 4793 526 4843 inscribuntur
544 4794 643 4843 000100
658 4795 766 4853 Latina,
785 4804 811 4845 ut
828 4794 927 4844 Brutus
943 4796 983 4844 001
1000 4793 1108 4849 Decius,
1133 4794 1189 4843 11010
1208 4789 1352 4841 Marcellus

64 4887 94 4931 ret
107 4884 250 4946 Africanas
269 4887 295 4931 et
310 4878 352 4928 110
368 4880 459 4929 similia
478 4880 512 4930 ib.
531 4880 563 4928 15
581 4879 682 4930 barbas
698 4882 816 4933 Soatrata
836 4881 899 4930 Geta
919 4877 1046 4941 1100110110.

105 4983 319 5034 ousus'rtct
342 4983 452 5025 uastat
474 4984 495 5025 1.
1132 4976 1148 5012 C
