3114 5348
511 292 592 352 aar.
620 288 924 368 amnuerunt
975 346 987 377 ,
1305 292 1368 354 res

124 416 146 456 p.
160 403 206 445 ru.
220 404 246 443 so
259 403 283 448 o.
1144 419 1168 459 p.
1182 406 1278 447 ιιι-ιο
1292 410 1316 449 c.

49 478 220 535 tauctorem
245 473 378 535 scribens
400 475 436 535 ab
459 494 493 536 ea
514 495 600 555 quam
625 478 750 538 diximus
773 476 960 538 miseratione
988 475 1088 551 elegos
1115 477 1298 540 miserabiles
1325 480 1368 540 di·

69 576 111 635 cit
128 577 185 636 hoc
206 575 304 649 morlo,

827 696 897 740 neu
919 659 1160 741 miserabiles

237 759 416 820 decantes
438 759 577 837 elegos.

42 857 148 937 rapurl
170 858 318 920 Romanos
339 869 437 920 autem
464 848 494 920 irl
525 880 642 922 carruca
670 863 748 939 quod
777 880 843 923 cum
865 864 1071 924 lamentatione
1097 872 1258 925 extremum
1280 875 1367 944 atque

70 959 204 1019 ultimum
224 969 341 1021 mortuo
362 962 507 1022 accinitur
528 964 613 1023 aonia
642 964 749 1027 (licitur
775 956 855 1042 παρὰ
881 954 914 1023 τὸ
942 962 1073 1038 νείατον,
1104 965 1133 1024 iel
1163 975 1209 1026 cst
1230 964 1366 1046 ἔσχατονι

68 1059 147 1120 unde
169 1068 198 1120 et
218 1061 248 1121 in
267 1061 386 1122 chordis
413 1069 560 1123 exiremus
590 1081 696 1125 nervus
724 1064 889 1145 appellatus
914 1073 960 1125 est
985 1056 1069 1141 νήτη.
1114 1086 1181 1128 uam
1203 1077 1232 1127 et
1250 1064 1255 1148 l
1275 1066 1393 1144 elegia,

10 1149 15 1169 '
67 1168 197 1221 extrema
218 1171 334 1224 mortuo
357 1162 545 1224 occulebatur
566 1166 610 1225 sic
632 1165 673 1225 uti
695 1166 797 1241 nenia,
833 1168 957 1244 ideoque
984 1166 1021 1226 ab
1050 1166 1154 1227 eodem
1173 1165 1266 1244 elegia
1289 1167 1367 1227 ricle—
1391 1154 1400 1168 ⁰

68 1268 117 1322 tur
151 1269 275 1337 tractum
305 1263 520 1341 cognominari,
559 1265 637 1344 quod
672 1267 796 1330 mortuis
823 1268 867 1329 rel
901 1267 1050 1329 maritmis
1082 1266 1239 1329 ascribitur
1271 1267 1368 1328 noris·

30 1385 55 1425 ιο
69 1361 186 1424 simum.

155 1465 272 1526 Iambus
292 1473 337 1526 est
361 1484 480 1527 carmen
500 1466 675 1529 maledicum
697 1467 870 1547 plerumque
893 1468 1024 1529 trimetro
1047 1487 1130 1529 versu
1151 1477 1180 1528 et
1202 1469 1297 1547 epodo
1320 1488 1387 1530 so·

66 1575 178 1645 quante
197 1569 398 1646 conpositum,
422 1577 455 1630 ut
1385 1566 1388 1577 ⁴

234 1667 329 1727 mala
352 1668 478 1729 soluta
498 1669 605 1729 navis
626 1669 703 1729 exit
724 1669 818 1731 alite

234 1768 361 1826 lereus
386 1768 549 1830 olentem
568 1769 755 1830 Maeuium.

27 1858 249 1950 rsappellatum
272 1875 318 1927 est
338 1875 434 1927 autem
457 1858 537 1944 παρὰ
559 1861 591 1927 ro
614 1867 774 1946 ἰαμβίζειν,
801 1869 880 1946 quoti
903 1879 949 1931 est
967 1872 1151 1932 maledicere.
1196 1870 1280 1931 cuius
1301 1890 1366 1932 car·

66 1970 154 2029 minis
183 1967 332 2047 praecipui
363 1968 521 2046 scriptores
550 1969 627 2048 apurl
656 1970 783 2031 Graecos
812 1969 1005 2032 Archilochus
1032 1979 1061 2032 et
1089 1973 1256 2051 llippouar,
1288 1972 1365 2050 apud

66 2070 216 2131 Romanos
239 2067 368 2130 Lucilius
390 2077 420 2129 et
437 2068 568 2130 Catullus
590 2079 620 2131 et
640 2070 779 2132 Horatius
797 2079 826 2130 et
848 2069 1015 2132 Bibaculus.

50 2229 64 2250 ⁴
152 2170 273 2250 Eprorloc
296 2170 432 2231 dicuntur
451 2189 554 2232 versus
577 2190 636 2250 quo
655 2171 726 2232 libet
749 2177 843 2230 metro
864 2170 964 2250 scripti
989 2181 1017 2231 et
1040 2179 1197 2250 sequentes
1217 2173 1364 2235 clausulas

65 2272 210 2333 hahentes
232 2273 457 2350 particularum,
483 2272 585 2354 quales
603 2281 672 2335 suat
695 2272 807 2351 epodoc
831 2272 957 2346 lloratii,
978 2273 1008 2333 iu
1030 2271 1137 2351 quibos
1157 2274 1279 2352 siugulis
1301 2295 1365 2336 rer-

27 2402 54 2439 νο
67 2373 150 2435 sibus
173 2374 305 2452 singulae
329 2374 477 2436 clausulae
498 2375 679 2452 adiciuntur,
701 2381 736 2435 ut
762 2370 768 2380 “

231 2494 302 2536 uox
324 2484 405 2538 erat
427 2485 463 2536 et
483 2475 587 2539 caelo
609 2474 783 2553 fulgebat
805 2473 891 2534 luna
912 2491 1062 2548 sereno,

66 2574 174 2634 deiude

231 2679 663 2760 iptermiuorasirlera;
718 2734 725 2749 ,

65 2784 95 2836 et

24 2901 52 2941 aa
227 2879 349 2942 altera
370 2883 439 2943 iam
462 2881 601 2943 teritur
621 2879 737 2941 bellis
761 2878 941 2942 civilibus
960 2885 1084 2953 aetna,

63 2976 171 3039 deinde
208 2962 245 2991 “”

157 3085 165 3093 “
232 3081 313 3143 suis
336 3092 373 3143 et
393 3084 475 3163 ipsa
496 3082 607 3143 lloma
629 3081 773 3144 viribus
797 3082 890 3157 ruit,
979 3074 981 3078 ’

22 3180 24 3184 ’
64 3189 95 3241 et
116 3183 294 3260 quicumque
315 3192 385 3245 sunt
413 3183 533 3245 similos.
578 3183 647 3243 dicti
675 3190 773 3243 autem
801 3181 914 3259 epodoe
938 3180 1156 3258 συνεκδοχικῶς
1183 3199 1199 3240 a
1231 3178 1363 3259 partibus

13 3296 17 3301 ·
64 3301 202 3344 versuum
223 3302 297 3362 quae
320 3283 455 3362 legitimis
476 3293 505 3344 et
526 3282 647 3360 integris
668 3281 801 3365 versibus
822 3273 999 3363 ἐπᾴδονται,
1017 3281 1046 3341 1ι1
1069 3289 1113 3342 est
1136 3281 1317 3342 accirruntur.

23 3408 51 3449 ao
150 3384 244 3446 Satira
271 3384 378 3446 dicitur
401 3404 519 3448 carmen
546 3383 623 3463 apurl
652 3383 799 3442 llomauos
828 3400 907 3441 nunc
936 3381 1053 3459 quidem
1076 3379 1249 3442 maledicum
1273 3389 1302 3441 et
1327 3381 1363 3441 aa

65 3472 213 3564 'carpenda
234 3485 387 3546 hominum
408 3486 475 3547 vitia
497 3485 648 3563 arlchaeac
669 3481 838 3545 comoediae
861 3481 1030 3543 charactere
1052 3483 1254 3562 conpositum,
1277 3481 1363 3559 quale

64 3586 249 3666 scripserunt
270 3586 401 3648 Lucilius
420 3594 449 3647 et
468 3587 608 3656 lloratius
629 3594 659 3646 ct
678 3584 805 3646 Persius.
851 3592 881 3643 ct
903 3583 971 3644 olim
986 3578 999 3666 ΙΙ
1015 3601 1132 3644 cannen
1155 3582 1232 3661 qrrorl
1256 3600 1290 3641 ex
1314 3601 1362 3643 ra-

64 3686 116 3746 riis
139 3687 326 3766 poematibus
350 3688 506 3750 constabat
533 3688 621 3749 satira
646 3685 820 3759 vocabatur,
848 3683 932 3762 qrrale
961 3683 1143 3763 scripserunt
1169 3684 1311 3746 Pacuvius
1335 3691 1366 3743 et

65 3787 214 3849 Enniust
233 3790 321 3850 salira
345 3800 443 3851 autem
465 3789 542 3850 (licta
564 3790 624 3849 sire
643 3809 659 3848 a
682 3787 808 3866 Satyris{
837 3785 916 3862 ‹proa
936 3785 1069 3847 similiter
1095 3787 1125 3847 iu
1154 3785 1211 3846 hoc
1234 3785 1364 3846 carmine

24 3910 50 3949 aa
65 3887 206 3949 ridiculae
229 3908 278 3951 res
307 3890 518 3970 pudendaeque
544 3889 697 3963 (licuntur,
732 3905 806 3965 quae
835 3884 912 3946 relat
938 3906 954 3947 a
984 3887 1094 3965 Satyris
1120 3888 1310 3967 proferuntur
1335 3894 1362 3952 et

64 3989 156 4050 hrrnt:
186 3988 247 4050 sire
271 3999 369 4052 satura
396 4011 412 4051 a
443 3991 527 4052 lance
557 4009 631 4068 quae
658 3990 765 4050 referta
786 3987 873 4049 variis
894 3988 1051 4065 multisque
1070 3987 1203 4067 primitiis
1224 3987 1254 4048 in
1277 4006 1362 4049 sacro

136 4140 265 4207 lelogos
286 4143 371 4193 ΑΒΜ
456 4144 576 4207 barlque
596 4144 621 4192 A
708 4142 837 4208 bparato
855 4142 939 4191 aiaton
959 4141 1018 4190 BM
1042 4144 1156 4206 paratoni
1175 4142 1251 4191 atltou
1270 4143 1295 4191 A

64 4208 187 4260 eschatou
204 4211 291 4262 ΑΒΜ
363 4214 461 4262 latete
478 4214 503 4262 A
519 4230 588 4264 corr.
610 4222 668 4261 nete
686 4211 744 4259 ΒΜ
818 4211 885 4260 80b
901 4211 989 4260 eodem
1011 4210 1083 4259 Bob
1102 4213 1189 4260 eadem
1208 4210 1266 4260 AM
1346 4207 1363 4258 9

63 4274 182 4343 tractum]
202 4294 302 4329 carmen
320 4286 427 4335 coniecit
442 4283 577 4333 Suuteuius
594 4285 618 4332 iu
640 4282 783 4330 Terentium
803 4280 890 4329 Maur.
908 4297 935 4343 p.
956 4279 1008 4328 310
1077 4277 1218 4342 ascribitur]
1240 4279 1361 4328 accinitur

62 4348 235 4399 amentur.
254 4367 288 4417 c..
354 4351 384 4401 ll
405 4352 516 4400 lumbum
528 4351 609 4399 ΑΒΜ
628 4350 798 4404 iambicum«,¹
881 4348 913 4400 ta
930 4345 1004 4411 rutila]
1026 4348 1118 4400 llorut.
1135 4366 1175 4413 ep.
1188 4348 1256 4405 tul
1329 4348 1362 4397 14

63 4419 193 4467 meauium
212 4417 298 4468 ΑΒΜ
368 4420 398 4469 15
416 4429 503 4485 parato
523 4420 640 4467 iambizin
659 4418 744 4467 ΑΒΜ
814 4418 844 4467 17
861 4416 1057 4467 catulusABM
1126 4417 1258 4466 uiuaculus
1277 4415 1360 4465 ΑΒΜ

131 4487 166 4538 21
187 4484 248 4551 nox]
269 4489 363 4539 Horat.
382 4507 421 4553 ep.
444 4488 515 4548 uu]
607 4488 739 4542 lrrcolrats
826 4483 1238 4550 25111101·a]r{0rar.ep.1u‚1
1329 4484 1363 4534 28

61 4555 182 4619 canendo
200 4553 285 4606 chicos
302 4558 353 4607 AB
371 4556 536 4619 crumulorhp
555 4572 620 4619 quos
641 4557 673 4604 M
753 4558 787 4608 29
806 4555 932 4620 apariente
949 4554 1033 4603 ΑΒΜ
1102 4555 1136 4605 311
1157 4555 1246 4616 Satyra
1262 4554 1360 4603 ABM:

62 4622 155 4688 &tyra
174 4632 214 4673 est
229 4639 331 4675 carmeu
348 4628 418 4693 apud
435 4640 554 4675 romanos
574 4640 623 4673 uon
649 4625 750 4688 quidem
775 4627 843 4690 uprul
867 4639 973 4687 graecos
997 4624 1182 4679 rualedicuurg
1269 4624 1299 4673 31
1322 4639 1362 4671 ar—

54 4690 142 4745 'obew
158 4691 246 4747 ΑΒΜ
313 4697 402 4759 quates
420 4696 479 4746 AM
547 4693 581 4745 33
599 4701 685 4756 satyra
700 4694 760 4743 ΒΜ
828 4694 915 4757 qurtlos
934 4692 984 4740 AB
1054 4691 1087 4741 ut
1106 4703 1192 4756 satyra
1210 4692 1294 4743 ΑΒΜ

60 4760 97 4815 ὅ
107 4768 198 4827 ¹²1²·
211 4774 229 4811 ι
242 4759 316 4813 luttoe
330 4762 383 4815 ΑΒ
398 4772 485 4831 natm
501 4763 570 4815 lanu
580 4762 616 4812 Μ
628 4776 644 4812 a
660 4771 747 4826 satyra
760 4762 832 4812 leuce
844 4775 862 4818 ς
936 4761 963 4809 iu
975 4763 1055 4811 sacris
1065 4761 1165 4812 Cereris
1177 4759 1362 4817 iulerebatartr

1437 1773 1440 1781 .
1459 1762 1476 1779 ’ἶ
1510 1721 1544 1789 νεἦ

1424 1786 1441 1797 e*
1471 1774 1508 1805 ,μ’

1422 1800 1447 1831 [a
1468 1810 1472 1815 “
