3114 5356
133 322 173 387 92
691 315 854 380 CllAlllSlI

201 466 207 479 .
222 441 252 481 ll.
268 436 331 479 711).
1267 445 1289 486 ρ.
1304 432 1328 472 bl
1345 431 1370 473 l..

135 452 219 574 timim
238 509 348 570 faciunt
373 526 426 589 per
448 506 501 577 tis,
531 505 609 566 velut
631 524 723 585 nepos
744 506 876 586 nepotis,
903 504 1041 567 sacerdos
1062 503 1239 595 sacerdotis,
1262 503 1316 564 dos
1335 503 1421 578 dotis,

134 637 183 679 cos
205 614 277 675 cotis
296 618 326 672 et
347 619 443 671 cetera
461 607 573 670 similia.
618 608 800 688 excipiuntur
820 618 915 671 autem
935 609 1007 669 baec
1029 625 1104 686 quae
1125 601 1289 685 genetivum
1313 606 1423 668 iaciunt

134 719 263 803 porris,
291 715 368 776 velut
390 728 439 773 ros
460 709 551 785 roris,
581 730 615 771 os
634 711 710 787 oris,
734 711 816 791 lepos
839 711 964 791 leporis,
987 711 1042 771 llos
1065 709 1160 783 doris,
1189 707 1275 769 arbos
1298 707 1421 783 arboris,

134 824 202 885 item
223 839 275 903 per
298 818 356 889 sis,
378 812 461 874 velut
478 832 527 887 os,
551 812 627 892 quod
651 811 728 873 ossis
750 814 834 887 lacit,
857 813 926 873 item
951 811 1087 891 perdis,
1109 811 1187 871 volut
1201 817 1301 871 custos
1323 819 1422 872 custo-

134 924 191 1000 dis,
220 920 298 1002 meod
325 934 391 978 cum
419 915 531 976 ratione
558 915 719 995 protertur,
749 915 885 993 quoniam
916 933 950 975 cx
977 912 1065 974 verbo
1087 912 1254 986 deducitur,
1277 913 1355 991 qnod
1378 921 1448 974 esta

135 1024 279 1097 custodio,
303 1027 331 1082 et
353 1019 419 1081 ideo
437 1017 566 1079 custodis
588 1017 664 1078 lacit.
710 1017 858 1096 quaeritur
883 1015 970 1076 etde
996 1016 1128 1090 Graecis,
1152 1034 1275 1094 quorum
1297 1016 1423 1094 genetivi

134 1116 236 1189 diversi
262 1132 338 1186 suot.
382 1123 479 1200 itaque
501 1121 526 1181 si
547 1120 635 1181 luerit
654 1120 848 1181 nominativus
861 1118 1045 1198 Androgeos,
1068 1118 1217 1198 genetivus
1238 1119 1293 1179 erit
1310 1119 1424 1179 Andro-

135 1250 202 1310 geo,
225 1236 257 1288 ut
275 1226 352 1308 aliud
372 1224 526 1304 Vergilium

297 1328 333 1388 in
355 1327 502 1387 loribus
534 1325 649 1385 letum
670 1323 874 1402 Androgeo.

136 1431 185 1493 sed
207 1430 284 1511 aliud
303 1428 428 1491 eundem
449 1425 611 1487 invenimus
673 1461 680 1474 ·
1439 1448 1463 1490 u

296 1529 482 1607 Androgei
503 1527 659 1606 galeam,
833 1592 836 1599 ¹

136 1634 186 1696 sed
208 1652 268 1694 oon
286 1652 321 1694 ex
338 1631 440 1694 eodem
458 1629 642 1691 nominativo.
676 1648 743 1690 nam
767 1630 791 1690 si
813 1630 898 1691 severit
916 1631 962 1692 bie
983 1607 1167 1708 Airdrogeus,
1190 1631 1334 1711 Androgei
1357 1634 1425 1694 lacit

136 1736 281 1817 genetivo,
304 1724 336 1796 ut
355 1733 433 1795 idem
452 1731 593 1810 Vergilius
616 1732 645 1791 in
667 1733 693 1793 ll

298 1834 447 1897 Penelei
471 1834 598 1895 dextra
621 1834 725 1897 divae
752 1837 1020 1916 armipotentis
1042 1835 1082 1896 ad
1105 1854 1202 1896 aram

296 1937 505 2019 procubuit
1441 1954 1464 1999 n

138 2048 230 2103 estet
251 2049 385 2111 nentmm
405 2039 435 2100 in
457 2058 507 2114 os,
529 2039 585 2100 boc
608 2060 656 2116 os,
679 2040 752 2101 baec
771 2060 830 2101 ora.

220 2143 265 2205 Ox
290 2141 441 2205 temrinata
469 2143 629 2233 masculina
657 2141 842 2204 et‘semioina
865 2152 894 2203 ot
916 2144 1079 2204 communia
1108 2143 1253 2219 invenies,
1279 2146 1359 2205 velut
1379 2146 1428 2206 bie

137 2247 216 2308 ferox
243 2246 366 2321 ferocis,
393 2246 467 2306 baec
494 2265 547 2306 vox
577 2243 671 2318 vocis,
694 2245 742 2304 bic
766 2253 795 2305 et
812 2247 885 2307 baec
908 2256 937 2307 et
958 2246 1013 2305 lroc
1036 2246 1117 2306 velox
1139 2246 1254 2309 velocis.
1300 2267 1429 2326 clerorum

137 2348 300 2428 genetivus,
329 2355 362 2409 ut
388 2341 569 2428 pravulietum
590 2354 650 2420 est,
682 2366 735 2427 per
756 2346 799 2409 cis
816 2348 950 2420 ellertur,
973 2347 1113 2409 ablativus
1137 2369 1190 2429 per
1212 2351 1220 2411 i
1243 2351 1273 2411 in
1294 2350 1429 2414 cummu-

138 2451 221 2513 nibus
243 2471 298 2513 seu
316 2449 505 2514 neutralibus.
551 2448 694 2529 excipitur
712 2450 768 2511 boc
790 2449 900 2524 solum,
924 2468 996 2523 nox,
1019 2450 1096 2529 quod
1116 2452 1279 2530 genetivum
1302 2472 1356 2533 per
1372 2455 1428 2516 ctis
1441 2472 1468 2513 oo

139 2553 220 2629 lacit,
242 2554 351 2627 noctis,
367 2549 381 2637 ΙΙ
396 2551 504 2614 idcirco
525 2549 593 2629 quia
616 2551 726 2612 Graece
750 2543 803 2626 νύξ
823 2544 929 2625 νυκτός
952 2551 1121 2613 declinatur.

220 2658 261 2716 Ax
284 2654 434 2717 terminata
451 2651 569 2714 nomina
592 2653 722 2715 invenies
746 2681 765 2716 a

221 2757 334 2817 Fornax
356 2755 493 2817 feminino
516 2774 624 2834 genero
645 2753 702 2815 diei
726 2754 821 2829 debet,
845 2756 921 2834 quod
942 2775 996 2835 per
1014 2757 1241 2819 deminutionem
1264 2759 1428 2836 fornacula,

140 2959 301 3038 genetivum
320 2960 345 3020 si
366 2961 540 3041 productum
565 2959 706 3032 habeant,
735 2958 850 3037 generis
879 2969 948 3021 suot
975 2960 1120 3037 seminini,
1150 2972 1182 3024 ut
1211 2964 1286 3024 lodix
1312 2964 1467 3041 lodieis‚rs

141 3062 219 3124 radix
241 3062 355 3124 radicis.
398 3060 540 3141 Vergilius
563 3079 680 3140 quoque
702 3059 861 3136 consentit,
884 3081 950 3124 curn
969 3061 1010 3124 ait

301 3165 587 3244 vulnificusque
609 3160 764 3242 chalvps
786 3173 890 3225 vasta
909 3166 1060 3227 fornace
1083 3166 1278 3245 liquescit.

140 3269 240 3329 thorax
262 3276 374 3342 autem,
393 3286 460 3328 eum
479 3267 517 3329 sit
537 3267 694 3341 Graecum,
716 3265 763 3326 bis
785 3266 938 3329 admisceri
961 3287 1019 3329 non
1042 3267 1136 3328 debet.

224 3369 359 3432 Ceterum
385 3369 521 3431 feminina
552 3369 648 3431 omnia
676 3367 875 3457 monosyllaba
909 3378 976 3432 suot
1006 3378 1127 3450 excepto
1159 3390 1246 3451 grege
1280 3381 1310 3433 et
1344 3394 1430 3453 rege3

140 3489 263 3549 quorum
288 3471 410 3534 alterum
436 3491 470 3533 ex
493 3471 609 3534 diverso
637 3490 744 3550 genere
772 3480 895 3533 constat.
940 3492 1008 3533 nam
1030 3473 1183 3535 Lucretius
1212 3474 1242 3534 io
1262 3474 1287 3535 ll
1315 3474 1333 3533 b
1343 3495 1469 3538 oce-vo

140 3574 215 3635 rias
243 3563 376 3655 greges
401 3575 540 3638 feminino
568 3594 674 3656 genere
703 3573 782 3637 dixit
827 3575 889 3636 calx
918 3575 1021 3653 igitur,
1048 3575 1107 3636 sive
1123 3595 1178 3655 qvia
1201 3578 1347 3639 calcamus
1370 3577 1430 3638 sivo

140 3694 197 3754 qua
218 3677 418 3751 aedificamus,
444 3676 574 3740 lenrinini
594 3679 710 3758 generis
732 3686 793 3754 est,
817 3686 849 3740 ut
871 3686 900 3739 et
919 3676 1061 3758 Vergilius
1085 3677 1124 3738 ait

140 3854 156 3902 2
191 3851 218 3899 N
233 3856 249 3897 u
267 3856 287 3906 t,
304 3856 313 3896 1
349 3850 510 3915 excipiuntur

209 4014 225 4061 A
246 4025 292 4074 per
309 4011 345 4059 sis
364 4019 391 4059 nt
410 4026 468 4073 osp
486 4026 531 4076 ρει·
543 4048 548 4060 .
562 4013 583 4060 is
595 4047 600 4060 .
613 4024 642 4059 os
661 4009 686 4058 N
770 4012 787 4063 6
806 4010 884 4062 Greca
903 4028 963 4062 uero
982 4013 1004 4061 si
1023 4015 1178 4065 nominatiuo
1190 4050 1196 4062 .
1208 4029 1247 4077 gs.
1267 4015 1434 4064 terminantur

140 4088 167 4131 ut
189 4081 334 4145 arrdrogegs
354 4082 482 4145 genitiuus
507 4083 554 4130 erit
578 4082 720 4145 androgeos
738 4081 807 4146 apud
831 4083 966 4148 uergdium
986 4085 1011 4131 in
1037 4083 1134 4133 loribus
1158 4083 1236 4133 letum
1255 4084 1432 4151 androgeosp

209 4153 224 4201 7
243 4151 290 4199 em‘t
308 4149 451 4215 nudrogeo's
471 4150 558 4200 Nerit
576 4151 712 4215 Androgeo
732 4166 762 4211 ω,
780 4153 947 4217 quodtuetor
964 4151 1109 4204 Semiusta
1131 4155 1209 4219 Verg.
1230 4155 1247 4201 t.
1264 4169 1286 4205 e.
1368 4157 1385 4206 9
1407 4157 1433 4204 in

122 4217 250 4285 'loribusJ
272 4221 351 4285 Verg.
371 4220 436 4274 Aen.
454 4220 490 4269 Vl
508 4221 542 4271 20
623 4221 700 4270 letum
719 4221 861 4288 arrdrogeos
881 4222 907 4271 N
925 4223 1000 4272 letum
1018 4224 1154 4288 Androgeo
1173 4240 1195 4274 ω
1284 4225 1312 4274 ll
1334 4226 1435 4274 Andro-

140 4287 192 4358 gei]
218 4292 295 4355 Verg.
315 4290 381 4351 Aea.
401 4288 493 4342 11392
568 4291 599 4340 11
620 4288 732 4357 Penelei]
751 4293 830 4357 Verg.
849 4293 915 4343 Aen.
938 4294 1027 4346 11125
1108 4293 1139 4344 17
1158 4294 1196 4344 Ox
1214 4319 1249 4330 —
1267 4294 1299 4344 21
1320 4294 1438 4345 declino:

141 4372 181 4411 tur
198 4375 255 4410 exc.
272 4359 336 4410 Bod.
352 4377 383 4424 ρ.
403 4359 447 4410 al.
466 4360 500 4424 cf.
521 4358 620 4412 ctare.
636 4374 663 4422 ρ.
685 4360 716 4410 17
794 4362 877 4412 hicet
895 4363 958 4413 lroee
976 4373 1000 4414 et
1018 4363 1066 4415 hoc
1084 4363 1156 4414 ferox
1175 4365 1200 4414 B
1282 4367 1316 4415 22
1334 4379 1367 4415 nx
1386 4376 1436 4416 ter-

141 4431 238 4481 minato
262 4437 304 4480 out
326 4429 466 4480 masculino
488 4441 546 4480 sunt
568 4437 595 4479 ut
618 4438 675 4479 trax
699 4438 742 4481 out
767 4431 888 4482 feminino
905 4441 932 4482 ut
950 4432 1041 4484 loronx
1064 4444 1106 4482 out
1124 4436 1206 4484 omnis
1224 4435 1327 4499 generis
1346 4445 1372 4484 ul
1391 4451 1438 4485 an-

142 4501 194 4551 dex
209 4515 244 4564 p.-
262 4501 296 4563 ef.
308 4501 406 4552 Cheru.
422 4516 450 4564 ρ.
469 4501 510 4551 15.
528 4500 593 4550 unde
609 4502 722 4550 lacunam
738 4502 845 4552 indicaui
912 4502 947 4555 26
966 4502 1106 4569 Vergilius]
1123 4504 1190 4554 Aeo.
1206 4505 1264 4554 Vlll
1281 4504 1332 4554 4115
1402 4507 1436 4555 27

143 4569 232 4633 enlgbs
248 4570 273 4618 N
353 4570 388 4622 29
405 4585 437 4620 ex
454 4570 587 4620 terminato
605 4571 707 4620 nomino
722 4572 895 4638 monosyllaba
915 4573 1036 4624 feminino
1052 4575 1115 4623 mrss.
1133 4576 1249 4639 exeeptis
1267 4589 1332 4639 grex
1351 4584 1376 4624 et
1391 4590 1438 4625 rex

143 4654 249 4706 gregem
263 4654 363 4704 qnoque
380 4641 461 4699 lucius
478 4639 600 4690 feminino
614 4655 707 4705 gerere
723 4642 788 4691 dixit
801 4657 819 4704 ρ
907 4643 941 4694 30
968 4643 1100 4693 Lucretius
1118 4646 1144 4693 in
1163 4647 1185 4694 ll
1207 4645 1324 4693 bocerias
1341 4660 1437 4710 greges

146 4709 320 4766 daemonnm
336 4713 362 4761 in
383 4713 483 4761 haeret.
500 4726 529 4775 ρ.
548 4708 596 4759 112
613 4711 654 4772 (11
672 4710 742 4772 (1112)
766 4715 829 4761 conl.
852 4711 925 4764 Seru.
949 4717 975 4764 io
998 4715 1076 4778 Verg.
1093 4730 1182 4778 georg.
1201 4715 1236 4763 lll
1256 4715 1307 4764 287
1325 4721 1351 4764 et
1368 4715 1437 4766 Mai.

145 4787 214 4831 auct.
232 4782 308 4833 elasa.
330 4781 387 4848 lllll
401 4797 428 4844 ρ.
447 4781 489 4839 70,
508 4779 608 4829 lucilius
624 4781 649 4829 in
668 4781 691 4830 ll
708 4781 802 4832 (lucere
819 4782 865 4832 bns
878 4798 969 4850 greges
984 4784 1008 4833 N
1026 4783 1139 4834 Lucilius
1157 4786 1182 4834 iu
1200 4785 1311 4835 seeundo
1331 4784 1437 4838 duceret

146 4846 193 4899 hos
212 4865 305 4916 greges
323 4866 344 4899 ω
413 4849 446 4903 32
465 4846 608 4918 Vergilius]
627 4849 692 4901 Aen.
716 4850 822 4904 111714

831 4974 940 5271 ι’...
