3114 5356
588 308 720 370 lNSTl'l'.
745 306 948 370 (1111111111.
972 306 985 366 l
1387 308 1428 373 93

189 425 344 483 pianr.
1233 418 1378 475 aaroni.

308 499 450 559 ferrata
471 494 745 573 calcetatigat,

144 600 196 665 sad
214 608 247 662 et
267 598 399 662 Lucilius
421 598 451 659 in
474 596 554 659 111111
578 596 741 658 masculino
763 614 870 675 genere
891 595 969 656 dixit.
990 593 995 678 Ι

225 702 316 764 llulta
338 719 411 764 sane
433 699 620 760 inveniuntur
642 716 716 775 quae
739 696 816 759 varia
838 698 949 759 ratione
970 698 1123 775 deficiant,
1137 688 1224 779 quae
1245 719 1298 762 suo
1318 719 1430 782 qnoque

150 804 228 867 titulo
253 803 403 886 praedicta
430 810 507 863 sunt.
551 798 606 861 alia
632 800 709 861 enim
732 799 931 879 singularitate
960 806 1076 874 carent,
1103 807 1135 863 ut
1156 808 1220 863 exta
1239 820 1320 865 arma
1338 814 1430 868 castra

129 906 258 968 amoenis
281 905 331 968 ilia
353 904 450 968 scalae
472 922 579 985 scopae
602 902 722 964 cancelli
744 904 870 964 turtures
892 903 1011 984 nuptiae
1033 903 1123 980 treui,
1144 904 1274 983 quamvis
1293 905 1431 986 Vergilius
1533 888 1538 897 ’

152 1007 248 1072 dixerit

311 1108 347 1170 ni
372 1111 519 1171 trenum
540 1109 733 1188 accipere;

155 1213 203 1276 alis
223 1212 406 1295 pluralitate,
430 1219 463 1272 ut
483 1228 586 1290 garum
612 1210 709 1272 oleum
731 1211 830 1271 vinum
850 1211 959 1273 terrum
985 1213 1070 1292 panis
1091 1213 1269 1274 trumentum
1289 1222 1319 1274 et
1339 1223 1434 1276 cetera

156 1335 222 1395 quac
248 1317 285 1378 ad
313 1314 429 1397 pondus
451 1332 604 1375 numerum
630 1330 856 1391 mensuramque
885 1313 1064 1392 rediguntur.
1108 1334 1176 1376 uam
1203 1315 1281 1392 quod
1301 1325 1434 1377 auctores

129 1417 271 1480 edixerim
290 1418 436 1480 linamenta
457 1415 566 1478 hordea
589 1414 691 1488 mella,
713 1433 772 1475 non
794 1433 849 1476 nos
867 1425 990 1478 moreat
1035 1416 1118 1478 abusi
1134 1425 1204 1479 sunt
1223 1417 1300 1479 enim
1320 1418 1436 1481 licentia

156 1521 313 1595 vetustatis,
343 1529 373 1581 et
401 1527 497 1582 tamen
523 1518 595 1580 alios
624 1528 710 1579 casus
740 1502 841 1580 eorum
869 1538 928 1582 nou
953 1517 1147 1601 protulerunt.
1197 1538 1268 1583 sane
1294 1519 1436 1600 Vergilius

157 1624 218 1691 dicit

313 1743 399 1787 vere
420 1720 523 1784 labis
546 1719 660 1798 satio;

157 1830 202 1893 sod
219 1848 275 1891 uec
304 1828 402 1909 ipsum
425 1824 600 1896 admittitur,
622 1823 689 1902 quia
712 1844 767 1886 nee
796 1826 904 1887 lerruru
928 1845 984 1888 noc
1006 1844 1107 1888 ararum
1129 1844 1184 1887 nec
1206 1826 1315 1900 oleum,
1338 1845 1439 1906 quam·

131 1934 193 1996 cris
219 1929 325 1994 diversi
354 1929 486 2007 generis,
515 1923 666 2005 pluraliter
693 1926 847 2007 quisquam
869 1947 959 1989 ausus
982 1935 1028 1989 est
1048 1929 1244 2008 pronuntiare.
1289 1931 1344 1991 alia
1372 1939 1441 1994 sunt

155 2054 240 2115 quae,
269 2032 401 2112 quamvis
428 2027 532 2110 plurali
555 2045 675 2087 numero
700 2048 753 2109 per
776 2048 877 2091 omnes
900 2048 987 2091 casus
1009 2028 1207 2106 declinentur,
1231 2032 1439 2095 nominativum

156 2144 246 2199 umen
274 2132 453 2213 singularem
481 2130 699 2210 vocativumque
727 2150 786 2192 uon
816 2129 956 2205 habeant,
989 2139 1020 2191 ut
1048 2131 1138 2211 dapes
1167 2153 1271 2212 preces
1302 2147 1440 2216 proceres

155 2239 280 2319 pecudes
302 2237 401 2315 fruges
424 2234 524 2295 lauces
545 2232 623 2294 vices
643 2233 733 2295 ceteri
753 2233 883 2314 plerique
906 2232 1034 2297 verbera.
1069 2235 1124 2296 alia
1141 2245 1238 2297 autem
1255 2235 1440 2314 singulariter

154 2341 269 2420 qrridem
289 2356 343 2419 per
365 2355 468 2400 omncs
497 2354 583 2396 casus
605 2335 803 2409 declinantur,
832 2335 883 2396 sed
905 2333 1055 2415 pluraliter
1080 2339 1256 2400 nonuuativo
1279 2345 1390 2399 tantam
1412 2345 1438 2396 et

124 2443 317 2506 saccusatiro
346 2448 376 2502 et
395 2436 542 2511 vocativo,
570 2444 603 2499 ut
628 2438 717 2499 maria
746 2457 812 2499 rura
841 2455 907 2498 aera
934 2437 1016 2516 iauu3
1040 2440 1171 2518 quamvis
1195 2442 1266 2502 Cato
1288 2437 1441 2517 Originum

153 2545 200 2607 111
227 2539 360 2623 genetivo
389 2558 459 2602 casu
487 2538 590 2601 tlixerit
617 2539 755 2601 ‘iurum
781 2539 975 2618 legumque
1003 2542 1202 2618 cultores’,
1232 2549 1261 2603 et
1289 2541 1441 2604 Lucretius

153 2646 281 2708 secundo

646 2744 846 2827 pulsabant
867 2744 1017 2810 aeribus
1045 2767 1138 2810 aera.
1154 2744 1169 2831 ΙΙ

153 2851 208 2913 alia
228 2846 438 2911 nominativum
460 2855 490 2908 et
510 2845 666 2908 ablativum
683 2846 800 2922 babent,
822 2856 855 2909 ut
875 2848 958 2912 tabes
976 2849 1069 2930 pluris
1093 2850 1197 2928 sireps.
1234 2848 1344 2912 laciunt
1364 2849 1443 2911 enim

121 2954 191 3014 nab
218 2953 272 3015 bac
300 2951 368 3012 tabe
394 2949 477 3029 plure
503 2949 634 3010 siremse.
679 2947 771 3009 Cinna
796 2956 893 3011 autem
922 2950 952 3010 in
978 2951 1100 3030 qurna
1129 2951 1217 3014 buius
1245 2952 1344 3014 tabis
1372 2951 1442 3013 dixit

154 3054 233 3117 nullo
255 3061 385 3116 auctore.
430 3051 484 3112 alia
509 3051 595 3113 unius
621 3058 731 3111 tautum
757 3070 842 3113 casus
872 3060 955 3125 suut,
979 3062 1011 3115 ut
1028 3053 1106 3116 baud
1126 3074 1227 3129 seem,
1255 3055 1388 3130 adfatim,
1408 3056 1444 3116 ad

154 3157 272 3230 incitas,
305 3154 428 3228 infitias,
458 3153 624 3234 suppetiae,
651 3172 787 3232 pessum,
816 3162 936 3234 sponte,
964 3155 1037 3216 diois
1064 3174 1149 3234 orgo,
1179 3175 1319 3236 nequam,
1352 3158 1443 3232 nibili,

154 3259 238 3338 lnrgi.
283 3257 470 3318 derivationis
499 3275 566 3318 vero
592 3263 670 3316 tanta
696 3263 741 3317 est
762 3254 952 3334 inaequalitas
979 3263 1011 3318 ut
1035 3258 1233 3337 conprehendi
1255 3279 1314 3321 uon
1340 3259 1442 3340 possit.

154 3381 221 3423 nam
239 3379 307 3422 cum
326 3356 365 3420 sit
384 3359 526 3439 Agrippa,
548 3357 700 3418 mulierem
723 3358 910 3440 Agrippinam
933 3358 1073 3431 dicimus,
1104 3359 1233 3421 tbermas
1255 3379 1322 3422 vero
1341 3361 1444 3441 llgrip-

121 3465 297 3545 sipinianas.
349 3439 418 3522 item
445 3461 576 3536 comsit
597 3459 673 3520 Nero
696 3468 727 3521 ut
748 3460 808 3536 leo,
831 3461 922 3541 pelles
941 3461 1090 3533 leoninas,
1115 3461 1244 3522 thermas
1265 3462 1445 3523 Neronianas

156 3566 294 3627 dicimus.
340 3564 409 3624 item
432 3580 500 3623 cum
516 3561 577 3621 sint
603 3559 688 3621 Titus
717 3568 746 3621 et
768 3560 860 3642 lupos
881 3562 1014 3639 similia,
1040 3562 1174 3623 racemos
1198 3562 1309 3625 'litiuas
1333 3573 1365 3626 ut
1383 3565 1445 3644 pel·
1483 3590 1490 3605 =

222 3822 360 3873 2lucilin
376 3792 449 3874 xlltt
467 3819 492 3868 N
519 3818 630 3867 Lucilius
648 3816 741 3868 XLllll
758 3835 792 3882 ω,
822 3822 886 3871 unde
906 3822 1036 3885 profectas
1059 3822 1088 3870 F.
1107 3819 1195 3870 Denso
1217 3821 1297 3873 Lucil,
1321 3827 1371 3871 sat.
1397 3824 1444 3871 rel.

154 3894 241 3957 praef.
259 3909 287 3955 p.
304 3893 340 3944 aa
358 3902 383 3942 et
398 3888 494 3940 xxrur
512 3890 529 3938 4
546 3902 574 3951 p.
597 3887 645 3939 132
663 3890 767 3939 coniecit
783 3888 897 3941 Lucilius
915 3890 1010 3941 xxlttt
1096 3889 1112 3940 3
1137 3889 1265 3940 delllciant
1284 3891 1323 3940 oet
1340 3899 1401 3939 -unt
1420 3891 1445 3938 N

157 3964 272 4013 deliciunt
290 3977 311 4010 ω
381 3974 427 4010 suo
445 3973 545 4022 quoque
564 3954 647 4021 titulo]
667 3959 701 4019 cs.
722 3958 820 4014 Gbaaa'a.
839 3977 866 4025 p.
888 3961 919 4011 ltt
989 3964 1004 4011 7
1023 3962 1048 4010 ni
1068 3961 1165 4011 irenem
1185 3961 1257 4010 lreuir
1274 3961 1389 4025 occipere
1407 3961 1444 4010 N:
1445 3968 1464 4045 Ι,ζ

160 4034 235 4098 Verp.
256 4032 322 4082 Aen.
342 4029 458 4081 1111568
529 4027 560 4078 13
577 4024 647 4091 vere]
673 4027 752 4093 Verg.
766 4046 855 4096 georg.
875 4032 955 4082 1215
1024 4030 1091 4080 lauis
1109 4032 1135 4080 N
1203 4029 1234 4079 li
1254 4044 1302 4080 non
1322 4029 1464 4092 habeutpl

224 4102 258 4153 18
284 4102 386 4152 alia-
404 4099 438 4151 23
456 4113 516 4148 ocra
538 4097 637 4147 Gloria.
661 4112 688 4160 p.
713 4098 757 4152 tit.
778 4101 827 4151 109
914 4100 946 4151 21
972 4099 1119 4165 Lucretius]
1143 4100 1165 4150 ll
1188 4100 1239 4153 037
1323 4100 1357 4152 23
1380 4100 1445 4153 acri·

156 4174 201 4223 bus
217 4172 242 4221 N
329 4172 363 4221 24
381 4169 431 4218 alin
448 4195 482 4204 —
500 4167 534 4217 cd
549 4175 651 4216 anctore
668 4165 766 4218 Charis.
782 4184 809 4232 p.
829 4170 886 4221 tlu.
904 4168 954 4220 118
1042 4170 1122 4235 pluris
1139 4196 1172 4207 —
1188 4166 1272 4236 pluro]
1291 4169 1392 4235 pluries
1410 4196 1445 4207 -

156 4245 243 4309 pluvie
259 4242 367 4292 coniecit
382 4238 530 4291 neocaesar
544 4253 604 4289 mna.
618 4236 700 4287 ltttea.
718 4242 810 4291 novior.
827 4241 886 4291 Vlll
901 4256 928 4303 p.
948 4238 998 4289 302
1074 4241 1182 4306 siremps
1198 4240 1329 4289 Fabricius
1406 4239 1443 4288 la-

157 4316 189 4362 cit
205 4314 238 4363 ab
258 4312 320 4378 (om.
338 4309 419 4373 enim)
438 4309 464 4357 N
549 4308 583 4358 25
600 4308 724 4371 sirempse
743 4309 874 4360 Fabi-ictus
921 4375 935 4416 d
953 4309 988 4359 ab
1002 4315 1180 4414 portdauctore
1198 4309 1330 4359 Fabricius
1346 4309 1447 4359 addidit

156 4431 224 4497 baec,
243 4431 376 4497 Sirempse
394 4428 487 4496 legitur
504 4428 530 4476 in
548 4427 621 4477 libris
640 4426 743 4479 Catonis
829 4438 856 4479 ut
872 4429 934 4480 baut
951 4445 1026 4481 secus
1043 4430 1140 4480 atlatim
1157 4428 1184 4476 N
1199 4437 1227 4476 ut
1244 4427 1313 4478 laaud
1327 4444 1401 4479 secus
1415 4445 1445 4479 ac

156 4505 218 4553 iussi
236 4502 342 4559 iaciunt,
364 4499 469 4550 adfatim
489 4514 510 4546 ω
579 4495 745 4562 capessam]
766 4498 859 4563 pedum
877 4500 918 4564 Np
988 4496 1062 4549 nihili
1077 4517 1098 4549 ω
1114 4497 1177 4547 nibil
1199 4498 1226 4547 N
1291 4498 1326 4550 21)
1342 4498 1445 4549 Termes

158 4588 216 4623 nero
233 4572 412 4639 agrippininas
427 4569 488 4619 item
508 4582 565 4617 cnm
584 4569 617 4616 sit
639 4581 698 4616 nero
723 4576 749 4615 ut
773 4570 841 4633 pina.
872 4570 953 4635 pelles
979 4570 1091 4621 leoninas
1113 4578 1205 4618 termas
1226 4582 1287 4617 uero
1311 4569 1446 4619 nerduinus

158 4643 325 4710 appellamus.
363 4641 423 4689 ltem
447 4653 503 4744 carp
527 4638 578 4686 sint
600 4636 689 4686 titulus
713 4644 736 4685 et
763 4637 838 4702 lupus
861 4641 956 4689 similis
982 4648 1074 4689 termas
1098 4639 1206 4687 dicimus
1226 4638 1354 4688 titirrinuas
1372 4638 1446 4704 pellis

474 4715 487 4743 u

159 4761 256 4829 lupinos
270 4778 288 4826 p
327 4800 336 4809 .
365 4759 399 4810 30
415 4774 475 4809 nero
494 4757 533 4807 leo
552 4756 577 4805 N
651 4749 918 4810 neronianasiiiii'nii
936 4768 961 4809 ut
980 4757 1060 4823 pelles
1076 4755 1135 4823 (aas.
1150 4757 1308 4808 dleimns-
1324 4757 1445 4822 thermas,

159 4848 219 4896 quoe
236 4849 273 4882 er
287 4847 306 4894 p
324 4829 425 4892 addida)
444 4829 470 4877 N
