3114 5356
425 340 428 347 ’
518 324 601 386 tlll'l'.
625 323 765 385 emim.
787 322 860 385 titt.
881 322 909 384 ll
1300 322 1360 382 471

1170 437 1311 478 ,maan

57 519 106 572 est
134 509 223 585 illud,
252 511 425 586 ‘quorum
455 508 576 586 igitur
603 509 813 589 inpunitas,
843 510 998 580 Caesar,
1028 517 1114 569 tuae
1142 449 1365 597 cplementiae

40 613 147 673 'laus
176 620 248 685 est,
276 617 465 670 corum-te
488 610 532 670 ad
559 611 834 674 crudelitatem
860 610 962 670 acuit
988 610 1139 671 oratio’.
1185 607 1289 668 sedet
1313 608 1362 668 illa

59 713 150 774 verba
176 730 251 791 quae
273 711 402 790 quinque
426 710 544 790 syllabis
571 719 706 773 coustant
733 713 884 774 fluxionem
908 718 1085 772 structuram
1107 709 1234 783 faciunt,
1264 727 1365 789 reprc-

59 813 200 876 bendetis
222 812 402 874 arbitremini
426 812 610 897 inveniretis3
633 832 668 873 eo
686 814 796 892 magis,
816 814 840 874 si
863 833 913 874 sex
936 810 1062 890 syllabas
1084 811 1227 885 babeant,
1249 809 1366 886 excogi-

33 913 166 978 staretis
187 913 400 975 arbitraremini
422 913 674 993 interrogavenrnt
693 912 931 976 desideraverunt
949 920 979 972 ct
1000 912 1114 973 similia.

148 1016 229 1077 llaec
249 1034 265 1076 a
287 1012 373 1074 nobis
393 1032 452 1074 non
473 1014 583 1076 idcirco
601 1023 724 1077 tractata
739 1022 822 1087 sunt,
841 1023 874 1075 ut
890 1013 1015 1074 oratoris
1032 1012 1149 1093 plenam
1168 1014 1365 1092 fluentemque

60 1116 156 1177 libero
180 1116 290 1196 impetu
314 1114 482 1176 facultatem
504 1117 550 1179 bis
574 1136 691 1197 semper
711 1114 835 1177 vinculis
864 1116 1059 1194 alligaremus.
1104 1106 1173 1176 nani
1201 1115 1366 1196 conpositio

60 1216 220 1278 verborum
246 1235 306 1278 non
327 1235 362 1277 ex
383 1215 482 1277 labore
505 1219 590 1279 anxio
612 1217 709 1278 veniat
731 1217 783 1277 sed
806 1236 861 1279 usu
888 1226 974 1295 atque
997 1213 1365 1296 exercitationeperpetua
1417 1242 1418 1245 ¹

61 1321 136 1380 fluat
159 1319 312 1397 magisque
333 1317 370 1376 de
399 1336 432 1377 ea
456 1317 575 1380 auribus
601 1318 762 1391 iudicetur,
794 1324 868 1395 quae
896 1317 975 1377 velut
1003 1317 1129 1378 arbitrae
1154 1315 1366 1397 conpositionis

23 1441 47 1480 ro
61 1441 132 1482 esse
154 1420 278 1494 debent,
300 1426 332 1479 ut
357 1419 426 1497 quid
445 1427 606 1496 structum,
626 1419 696 1498 quid
719 1418 876 1491 diffusum,
897 1417 966 1495 quid
988 1417 1111 1496 gracile,
1134 1417 1204 1497 quid
1221 1418 1367 1490 ubertum,

61 1521 136 1601 quid
159 1521 280 1594 durum,
310 1520 379 1598 quid
402 1521 571 1582 feminatum
594 1520 633 1581 sit
653 1518 818 1580 aestiment.
864 1516 1038 1596 plerumque
1060 1518 1146 1578 etiam
1166 1518 1273 1580 niniae
1296 1519 1369 1579 artis

61 1621 166 1703 opinio
188 1619 325 1698 fugienda
350 1628 446 1682 estet
473 1621 686 1702 interponenda
709 1619 882 1699 simplicitas
904 1619 986 1680 rudis
1009 1614 1283 1702 atquelfinperitae
1308 1621 1370 1681 dic-

61 1724 173 1796 tionis,
198 1741 258 1782 non
278 1728 399 1801 propter
420 1720 477 1782 boc
499 1722 611 1796 solum,
635 1724 713 1801 quod
734 1722 764 1782 in
788 1721 924 1782 omnibus
946 1719 1036 1781 rebus
1054 1721 1175 1782 nimium
1191 1722 1369 1784 lenocinium

62 1825 134 1886 odio
153 1823 273 1901 dignum
298 1829 358 1896 est,
392 1822 444 1882 sed
469 1823 547 1900 quod
570 1823 744 1903 plerumque
766 1821 888 1882 acribus
908 1823 1045 1884 sensibus
1066 1823 1115 1883 vis
1135 1823 1229 1884 maior
1250 1830 1309 1898 cst,
1344 1823 1368 1884 si

19 1947 46 1987 aa
62 1924 240 1986 naturaliter
266 1924 461 2003 proferantur.
507 1924 564 1985 nisi
592 1925 667 1984 forte
696 1924 810 1984 bians
837 1923 949 1984 Tullius
980 1924 1010 1983 in
1037 1931 1183 1984 structura
1218 1922 1367 1999 olefecerit,

65 2045 138 2087 cum
162 2025 199 2085 dc
220 2025 313 2105 Appia
335 2023 379 2084 via
400 2032 430 2085 et
451 2024 545 2087 Clodii
567 2024 661 2085 caede
678 2019 862 2104 loqueretur,
890 2026 1001 2101 ‘quae
1032 2032 1233 2085 cruentata
1259 2033 1367 2085 antea

63 2127 185 2188 caedo
213 2124 370 2186 honesti
397 2134 510 2205 atque
533 2125 753 2187 innocentis
780 2125 851 2185 viri
881 2124 1085 2199 silebatur,
1115 2126 1241 2187 eadem
1270 2145 1368 2186 nunc

62 2225 201 2288 crebro
238 2233 464 2304 usurpatur,
494 2235 736 2306 posteaquam
773 2227 936 2288 latronis
966 2234 1003 2287 et
1032 2226 1246 2306 parricidae
1284 2247 1370 2287 san·

62 2327 178 2406 guine
204 2325 339 2386 inbuta
363 2329 454 2403 est';
476 2328 584 2389 ibidem
606 2329 779 2390 ‘dederas
809 2327 922 2388 enim'
944 2327 1037 2405 inquit
1057 2330 1179 2407 ‘quam
1202 2335 1370 2388 contem-

18 2443 184 2487 aoneres
215 2425 422 2505 populares
453 2429 622 2491 insanias
661 2431 703 2492 ab
741 2428 1002 2491 adulescentia
1035 2431 1259 2491 documenta
1296 2448 1369 2489 ma-

61 2523 192 2588 xima’.
239 2544 344 2606 nempe
374 2529 451 2588 enim
480 2532 661 2609 ‘parricidae
688 2533 830 2612 sauguine
857 2532 1024 2600 cruentata’
1056 2529 1161 2592 melius
1192 2529 1368 2600 struebatur,

64 2632 96 2688 ct
116 2627 261 2688 ‘maxima
281 2626 473 2690 documenta’
498 2631 603 2692 melius
624 2633 725 2706 {sonat
770 2634 823 2695 sed
844 2641 944 2694 orator
964 2631 1123 2693 acerrimus
1144 2632 1201 2692 dm
1225 2650 1259 2691 ac
1280 2631 1370 2691 virtri-

63 2740 126 2792 tem
152 2728 291 2807 loquendi
313 2736 432 2792 secutus
452 2735 630 2814 contempsit
651 2742 787 2798 ornatum
809 2735 947 2813 deditque
965 2734 1085 2795 mnibus
1100 2752 1116 2793 a
1133 2734 1272 2794 continuo
1291 2732 1369 2793 cultu

63 2832 154 2910 quasi
177 2830 341 2909 respirandi
364 2833 499 2912 spatium.
536 2843 565 2895 et
587 2855 641 2916 pro
663 2837 779 2917 ligario
802 2837 864 2898 ‘ad
887 2855 927 2897 ea
954 2853 1053 2896 arma
1078 2836 1273 2913 profectus
1294 2852 1370 2893 sum

21 2951 166 3012 asquao
198 2941 308 2993 erant
340 2943 520 3014 suscepta
551 2948 683 2998 contra
716 2943 784 3013 te';
808 2937 915 2999 ibidem
947 2937 1055 3016 ‘quid
1087 2944 1206 2998 autem
1240 2942 1370 2995 contra

64 3034 174 3096 aliud
197 3034 360 3112 egimus,
388 3035 552 3112 Tubero,
581 3038 656 3100 nisi
685 3047 721 3100 ut
750 3039 818 3099 hoc
841 3038 936 3116 quud
959 3039 1019 3099 hic
1040 3045 1171 3116 potest
1195 3055 1263 3097 nos
1284 3055 1372 3115 pos-

65 3133 236 3197 semus‘l'
280 3134 353 3196 baec
376 3137 472 3198 omnia
494 3157 553 3198 non
574 3138 704 3218 plraleris
726 3140 779 3201 sed
804 3139 912 3200 viribus
937 3146 1047 3200 structa
1075 3146 1158 3213 sunt,
1187 3156 1242 3198 nec
1262 3135 1319 3198 ulla
1340 3156 1372 3197 re

65 3239 174 3299 Cicero
196 3236 352 3314 gloriosior
370 3246 416 3298 est
434 3252 520 3317 quam
542 3239 621 3317 quod
638 3239 675 3299 ad
700 3240 939 3302 summam-artis
964 3239 1049 3300 istius
1068 3237 1184 3298 laudem
1207 3238 1280 3298 mira
1301 3238 1372 3296 artis

65 3338 303 3400 dissimulatione
322 3339 462 3418 peruenit.

23 3525 52 3565 ao
441 3486 508 3574 [DE
531 3491 738 3562 QVdLlTATE
763 3489 1001 3552 srttvcrvtum

157 3597 330 3657 Structurae
362 3594 515 3672 qualitates
542 3597 629 3657 variis
653 3595 801 3658 vocabulis
830 3595 994 3655 traduntur.
1039 3593 1224 3654 statuendum
1254 3609 1371 3669 quoque

67 3707 115 3759 est
139 3712 366 3776 quoquumque
389 3714 488 3756 earum
512 3698 632 3758 nomine
655 3696 845 3777 appellemus.
891 3693 916 3755 si
941 3695 1137 3775 paenultimus
1166 3693 1253 3754 fuerit
1280 3693 1371 3772 pyrri·

66 3801 173 3872 chius,
197 3795 309 3876 optime
330 3796 461 3857 succedit
481 3817 575 3876 paeon
594 3799 722 3878 primus,
749 3798 851 3859 eterit
873 3805 1018 3861 structura
1040 3796 1189 3874 quadrata.
1234 3792 1260 3854 si
1281 3812 1370 3872 paen-

142 3985 154 4034 1
177 3978 298 4046 quorum]
320 3982 370 4031 Cic.
387 3999 438 4045 pro
456 3985 513 4048 hig.
533 3986 558 4044 4,
579 3984 610 4033 10
690 3989 706 4036 4
726 4002 782 4036 eum
801 3986 886 4051 magis
902 3985 986 4035 ABM
1003 3993 1027 4033 ct
1044 3983 1162 4047 maging
1241 3980 1368 4045 'lullega-

67 4069 157 4104 remus
176 4053 201 4100 A
221 4051 390 4115 allegaremus
408 4052 433 4100 B
510 4053 541 4101 to
560 4062 681 4102 structum
697 4055 724 4104 B
741 4055 854 4104 strictum
873 4054 934 4103 AM
1005 4055 1124 4103 diffusum
1143 4051 1203 4101 BM
1218 4051 1326 4099 effusum
1346 4047 1369 4095 Α

142 4122 176 4171 14
193 4122 234 4169 vis
255 4137 301 4170 om.
322 4118 406 4168 ΑΒΜ
480 4122 507 4170 lb
528 4122 672 4186 proferatur
690 4123 776 4174 ΑΒΜ
856 4122 975 4172 defecerit
994 4137 1011 4178 ς
1027 4123 1154 4171 defecerat
1171 4119 1257 4169 ΑΒΜ
1340 4115 1370 4165 16

66 4189 146 4257 quae]
168 4191 222 4240 cte.
239 4206 289 4253 pro
309 4188 365 4238 Mil¹
383 4189 407 4247 7,
429 4189 460 4239 18
548 4200 678 4241 cruentata
696 4203 754 4242 aute
772 4192 864 4240 accede
883 4192 908 4238 A
932 4201 1151 4241 cruentatoamae
1169 4188 1245 4238 caede
1263 4189 1289 4237 B
1313 4200 1369 4234 cru-

66 4272 128 4310 outu
149 4268 237 4308 tantae
255 4258 348 4306 accede
367 4257 400 4304 M
468 4258 500 4308 17
519 4259 602 4321 adque
619 4258 644 4306 A
725 4261 757 4311 18
775 4262 886 4310 latrones
905 4261 956 4310 AB
974 4261 1069 4309 latrone
1090 4258 1121 4307 M
1199 4255 1232 4306 19
1249 4249 1369 4315 dederas]

66 4333 121 4381 Cic.
140 4345 194 4393 pro
213 4327 273 4377 Mil.
293 4325 318 4386 8,
336 4326 369 4375 22
449 4327 538 4389 inquid
557 4327 608 4376 AB
686 4331 826 4380 enittemnis
845 4330 879 4379 M
894 4330 1041 4390 comtcmuis
1060 4329 1083 4376 A
1100 4325 1258 4389 contempnis
1275 4324 1301 4373 B

64 4400 102 4449 20
120 4399 241 4447 insanias
260 4395 291 4443 ab
310 4395 335 4444 Β
357 4396 455 4443 insania
473 4395 519 4444 sub
539 4395 599 4443 AM
619 4398 725 4448 iusidias
748 4401 779 4448 ab
804 4412 820 4452 ς
906 4398 1071 4448 aduliscentiae
1090 4396 1122 4444 Μ
1204 4393 1238 4441 22
1255 4407 1284 4441 uc
1302 4407 1320 4447 ς
1337 4389 1369 4436 od

66 4466 158 4518 ΑΒΜ
228 4463 262 4515 23
281 4473 385 4525 sequtus
403 4463 427 4511 A
446 4475 569 4526 sequutus
586 4462 618 4510 M
685 4469 719 4517 24
737 4464 974 4533 proLigurio]3,fl
1042 4466 1076 4514 ⁶25
1093 4462 1225 4513 ididemA
1242 4458 1372 4510 itidemM

66 4541 128 4586 item
149 4535 184 4584 B.
206 4534 259 4583 Cic.
275 4549 326 4596 pro
345 4534 402 4595 hig.
422 4533 447 4590 4,
469 4532 500 4583 lli
569 4532 603 4581 26
621 4541 647 4581 tu
667 4551 727 4585 uero
743 4536 835 4595 ΑΒΜ,
854 4550 937 4590 om.;
1017 4549 1063 4582 rios
1081 4546 1217 4598 possumus
1236 4531 1259 4578 A
1336 4527 1370 4577 29

64 4605 189 4671 peruenit
212 4615 345 4651 rettcrrnn
370 4614 485 4650 sxrnrctr
507 4602 553 4650 sis
577 4615 701 4654 ntonnnts
726 4618 885 4655 cnannarrcr
911 4619 943 4652 ns
967 4617 1107 4657 coniurare
1132 4613 1291 4650 sraucrnnss
1312 4598 1369 4646 ruffe

65 4676 118 4724 cti.
138 4687 259 4722 neurius.
281 4668 425 4718 Structurae
443 4670 469 4718 B
497 4669 612 4735 peruenit
634 4672 740 4722 feliciter
765 4674 855 4722 exenia
879 4671 925 4720 aris
952 4686 1071 4720 nronuors
1096 4670 1256 4719 celsanicas
1277 4682 1369 4717 ruerem

64 4760 102 4794 ns
120 4754 268 4799 nostraene
287 4751 431 4786 srnuoruns
451 4740 497 4787 uiri.
519 4740 560 4786 lll.
581 4735 725 4791 structurae
742 4743 767 4791 A
789 4740 913 4807 peruenit.
937 4741 1026 4789 exenio
1045 4740 1084 4789 tri
1100 4737 1198 4788 secund
1219 4751 1311 4787 increta
1332 4731 1371 4784 utri

64 4827 186 4863 rsnrrcs.
209 4807 357 4858 structurae
376 4804 409 4854 M
476 4804 510 4854 at
528 4819 654 4870 quemque
672 4810 724 4860 AB
738 4822 890 4872 unaquaque
909 4805 941 4854 M
