3114 5356
523 333 655 397 msun
678 303 788 399 ouen.
810 334 932 400 amu
1067 373 1074 385 ·
1309 336 1368 397 rao

135 475 144 489 .
160 448 197 491 ua
209 469 235 478 -
249 444 277 491 eo
289 445 313 489 r.
1215 478 1221 492 .
1290 449 1315 492 c.

118 461 134 503 p
154 517 379 599 Participiorum
399 519 455 581 alia
479 520 516 581 ad
535 522 723 602 praeteritum
741 532 858 605 tempus
879 524 1062 597 referuntur,
1085 531 1117 584 ut
1136 449 1372 605 limalolsaserip·

67 630 136 696 tus,
166 619 224 681 alia
246 619 284 681 ad
304 620 434 696 instans,
468 631 502 683 ut
523 623 627 686 limans
649 625 797 701 scribom,
832 625 887 686 alia
916 625 953 686 ad
982 626 1127 700 futurum,
1161 634 1195 686 ut
1218 624 1370 687 limaturus

69 723 248 804 scripturus.
292 724 441 802 praeteriti
462 726 604 805 temporis
632 727 775 805 quaedam
801 733 871 787 suut
894 727 985 789 activa
1013 736 1124 790 tantum
1151 726 1253 801 modo,
1282 744 1372 805 quae·

69 825 140 886 dam
164 822 297 904 passiva,
334 825 489 904 quaedam
511 832 641 887 oeuba:
675 827 768 888 activa
794 825 920 889 luctatus
944 837 1078 905 secutus,
1111 829 1225 912 passiva
1254 828 1372 907 fugatus

42 926 205 1001 sublatus,
227 933 332 987 neutm
353 936 440 989 natus
462 938 553 990 ortus.
598 946 693 1007 noque
715 928 793 989 euim
815 935 848 989 ut
871 928 950 991 ducit
968 930 1050 1010 fugat
1071 931 1140 992 facit
1161 930 1265 992 ductus
1288 931 1372 1009 fuga·

70 1036 174 1106 gatus,
205 1026 328 1089 eandem
352 1029 439 1090 etiam
461 1030 491 1090 in
512 1037 599 1091 natus
625 1039 655 1091 et
675 1037 758 1091 ortus
779 1030 902 1091 formam
920 1032 1076 1095 verborum
1097 1051 1255 1114 possumus
1276 1032 1372 1112 expri-

70 1147 163 1190 mere.
210 1136 279 1190 suut
301 1128 356 1189 alia
379 1138 439 1192 tam
461 1132 554 1193 dedra
578 1096 818 1212 quam⁰passiva,
848 1132 968 1197 vadatus
988 1136 1174 1198 criminatus:
1210 1135 1371 1197 tamenim

72 1231 171 1310 egisse
196 1229 266 1308 quid
288 1247 376 1308 quam
402 1251 522 1312 passum
550 1251 617 1294 esse
641 1234 815 1313 significant
861 1235 958 1316 itaque
980 1236 1099 1298 instanti
1120 1238 1277 1314 futuroque
1297 1236 1372 1296 fiunt

72 1332 181 1405 activa,
211 1339 245 1392 ut
265 1328 393 1414 mildens
415 1334 588 1408 criminans,
611 1335 768 1399 vadaturus
790 1337 1006 1401 criminaturus.
1050 1339 1202 1419 participia
1225 1355 1371 1416 quaeum
1455 1371 1460 1379 ·

37 1441 182 1496 »exeunt
211 1434 285 1494 liunt
310 1433 397 1495 etiam
425 1436 512 1498 rerba
539 1436 694 1512 infinitiva,
731 1446 763 1500 ut
792 1439 945 1520 scripturn.
961 1440 1078 1529 lectum.
1123 1448 1192 1503 sunt
1221 1438 1373 1519 participia

74 1553 202 1615 quomm
230 1534 387 1598 declinatio
415 1537 445 1598 in
473 1540 662 1618 praeteritum
686 1559 747 1603 non
774 1540 861 1602 veuit.
905 1542 1011 1623 partim
1039 1543 1118 1604 enim
1145 1541 1237 1604 activa
1265 1541 1371 1622 partim

74 1646 179 1700 umtra
200 1645 286 1712 sunt,
320 1646 348 1699 et
373 1638 490 1718 quidem
512 1642 604 1703 activa
623 1661 657 1704 ea
675 1643 782 1722 quibus
804 1645 949 1706 contraria
972 1663 1032 1706 non
1053 1651 1182 1721 exstant,
1216 1652 1249 1706 ut
1270 1644 1373 1705 umbu-

73 1740 141 1802 lans
162 1758 301 1815 currens,
329 1749 448 1814 neuma,
477 1749 509 1803 ut
529 1742 631 1805 ridens
659 1743 815 1805 dormiens.
860 1747 1012 1827 participia
1040 1746 1182 1826 quaedam
1208 1746 1301 1807 activa
1327 1744 1372 1805 vel

73 1842 193 1922 passiva
217 1851 301 1917 sunt,
324 1850 356 1903 ut
380 1860 482 1904 amaus
503 1843 758 1919 amatus,-dolens
780 1846 890 1908 dicens.
935 1848 1086 1929 participia
1105 1847 1254 1929 praeteriti
1276 1856 1306 1907 et
1327 1846 1373 1907 fu·

39 1963 64 2006 u
76 1942 144 2006 turri·
158 1943 301 2024 temporis
320 1962 427 2023 genera
448 1945 627 2026 distingunt,
654 1945 821 2026 praeteriti
843 1954 874 2007 ut
894 1947 998 2010 doetus
1019 1950 1107 2011 docta
1125 1950 1258 2022 doctum,
1282 1947 1371 2008 futuri

73 2053 109 2107 et
126 2045 271 2108 docturus
294 2044 416 2107 doctura
435 2046 606 2125 docturum,
628 2047 792 2128 praesentis
815 2048 1013 2125 confundunt,
1043 2060 1074 2137 ut
1094 2050 1214 2112 docens.
1257 2049 1305 2110 his
1327 2056 1372 2109 ta·

74 2166 146 2209 men
172 2167 267 2229 pauca
294 2149 478 2231 discrepant,
509 2169 585 2230 quae
611 2169 671 2211 non
690 2150 793 2210 Latine
822 2150 873 2210 sed
903 2150 1115 2213 cousuetudine
1135 2150 1372 2232 pronuntiantur,

74 2258 109 2310 ut
130 2249 320 2330 pudibundus
340 2251 535 2326 ludibundus,
564 2270 688 2331 quorum
708 2259 737 2312 et
759 2251 895 2312 feminina
922 2251 1032 2313 babent
1052 2269 1134 2313 suam
1160 2254 1283 2313 fonnem
1305 2270 1372 2313 cum

74 2350 268 2415 acuentibus
312 2372 380 2416 uam
406 2362 435 2416 et
459 2352 628 2435 pudibunda
651 2351 809 2414 ludibunda
838 2362 875 2439 ιικ
889 2351 1091 2433 pudibundum
1115 2352 1306 2414 ludibundum
1329 2352 1374 2413 di-

33 2470 63 2510 ae
76 2455 183 2516 eirnus.
227 2456 378 2537 participia
399 2473 516 2535 semper
534 2452 724 2535 generaliter,
750 2472 810 2516 nou
838 2454 1003 2534 specialiter
1026 2455 1168 2518 feruntur.
1213 2472 1373 2533 numquam

75 2557 157 2617 enim
180 2564 290 2618 cutam
312 2575 468 2638 personam
490 2565 607 2630 uotam,
635 2564 667 2617 ut
686 2555 790 2635 pulsus
811 2556 959 2637 pulsurus.
1003 2558 1155 2638 partieipia
1182 2555 1258 2619 sicut
1286 2557 1372 2617 uerba

74 2658 224 2720 interdum
237 2659 353 2734 semel,
382 2658 669 2749 interdumsaepius
689 2676 776 2737 agere
796 2656 866 2737 quid
888 2659 1068 2737 significant,
1094 2668 1123 2721 et
1151 2657 1267 2738 quidem
1289 2676 1374 2738 prae-

75 2760 156 2822 teriti
177 2761 319 2841 temporis
340 2760 502 2838 lectitatus,
537 2760 701 2841 praesentis
721 2761 872 2837 lectitans,
904 2762 993 2823 futuri
1019 2761 1210 2823 lectitaturus.
1255 2778 1311 2821 uec
1330 2768 1374 2821 ta·

74 2881 148 2924 meu
176 2864 273 2924 omnia
301 2863 331 2924 in
364 2864 485 2925 eandem
515 2866 640 2926 fonnem
672 2862 796 2939 eadunt,
826 2865 903 2925 sicut
932 2864 1090 2925 criminans
1118 2862 1228 2925 rubens
1256 2862 1373 2924 cadens.

31 2964 225 3045 squaedam
246 2965 398 3046 participia
420 2974 490 3028 sunt
507 2963 665 3046 inceptiva,
689 2973 720 3025 ut
742 2965 893 3028 calescens
914 2973 1085 3047 tepescens,
1103 2982 1120 3025 a
1142 2964 1249 3044 quibus
1270 2972 1375 3025 neutra

75 3074 241 3129 nescumur
261 3066 342 3128 linita
363 3087 423 3129 nou
445 3067 598 3142 babentia,
619 3079 652 3129 ut
672 3067 782 3130 rubens
804 3067 919 3142 calens
940 3086 996 3130 nec
1016 3076 1114 3128 tamen
1135 3067 1165 3127 in
1186 3066 1375 3146 praeteritum

13 3229 23 3245 ‚
75 3176 186 3231 exeunt
209 3177 339 3248 tempus,
368 3169 444 3230 sicut
471 3188 576 3232 secans
604 3177 711 3231 sectus.
757 3170 853 3230 omnia
881 3169 1034 3249 participia
1060 3168 1208 3250 praeteriti
1226 3169 1374 3257 temporis
1430 3235 1434 3242 ,

75 3270 227 3350 perfectae
247 3270 290 3330 rei
312 3269 421 3332 habent
442 3271 699 3350 significationem,
722 3279 754 3332 ut
774 3279 889 3351 emptus
908 3276 1027 3350 eaptus,
1049 3271 1213 3349 praesentis
1228 3271 1374 3332 interdum

75 3373 259 3452 inperfectae
277 3373 336 3448 rei,
365 3380 398 3434 ut
420 3372 521 3434 lucens
544 3381 656 3454 tepens.
702 3372 856 3435 videndum
878 3371 990 3432 eritne
1015 3371 1225 3452 appellationes
1247 3390 1322 3451 quae
1344 3373 1374 3433 iu

30 3476 204 3539 reformem
222 3475 440 3556 participiorum
458 3474 589 3537 incidunt
612 3475 763 3556 participia
789 3482 942 3555 putentur,
972 3481 1004 3533 ut
1025 3491 1131 3534 recens
1156 3475 1294 3552 frequens
1324 3474 1375 3534 de-

75 3577 208 3657 crepitus
230 3578 363 3638 hastatus
385 3584 500 3656 togatus
527 3577 661 3657 palliatus
682 3576 829 3638 barbatus.
874 3574 948 3636 baec
967 3574 1045 3635 euim
1068 3582 1098 3635 et
1119 3574 1223 3636 similia
1245 3576 1374 3655 speciem

74 3678 189 3741 babent
211 3679 444 3760 participiorum,
479 3688 548 3740 sunt
575 3687 672 3741 tamen
701 3677 925 3758 appellationes,
954 3677 1021 3755 quia
1047 3677 1155 3739 nullius
1182 3677 1213 3737 iu
1240 3695 1272 3738 se
1292 3676 1372 3737 verbi

74 3781 136 3842 rim
161 3781 320 3843 continent
364 3790 395 3843 at
425 3781 455 3842 iu
486 3783 634 3844 femininis
664 3780 807 3859 quaedam
837 3778 967 3860 speeiem
1000 3779 1220 3860 participiomm
1253 3777 1373 3851 habeut,

75 3880 223 3961 quaedam
244 3883 332 3945 etiam
352 3881 447 3963 ipsam
468 3884 541 3958 vim,
564 3874 597 3945 ut
619 3883 730 3964 pictura
751 3882 837 3943 lituro
858 3881 1011 3961 scriptura.
1056 3890 1124 3943 suut
1146 3880 1224 3942 euim
1245 3880 1374 3961 appella·

36 3985 176 4046 artiones
197 3993 226 4046 et
246 3985 398 4065 participia
415 3986 504 4047 futuri
522 3985 662 4065 temporis
683 3984 714 4045 in
733 3982 903 4046 masculinis
925 3981 1028 4044 liturus
1049 3983 1212 4063 scripturus
1231 3982 1372 4063 picturus.

77 4096 109 4149 at
123 4083 139 4170 ΙΙ
152 4106 219 4149 cum
238 4087 304 4149 dico
324 4085 373 4148 ‘in
392 4087 480 4148 serbo
496 4087 583 4149 litura
605 4088 667 4149 est’
690 4093 719 4146 et
740 4085 837 4147 ‘bona
863 4083 1023 4165 scriptura'
1053 4085 1184 4165 ‘pictura
1204 4084 1344 4147 mirabilis
1352 4088 1374 4159 ’,

76 4193 152 4252 bunt
173 4188 384 4270 appellationes
405 4188 548 4267 binasque
569 4189 678 4250 babent
699 4187 935 4266 significationes.
963 4206 1032 4249 nam
1053 4195 1084 4249 et
1103 4208 1151 4251 ars
1173 4188 1237 4269 ipsa
1260 4187 1375 4269 pictura

148 4463 167 4512 4
183 4463 309 4525 quaedam
318 4468 406 4510 neutra
414 4475 460 4512 ora.
471 4459 497 4508 N
564 4459 673 4508 luctatus
686 4457 798 4526 secutos]
808 4459 910 4509 limatus
924 4458 1034 4523 scriptus
1046 4459 1072 4508 N
1139 4462 1157 4512 o
1169 4461 1312 4525 exprimere
1323 4470 1373 4511 tam

77 4532 163 4581 aetina
177 4547 253 4595 quem
271 4531 387 4596 passius.
397 4530 401 4593 Ι
412 4528 476 4580 Sunt
488 4527 537 4579 elia
546 4529 653 4578 uadatus
664 4527 689 4576 N
756 4527 773 4578 9
791 4525 886 4591 aetina]
900 4543 981 4590 aequa
990 4528 1015 4577 N
1084 4529 1116 4578 12
1134 4532 1260 4581 contraria
1273 4546 1295 4580 ω
1313 4546 1375 4581 eon-

77 4614 116 4651 tra
130 4601 158 4651 N
226 4602 259 4651 la
274 4599 373 4661 duleus,
390 4600 487 4659 diceus,
503 4597 627 4648 dolendos
644 4598 766 4653 dicendus
781 4599 923 4649 Fabricius.
941 4598 1056 4662 fortune
1070 4599 1165 4649 docens
1180 4600 1270 4652 doetus
1342 4602 1376 4651 15

75 4671 207 4737 praeteriti
221 4686 267 4721 om.
287 4668 313 4719 N
399 4669 431 4721 16
454 4676 563 4720 utente
586 4669 707 4718 docturus
724 4683 769 4718 our.
787 4668 813 4718 N
898 4665 932 4717 20
953 4668 1087 4734 partieipia
1114 4695 1148 4706 —
1174 4669 1237 4735 180,
1268 4669 1301 4722 10
1330 4672 1376 4721 ad·

1083 4746 1097 4774 n

75 4791 157 4841 naluit
176 4805 235 4845 exe.
260 4791 345 4842 Perfa.
368 4786 401 4853 fi
415 4787 484 4840 121*
561 4787 597 4841 23
616 4784 759 4853 lectitatur]
779 4787 894 4838 lectitans
911 4786 939 4837 N
1010 4789 1044 4838 24
1060 4789 1149 4841 eadem
1168 4791 1193 4841 N
1267 4789 1372 4856 cedens]

76 4860 192 4911 cauden·
206 4873 228 4910 tu
297 4858 331 4911 26
349 4857 420 4909 finita
437 4854 498 4923 nou]
518 4856 640 4908 feminine
656 4856 681 4908 N
754 4854 788 4908 81
806 4866 831 4908 et
848 4871 894 4912 our.
911 4857 939 4907 N

1105 4934 1166 5003 1'2*
