3114 5356
615 264 696 325 ΛΒΤ.
722 263 861 326 eatan.
882 263 955 325 tna.
981 264 1008 325 ll
1400 270 1462 331 tua

1259 397 1272 424 ι.
1313 389 1332 422 *-
1359 386 1364 405 ¹
1394 386 1410 427 ‘.

160 459 240 512 tatur
254 445 423 532 ΙΙιιιιίιΙιΙιιίι]
446 448 630 528 simplicitate
653 449 761 510 rustica
784 456 864 509 caret
893 458 922 510 et
950 452 1043 510 taneta
1071 452 1142 512 satis
1166 383 1329 513 urhaditdle
1346 384 1461 534 5dspoli-

161 562 224 613 tum
258 561 318 625 est,
351 551 465 630 species
486 549 646 627 ,allegoriae
675 569 742 610 cum
769 549 933 612 urbanitate
957 551 1124 631 multiplex,
1157 564 1189 613 nt
1215 561 1260 614 est
1284 555 1362 633 apud
1390 557 1460 616 Ver·

161 641 264 732 gilium

330 734 657 813 quihaviumnoo
680 734 1315 813 editamottnacarmina,ll1aevi,

135 857 148 895 ι
327 844 437 913 atque
458 835 554 894 idem
574 833 703 913 iungat
725 835 858 915 vulpes
881 844 915 896 et
937 836 1102 914 mulgeat
1123 838 1268 913 hircos;

160 941 232 1000 item
251 946 283 998 nt
305 935 528 1016 ‘Philippus
551 952 628 994 enm
658 935 771 996 vellet
799 936 934 999 Persas
961 939 997 998 in
1026 956 1126 999 suam
1150 944 1378 1017 potestatem
1400 960 1460 1002 re·
1545 965 1548 971 ·

161 1040 291 1118 digere
320 1045 357 1097 et
387 1036 425 1096 in
453 1036 523 1096 hoc
556 1036 763 1097 exercitum
796 1038 984 1113 misisset,
1015 1037 1175 1117 scripsit
1203 1039 1347 1102 milites
1375 1061 1392 1102 a
1420 1062 1459 1104 se

159 1141 316 1212 missos,
346 1137 443 1226 quod
472 1137 716 1216 conperisset
741 1156 804 1199 eos
833 1139 1022 1201 seditione
1049 1139 1190 1213 vexari,
1217 1148 1255 1200 et
1278 1141 1460 1204 bonorum

161 1240 304 1302 esseio
327 1238 392 1300 tali
416 1237 836 1318 tempore-subvenire'.

123 1366 147 1405 ιο
248 1339 297 1400 De
317 1339 484 1401 hoosoeoei.
529 1338 704 1401 homoeosis
726 1347 771 1401 est
792 1340 890 1401 minus
912 1347 998 1401 notae
1016 1343 1058 1402 rei
1082 1359 1135 1420 per
1157 1341 1376 1404 similitudinem
1397 1346 1460 1406 eius

160 1445 203 1505 rei
225 1462 300 1521 quae
321 1438 414 1520 magis
436 1447 505 1500 nota
528 1446 573 1499 est
595 1439 805 1501 demonstratio
828 1447 858 1501 et
878 1440 995 1519 ignotae
1019 1441 1061 1502 rei
1082 1460 1136 1521 per
1160 1441 1377 1505 similitudinem
1398 1445 1461 1506 eius

160 1564 239 1624 qnae
262 1541 355 1621 magis
381 1548 451 1600 nota
479 1548 524 1601 est
552 1539 719 1620 descriptio.
765 1540 852 1603 huius
877 1541 991 1621 species
1020 1550 1088 1603 suot
1116 1552 1176 1604 tres
1203 1543 1275 1617 hae,
1305 1545 1373 1605 icon
1402 1545 1462 1606 sire

160 1643 423 1715 characterismos,
454 1641 607 1719 parabole,
638 1641 814 1720 paradigma.
860 1643 927 1703 icon
953 1650 1000 1704 est
1026 1633 1185 1725 descriptio
1206 1646 1318 1724 ttgurae
1340 1646 1463 1707 alicuius

161 1763 302 1825 expressa
326 1742 369 1802 rel
390 1760 584 1822 personarum
607 1742 684 1803 inter
706 1763 738 1804 se
760 1761 898 1804 eorumve
926 1761 1000 1823 quae
1024 1745 1160 1825 personis
1187 1744 1324 1807 accidunt
1353 1765 1461 1826 conpa-

120 1867 145 1906 rs
161 1847 255 1917 ratio,
279 1854 310 1905 ut

328 1966 370 2006 os
396 1962 620 2022 rrmerosque
643 1943 710 2003 deo
733 1943 874 2004 similis

160 2041 191 2093 et

329 2112 452 2173 omnia
474 2111 661 2173 Mercurio
680 2111 839 2185 similis,

160 2202 233 2261 item
1159 2235 1161 2238 -

330 2281 420 2342 talis
439 2278 815 2360 Amyclaei-domitus
836 2278 1005 2340 Pollucis
1026 2279 1184 2342 habenis

329 2382 511 2460 Cyllarus
1107 2443 1112 2451 ,

160 2485 210 2546 hic
236 2484 313 2544 enirn
341 2502 434 2562 equus
458 2502 534 2561 equo
560 2492 745 2564 conparatur.
795 2481 934 2563 parabole
961 2491 1131 2545 astrorum
1158 2494 1207 2545 aot
1236 2485 1461 2546 administratio-

159 2605 232 2647 num
261 2604 369 2663 genero
401 2585 586 2647 dissimihnnr
615 2584 792 2663 conparatio.
847 2586 879 2644 tlt
916 2593 1013 2645 autern
1050 2584 1146 2647 modis
1179 2592 1262 2648 octo:
1295 2605 1349 2666 per
1379 2585 1463 2646 hatri-

162 2696 244 2759 tum‚
266 2693 299 2746 ut
599 2761 601 2765 y

318 2785 452 2865 'qualis
473 2788 507 2849 in
529 2787 693 2861 Eurotae
714 2785 811 2866 ripis
831 2804 857 2846 a.
879 2803 911 2865 p.
934 2786 955 2846 i.
979 2786 1010 2847 C.
1035 2804 1060 2847 e.
1085 2787 1118 2846 l).
1144 2806 1170 2847 c.

163 2897 194 2949 et
216 2897 331 2962 retera;
357 2907 409 2968 per
427 2888 671 2965 magnitudinem,
693 2895 725 2948 ut

331 3008 396 3049 ceu
419 2988 487 3049 duo
509 2986 722 3068 nubigenae
745 3009 823 3052 eum
844 2990 989 3052 vertice
1011 2990 1153 3051 montis
1176 3008 1205 3049 o.
1230 3005 1261 3048 a.
1286 2989 1313 3049 d.
1336 2989 1367 3049 C.

162 3091 382 3173 percuterem,
405 3097 438 3147 ut

331 3189 460 3251 lndum
481 3189 694 3268 sanguineo
718 3191 835 3252 veluti
859 3190 1066 3252 violaverit
1088 3197 1194 3249 ostro

331 3290 452 3370 siquis
473 3288 579 3364 chur3

163 3415 219 3476 per
237 3412 348 3466 rocem,
371 3398 405 3452 ut

332 3496 520 3556 clamores
541 3493 651 3553 simul
676 3490 890 3553 horrendos
909 3489 953 3551 ad
973 3500 1039 3551 st
1122 3483 1124 3487 ’

333 3594 460 3675 qualis
482 3594 645 3672 mugitus
666 3592 692 3671 f.
716 3613 741 3654 e.
764 3609 791 3653 s.
814 3612 840 3654 a.
863 3601 884 3652 t

235 3786 248 3836 l
268 3785 391 3848 quidquid
410 3788 526 3837 Donatus
543 3785 603 3848 quia
623 3785 706 3847 siquid
725 3780 810 3832 ΑΒΜ
897 3779 979 3830 faceta
998 3782 1061 3831 satis
1080 3780 1202 3830 rhanitute
1224 3781 1364 3846 expolitum
1382 3792 1420 3830 est
1442 3782 1466 3830 B

162 3855 230 3906 iacet
246 3866 289 3903 aut
308 3854 370 3903 satis
390 3856 582 3919 superueniente
601 3852 741 3918 expolitum
760 3862 785 3901 et
801 3851 863 3901 AM
929 3851 946 3898 2
964 3850 1033 3916 apud
1052 3849 1204 3915 Vergilium]
1221 3851 1303 3902 ducet.
1321 3850 1347 3911 3,
1365 3850 1400 3901 90

161 3927 248 3988 Aqua
267 3923 371 3971 buniam
390 3924 414 3972 A
435 3924 495 3986 quia
512 3925 597 3972 auinm
618 3921 676 3971 BM
742 3921 862 3985 budque
879 3919 905 3969 B
922 3920 1022 3984 adquae
1040 3920 1065 3969 A
1133 3917 1314 3984 dPhilippus]
1335 3921 1461 3971 nomn.

161 3995 274 4056 Philipp.
295 3993 329 4041 tlt
346 4009 372 4055 p.
397 3993 443 4042 itt
515 3993 584 4041 uellit
602 3991 654 4039 AB
722 3988 830 4054 Persas!
855 3988 939 4039 Oritas
958 3991 1089 4040 Charisius
1167 3988 1199 4036 lt)
1216 3988 1252 4037 De
1268 3987 1399 4039 homoeosi
1417 4007 1464 4041 om.

163 4061 247 4113 ΑΒΜ
319 4061 352 4110 12
368 4062 497 4125 discriptio
515 4060 540 4108 A
613 4058 645 4110 la
663 4059 795 4125 discriptio
813 4060 839 4110 Β
918 4058 949 4107 14
968 4059 1090 4109 accedunt
1110 4056 1192 4106 ΑΒΜ
1273 4057 1308 4110 lo
1324 4073 1353 4109 os
1371 4074 1464 4109 meros.

163 4133 228 4182 adeo
247 4130 308 4180 AM
323 4129 370 4180 hos
390 4129 547 4192 nhumsrosq
565 4129 629 4178 adeo
648 4129 682 4178 Β.
716 4130 794 4193 Verp.
812 4129 878 4179 Aen.
898 4127 910 4176 t
928 4125 981 4179 589
1068 4124 1464 4193 taomnralVerp.Aen.11n
1536 4130 1550 4151 '

162 4199 216 4252 558
287 4199 322 4249 20
341 4199 406 4262 talis]
431 4200 509 4262 Verp.
525 4214 615 4263 peorp.
637 4198 670 4246 ill
686 4196 721 4248 82
803 4195 957 4247 amohaeclei
975 4196 1001 4246 B
1018 4209 1075 4245 amo
1093 4202 1119 4243 et
1139 4194 1171 4244 lei
1190 4195 1251 4248 AM
1326 4197 1358 4245 21
1374 4196 1466 4260 septta-

164 4284 209 4319 rus
229 4269 315 4318 ΑΒΜ
395 4269 429 4316 22
447 4279 490 4317 aut
507 4284 553 4317 om.
570 4267 597 4315 B
679 4266 713 4316 25
732 4265 824 4331 qualis]
847 4267 926 4329 Vera.
947 4266 1014 4316 Aen.
1034 4266 1045 4313 l
1063 4263 1115 4316 498
1130 4264 1213 4328 qualis
1231 4267 1256 4315 in
1275 4265 1385 4314 Eurotae
1402 4265 1465 4329 ripis

163 4347 209 4387 aut
227 4353 273 4403 per
290 4338 352 4402 iuga
370 4335 462 4400 Cynthi
480 4336 587 4384 Exercet
601 4334 682 4383 Diana
701 4334 792 4384 choros
861 4335 950 4384 erbota
969 4334 1071 4399 eripias.
1090 4350 1114 4384 a.
1133 4350 1156 4385 e.
1175 4349 1197 4382 e.
1217 4335 1242 4385 d
1262 4350 1283 4383 c.
1301 4344 1326 4383 et
1345 4343 1429 4381 cetero
1441 4332 1466 4380 A

164 4414 287 4456 eruotaae
309 4407 371 4471 ripis
389 4405 466 4455 aoede
485 4414 510 4454 et
527 4411 626 4453 caetera
644 4403 678 4452 M
698 4414 786 4454 emota
804 4404 881 4469 eripis
899 4415 923 4454 et
942 4413 1026 4453 cetera
1044 4401 1070 4451 Β
1157 4402 1191 4451 27
1215 4401 1277 4466 seul
1301 4404 1380 4466 Verg.
1402 4402 1468 4451 Aen.

165 4477 212 4526 Vll
232 4474 284 4524 ort
302 4490 348 4524 eeu
366 4474 417 4524 duo
437 4475 581 4538 nubigenae
599 4487 656 4522 cunr
675 4473 768 4522 vertice
786 4474 880 4523 montis
895 4473 926 4521 ab
945 4470 995 4522 alto
1015 4471 1179 4522 Descendunt
1196 4471 1314 4523 (lentam
1397 4486 1421 4519 a.
1445 4485 1468 4519 a

166 4562 214 4597 om.
234 4542 320 4594 ΑΒΜ
389 4544 423 4594 29
441 4541 541 4605 ludum]
564 4543 643 4607 Verp.
663 4540 726 4592 Aen.
748 4540 797 4592 Xll
816 4543 850 4592 67
927 4540 962 4592 30
978 4543 1039 4591 ebor
1056 4541 1081 4590 A
1158 4537 1190 4592 31
1212 4550 1239 4592 ut
1255 4558 1303 4593 om.
1318 4538 1404 4589 ΑΒΜ

167 4614 201 4665 32
219 4615 344 4663 clamores
362 4613 387 4661 A
406 4613 516 4662 clamore
535 4612 561 4660 B
579 4612 713 4660 clamorem
733 4606 771 4661 M.
795 4613 873 4677 Verg.
893 4611 958 4662 Aen.
978 4611 999 4659 ll
1018 4610 1069 4659 222
1097 4611 1219 4662 clamores
1237 4610 1313 4660 simut
1329 4608 1471 4658 horrendos

168 4682 201 4732 ad
220 4682 306 4732 sidera
322 4683 399 4745 toltit,
425 4681 512 4741 Qualis
530 4681 659 4746 mugitus,
684 4678 751 4746 tuga
776 4696 833 4731 cum
858 4682 960 4732 saucius
978 4694 1049 4728 aram
1068 4677 1168 4729 Taurus
1255 4677 1397 4728 horrendos
1416 4677 1476 4727 AM

167 4751 297 4801 horrendo
315 4752 341 4802 B
409 4750 443 4804 33
461 4752 574 4818 mugitus
593 4757 633 4799 eat
651 4748 736 4800 ΑΒΜ
