3114 5356
494 307 647 409 ⁸L'lSTl'l.
672 310 782 372 nictit.
804 310 875 373 LlB.
897 311 909 373 1
1314 316 1350 376 21

119 420 206 477 ΜΡ.
1187 444 1210 486 p.
1227 433 1251 475 19
1277 432 1300 476 L.

72 495 179 557 babeat
223 495 429 558 femininorum
450 496 599 558 nominum
621 497 829 575 nominativus,
853 509 885 561 ut
906 499 1152 580 supradiximus,
1180 501 1209 562 in
1231 523 1247 564 a
1267 507 1352 568 etier-

72 608 115 659 tur
138 606 167 658 et
193 597 356 659 declinatur
377 599 479 660 codem
501 599 588 661 modo
615 599 690 661 sicut
715 609 818 681 poeta,
854 601 932 663 velut
958 602 1031 663 haec
1058 603 1171 664 lortuna
1201 613 1230 665 et
1256 615 1351 669 cetera

71 720 160 780 usque
183 700 220 761 ab
241 701 287 762 his
308 698 440 763 fortunis.
484 709 553 762 sunt
575 702 717 781 quaedam
740 702 855 764 nomina
875 702 1011 764 feminina
1033 704 1117 784 primi
1144 706 1253 768 ordinis
1276 728 1351 788 quae

70 803 97 863 in
124 802 219 864 dativo
248 803 352 883 plurali
379 806 417 866 in·
433 805 489 866 bus
516 804 654 885 syllabam
682 805 857 877 efferuntur,
884 812 915 864 ut
939 805 1011 866 haec
1038 806 1107 881 dea,
1133 806 1283 887 pluraliter
1304 810 1350 874 his

46 906 188 979 sdeabus,
212 914 243 967 et
266 908 339 968 haec
358 908 470 981 liberta,
493 907 643 988 pluraliter
664 907 710 969 bis
731 904 900 967 libertabus.
944 907 1075 970 similiter
1095 908 1174 970 boec
1193 910 1266 988 lilia,
1286 913 1351 993 plu-

70 1008 165 1072 ntur
187 1009 234 1071 his
255 1009 379 1072 liliabus.

566 1177 695 1230 onorius
714 1176 852 1229 sucvn'm

149 1285 304 1346 Secundae
330 1285 531 1347 declinationis
558 1281 725 1345 nominativi
759 1289 829 1342 suunt
849 1281 879 1342 hi
907 1299 1030 1360 quorum
1057 1282 1206 1361 genetivus
1234 1284 1242 1344 i
1273 1285 1348 1346 iacit.

68 1388 227 1448 eliciuntur
244 1396 340 1449 autem
363 1386 508 1449 secundae
530 1383 730 1446 declinationis
756 1380 915 1443 masculina
937 1402 990 1463 per
1011 1402 1046 1444 us
1067 1403 1100 1444 er
1117 1384 1143 1445 ir
1164 1403 1232 1460 eus,
1261 1385 1348 1464 ferni·
1426 1424 1433 1439 .

35 1490 134 1554 anina
162 1491 192 1551 in
214 1509 265 1563 us,
288 1488 428 1551 neutralia
447 1489 477 1550 in
500 1507 548 1549 um
569 1495 599 1549 et
619 1507 663 1548 us.
708 1492 738 1546 et
757 1485 789 1545 iu
812 1502 850 1543 ur
869 1483 1028 1546 masculina
1049 1484 1180 1564 quidem,
1203 1486 1281 1548 velut
1301 1488 1350 1550 hic

66 1595 212 1671 augustus
232 1591 320 1653 huius
339 1591 478 1669 dogusti;
501 1591 570 1652 item
591 1588 625 1649 in
646 1607 693 1662 er,
714 1587 762 1648 hic
783 1606 857 1667 puer
875 1586 961 1667 huius
981 1587 1080 1666 pueri;
1102 1587 1169 1648 item
1188 1587 1221 1648 in
1236 1587 1278 1663 ir,
1301 1589 1349 1650 hio

66 1694 107 1755 rir
131 1694 220 1757 huius
248 1694 318 1769 riri;
344 1694 414 1754 item
440 1693 473 1752 in
501 1712 569 1765 em,
600 1690 678 1752 velut
702 1690 750 1752 hic
776 1689 881 1751 Peleus
910 1688 997 1750 huius
1023 1688 1109 1750 Pelei.
1154 1690 1290 1751 feminina
1316 1691 1350 1751 ιἰι

67 1815 118 1869 us,
145 1796 226 1856 velut
252 1795 325 1857 haec
353 1814 507 1875 cypressus
527 1794 614 1855 huius
633 1791 777 1873 cypressi,
812 1791 884 1852 haec
910 1790 1009 1853 lamus
1039 1792 1124 1854 huius
1152 1791 1233 1852 lauri.
1278 1812 1350 1855 neu-

66 1895 145 1958 tralia
172 1896 202 1957 in
223 1915 271 1957 um
293 1904 323 1956 et
344 1916 394 1970 us,
419 1895 497 1957 velut
518 1896 574 1956 hoc
594 1894 703 1955 donum
720 1893 806 1954 huius
823 1893 908 1965 doni,
939 1893 995 1954 hoc
1022 1892 1124 1972 tulgus
1148 1892 1234 1953 huius
1261 1893 1346 1972 uulgi,

35 1998 121 2059 uhoc
138 1997 262 2078 pelagus
282 1997 368 2058 liuius
389 1997 499 2077 pelagi,
521 1997 577 2057 hoc
598 1996 676 2057 virus
696 1995 782 2056 brius
804 1994 866 2056 riri.
898 1994 949 2055 sed
970 1995 1043 2056 haec
1063 1995 1120 2057 duo
1140 1994 1265 2069 nomina,
1289 1994 1350 2055 vul-

66 2118 119 2178 gus
140 2108 171 2160 et
192 2098 324 2179 pelagus,
347 2098 496 2179 pluraliter
518 2119 578 2160 nnn
597 2096 796 2170 declinantur,
817 2113 991 2174 quamquam
1011 2095 1092 2175 meriti
1111 2095 1214 2176 vulgus
1234 2115 1350 2159 mascu-

65 2201 120 2262 line
138 2200 315 2276 extulerunt,
337 2208 371 2262 ut
392 2202 541 2282 Vergilius,
562 2201 617 2262 ‘in
639 2199 785 2277 uulgum
804 2196 1020 2275 ambiguas)

145 2305 248 2383 Longe
279 2304 376 2366 solent
401 2324 498 2366 errare
524 2305 573 2384 qui
593 2301 739 2364 secundae
761 2297 963 2359 declinationis
984 2298 1121 2360 leuduino
1142 2309 1250 2380 negant
1271 2320 1347 2377 esse,

63 2425 125 2467 rum
147 2405 233 2487 plura
254 2405 454 2483 inveniantur,
476 2408 553 2469 velut
573 2407 645 2467 haec
666 2403 747 2465 colus
769 2401 840 2476 coli,
869 2401 942 2462 haec
964 2399 1043 2461 alvus
1062 2400 1131 2477 alvi,
1153 2402 1226 2464 haec
1243 2403 1349 2467 humus

62 2612 84 2661 ,l'
638 2608 705 2655 tinus
728 2610 755 2652 ut
777 2615 856 2667 supra
879 2600 937 2651 diis
955 2601 981 2649 in
999 2601 1015 2650 ai
1032 2595 1113 2652 efferi‘
1127 2610 1152 2653 et
1165 2602 1284 2654 declinat*

638 2689 655 2739 lt
677 2690 776 2740 fortune
803 2698 827 2736 et
850 2695 934 2737 cetera
953 2702 1032 2752 usque
1050 2689 1081 2739 ab
1104 2689 1146 2741 hio
1168 2689 1276 2742 iortunis

635 2777 732 2827 ordinis
754 2777 769 2838 ιῑ
795 2775 819 2823 in
848 2774 901 2824 dati
923 2773 969 2840 plu
994 2775 1021 2823 in
1045 2776 1071 2829 b.
1107 2774 1200 2843 spilim
1230 2776 1278 2827 elie

760 2920 784 2962 et
811 2910 829 2961 li
854 2847 959 2962 libertii1
974 2913 1014 2963 his
1040 2913 1155 2964 libertnb:
1184 2913 1280 2964 similit'

760 3000 790 3047 11.
815 2995 838 3067 ss
857 3001 883 3048 .i.
911 2998 972 3050 lacit
992 3000 1128 3052 efferuntur
1151 3004 1180 3050 W
1206 3005 1282 3051 secuit

611 3136 644 3171 w
670 3086 769 3135 declino
797 3085 943 3135 nominatiui
971 3089 995 3137 it
1018 3088 1044 3136 hi
1077 3090 1144 3152 quor‘
1171 3089 1300 3154 genetiu:'

671 3173 737 3223 decli
779 3172 879 3223 innocui
912 3186 958 3238 per
996 3189 1044 3224 na.
1087 3191 1124 3227 er.
1164 3177 1195 3228 ir.
1236 3191 1281 3226 eus

704 3276 720 3308 a
751 3261 777 3309 in
810 3276 849 3311 us.
882 3260 1005 3318 neutralia
1040 3263 1066 3312 in
1097 3278 1158 3316 nm.
1183 3270 1214 3327 ,et
1248 3277 1278 3311 us

615 3345 715 3397 mascel
737 3346 840 3410 quidem
860 3347 896 3396 uir
915 3345 957 3397 hie
982 3357 1104 3415 augustus
1131 3347 1148 3397 ll
1177 3351 1278 3416 arguisti

561 3448 589 3482 er
617 3433 659 3483 bic
690 3448 755 3500 puer
781 3430 799 3481 ll
823 3434 896 3498 pueri
926 3435 960 3484 itti
991 3438 1012 3484 ir
1044 3437 1084 3486 hie
1115 3436 1155 3487 uir
1181 3434 1200 3484 lt
1231 3437 1279 3486 uiri

541 3534 565 3567 ιιι
585 3554 592 3568 .
611 3534 656 3568 eus
672 3520 705 3570 uu
725 3520 767 3569 hie
784 3519 873 3586 peleus
889 3518 907 3567 lt
923 3519 1000 3587 pelei.

446 3606 514 3653 iuinn
545 3620 575 3653 ιιιι
609 3607 643 3654 uri
678 3602 696 3653 ll
729 3607 836 3672 cyperus
861 3602 878 3651 it
905 3608 989 3672 cypsoi
1020 3605 1038 3655 lt
1063 3608 1148 3658 laums
1174 3604 1192 3654 lt
1217 3606 1281 3657 louri

407 3691 512 3740 eutralia
528 3693 552 3740 in
569 3707 611 3740 um
629 3700 653 3741 et
672 3706 702 3742 us
713 3692 748 3741 uir
764 3688 790 3738 h.
804 3689 898 3740 donum
914 3690 932 3739 lt
953 3692 1012 3743 doni
1026 3694 1052 3744 h.
1065 3694 1158 3761 uulgus
1175 3692 1194 3742 lt
1209 3693 1279 3760 uulgi

396 3777 483 3843 elegus
498 3775 515 3825 ll
532 3777 617 3844 pelagi
632 3777 737 3831 buirus
752 3774 830 3826 truiri
848 3792 869 3826 s.
888 3774 905 3824 ll
921 3778 962 3827 .ll.
976 3781 1078 3829 nomina
1097 3781 1190 3848 uulgus
1208 3787 1232 3831 et
1247 3796 1280 3847 pe

390 3878 437 3928 gua
453 3863 497 3929 plu
513 3877 561 3913 uon
579 3863 736 3914 declinantur
757 3878 797 3934 qq
819 3862 891 3912 multi
912 3865 1003 3933 uulgus
1020 3867 1120 3919 masoul
1137 3868 1279 3919 extulerunt

389 3949 493 4015 uigilia
516 3950 620 4017 uulgum
641 3951 775 4017 ambiguas
794 3947 816 4016 ll
834 3966 875 4000 res
896 3952 1055 4003 inueniantur
1075 3955 1110 4004 uit
1127 3953 1145 4003 li
1165 3954 1236 4005 coins
1260 3954 1278 4004 li

390 4036 475 4104 Longe
481 4036 562 4088 solent
568 4054 652 4089 errare
658 4039 700 4103 qui
710 4039 836 4089 secundae
843 4038 952 4089 declinet
959 4026 1158 4107 leminegont‘eii
1168 4058 1224 4094 cum
1234 4041 1278 4108 plu

121 4196 133 4245 l
153 4195 251 4244 habeat
268 4191 437 4242 foeminorum
454 4193 584 4243 nominum
603 4194 774 4243 nominatione
790 4209 811 4244 ω
897 4197 914 4245 2
932 4192 1071 4246 declinatur
1086 4197 1175 4248 eodem
1189 4199 1264 4249 modo
1282 4197 1347 4246 sicut

52 4276 141 4332 poete,
163 4274 192 4313 nt
209 4262 278 4311 haec
297 4260 397 4311 lortuno
413 4279 434 4312 tc
504 4263 654 4314 diodonis.
682 4262 745 4313 Sunt
768 4265 891 4326 quaedam
914 4265 1016 4313 nomine
1040 4264 1169 4317 foeminini
1187 4269 1260 4334 primi
1279 4267 1346 4315 ordi-

53 4338 91 4385 nis
107 4352 130 4384 ω
220 4334 239 4381 4
260 4331 400 4382 ederentur
422 4339 449 4382 ut
472 4333 535 4384 hoec
554 4335 602 4384 dea
618 4333 748 4383 Pluraliter
764 4331 805 4383 his
832 4333 928 4383 deabus
951 4341 978 4383 ut
1003 4333 1065 4386 hoec
1084 4353 1106 4386 ω
1189 4340 1205 4388 5
1231 4336 1347 4385 similiter

52 4405 112 4458 iiia.
135 4401 274 4470 pluraliter
291 4400 333 4450 his
350 4401 458 4451 filiabus.
486 4404 588 4454 Ordinis
608 4405 639 4453 ll.
663 4402 796 4454 Secundae
814 4401 990 4453 declinationis
1007 4420 1028 4455 ω
1097 4406 1114 4456 9
1138 4421 1192 4458 eus.
1217 4405 1302 4468 aliqua
1319 4409 1346 4456 in

54 4490 116 4525 mm
191 4472 225 4523 10
243 4471 356 4521 erinna
374 4473 512 4523 masculino
529 4474 662 4537 quidemto
738 4472 767 4523 ll
784 4474 884 4537 augusti
905 4473 962 4522 item
981 4475 1057 4524 ethic
1068 4490 1161 4541 puerto
1232 4475 1264 4526 la
1283 4477 1341 4524 uiri.

56 4546 117 4596 item
135 4558 184 4594 ens
201 4558 225 4592 ω
304 4539 383 4590 Pelei.
399 4542 544 4593 Foeminina
561 4562 582 4594 ω
664 4540 696 4592 13
714 4542 789 4595 inuri.
808 4541 936 4592 Neutralia
953 4558 974 4593 ω
1060 4547 1092 4596 ll
1110 4543 1189 4611 uulgi.
1209 4544 1258 4596 hoc
1274 4545 1343 4612 pela-

56 4631 103 4681 gus
119 4630 141 4665 ω
217 4610 249 4662 16
266 4611 378 4676 pelagos
395 4628 416 4662 ω
487 4613 680 4666 liextulerint.
700 4612 824 4679 Virgini

127 4824 160 4874 17
178 4815 330 4886 Vergilius]
348 4815 414 4869 Aen.
431 4818 451 4867 ll
469 4782 504 4870 99
575 4818 605 4869 19
624 4818 697 4882 plura
714 4817 740 4867 B
