3114 5348
128 280 189 345 290
464 277 627 342 enimait
647 277 779 340 msmr.
803 275 914 339 thhi.
937 274 1009 336 LIB.
1033 275 1086 338 lttt

290 467 449 546 inclyto,
472 483 583 544 parva
604 464 781 546 praedite
802 464 928 544 patria

293 567 441 631 nomine
464 565 606 628 celebri
629 566 813 645 claroque
835 575 971 647 potens

129 720 162 734 ..
186 681 215 734 ct
236 673 293 734 hoc
315 713 849 732 ..................
880 676 911 729 ut
940 686 974 727 ex
1006 668 1051 727 his
1079 665 1128 743 qui
1156 666 1230 724 sorte
1255 682 1359 724 versos
1386 661 1425 721 in·

28 797 32 800 ·
128 774 203 854 clyto
224 793 311 855 parva
333 790 387 850 ego
409 788 475 831 com
495 817 622 832 .....
646 771 714 831 dem
732 788 782 831 ver
804 816 811 830 .
833 817 840 831 .
863 771 976 844 secero,
999 768 1081 829 cuius
1105 775 1175 826 sunt
1194 765 1244 826 illa
1267 769 1425 842 ‘quaenam

128 885 157 937 te
179 875 301 955 adigunt
322 875 433 952 hospes
460 871 601 952 inclyte',
631 873 760 934 manebit
787 873 880 934 isdem
909 871 1029 932 vocihus
1056 877 1086 929 et
1111 875 1154 928 est
1179 866 1282 927 eodem
1309 865 1380 925 hore
1402 871 1448 923 ets

129 996 165 1038 ex
186 984 280 1037 metro
299 983 465 1036 removetor
485 981 515 1035 ct
535 984 666 1039 mutator
691 985 721 1036 ot
748 976 781 1036 flt
810 972 902 1034 melos
930 974 1073 1053 proiecto.
1119 978 1147 1031 et
1169 970 1193 1031 si
1216 967 1311 1028 melos
1332 973 1427 1026 exten·

129 1077 224 1152 deris,
260 1085 293 1138 nt
316 1077 346 1137 in
375 1077 458 1137 hanc
480 1078 577 1139 veniat
599 1076 790 1153 quantitatem
813 1093 933 1148 versos,
956 1073 1080 1153 ‘inclyte
1100 1071 1214 1149 hospes
1236 1087 1325 1149 parra
1348 1084 1428 1146 prae

130 1178 189 1239 dite
208 1178 301 1258 patria
309 1181 330 1250 ⁹,
353 1184 383 1237 ct
401 1177 459 1238 duo
482 1185 625 1238 commata
647 1178 692 1237 vel
715 1175 899 1237 hemistichia
919 1175 1065 1249 iunxeris,
1090 1182 1121 1235 nt
1141 1168 1311 1242 faciasne,
1334 1171 1428 1246 ‘qnae-

129 1296 198 1338 nam
217 1285 246 1338 te
268 1276 404 1355 adigunt,
427 1279 554 1359 hospes,
577 1287 680 1357 stagna
703 1279 820 1359 capacis
841 1277 934 1339 visere
955 1277 1078 1339 Averni’

731 1423 831 1462 *ξ*

298 1649 393 1714 inclyte
408 1664 490 1715 parua
513 1649 583 1715 pdite
878 1668 963 1704 nomen
1235 1665 1267 1700 an

299 1752 353 1798 roq.
373 1735 485 1799 potenti·
556 1746 581 1785 et
600 1735 649 1786 hoc
850 1746 923 1787 uetur
1129 1744 1157 1787 nt
1176 1751 1207 1784 ex
1226 1735 1268 1785 hia

300 1823 343 1884 qni
362 1819 427 1870 forte
445 1835 536 1870 uersos
553 1821 647 1887 inclyte
668 1837 686 1887 p
853 1839 900 1890 ego
919 1839 975 1874 com
1142 1823 1270 1871 demiseris

299 1924 384 1975 fecero
414 1924 486 1973 onius
516 1907 541 1973 s’t
571 1925 614 1975 tila
637 1925 712 1988 sinam
745 1932 769 1974 te
802 1925 909 1992 adigunt
938 1927 985 1976 hos
1194 1939 1268 1974 ema

299 2010 391 2060 nebitis
410 2010 467 2060 dem
483 2011 589 2062 uocibus
607 2024 614 2057 ε
638 2018 663 2059 et
684 2024 742 2060 esse
764 2010 855 2061 eodem
880 2014 953 2063 heret
971 2027 1003 2062 cx
1029 2019 1107 2061 metro
1126 2019 1269 2062 rcnrouctnr

298 2103 409 2147 mutatur
434 2103 458 2147 et
482 2097 509 2146 iit
531 2098 613 2148 maios
635 2096 722 2161 piccio
745 2132 753 2147 .
781 2095 805 2145 81
827 2098 851 2146 si
872 2099 952 2148 melos
975 2098 1121 2149 extenderis
1144 2107 1172 2147 nt
1197 2098 1222 2146 in
1251 2095 1266 2145 h

299 2183 416 2234 oeniatnr
438 2185 604 2247 quantitatem
628 2197 720 2234 uorsus
743 2182 821 2250 inclpt
1106 2186 1162 2234 cisia
1196 2182 1267 2250 peliis

299 2271 383 2336 patria
426 2277 451 2320 et
495 2270 545 2319 dun
592 2277 719 2320 commata
756 2258 782 2318 “ι“ι
829 2268 971 2320 emistichia
1016 2271 1134 2325 iunxeris
1175 2277 1202 2317 ut
1241 2267 1266 2317 ia

300 2358 353 2406 cies
381 2357 419 2406 sic
449 2357 524 2418 cinam
551 2364 576 2405 te
606 2357 713 2421 adigunt
740 2355 834 2420 hospes
864 2364 955 2421 stagno
981 2357 1083 2420 capacis
1109 2356 1193 2405 uisere
1220 2354 1281 2402 aiani

203 2493 360 2559 2potenti..
383 2494 425 2544 oei
440 2501 517 2557 poten
537 2493 580 2558 poi
605 2495 656 2559 ispi
676 2508 753 2556 posse
769 2493 901 2544 videbator
917 2496 943 2544 in
962 2492 987 2541 N
1071 2491 1087 2541 3
1107 2491 1193 2542 inclite
1208 2505 1288 2557 parua
1307 2506 1368 2556 ergo
1387 2488 1429 2540 Co·

135 2563 195 2611 mici
215 2563 291 2612 iidem
309 2577 399 2613 seorsus
416 2562 498 2612 iecere
515 2579 546 2612 a:
562 2562 646 2613 fecero
665 2571 746 2613 tamen
764 2578 819 2614 esse
837 2565 863 2613 in
881 2563 906 2612 N
919 2570 1012 2614 eertum
1031 2570 1069 2613 cst
1142 2564 1157 2611 5
1176 2562 1271 2626 hospes
1289 2581 1303 2612 s
1324 2558 1430 2609 nianehit

133 2631 351 2752 {pidepp‘procibns
369 2648 385 2681 a
469 2632 485 2681 7
504 2639 531 2681 nt
545 2632 688 2682 inueniatur
704 2650 720 2681 n
808 2631 893 2682 inclite
911 2647 991 2698 parua
1011 2633 1110 2698 predite
1131 2648 1161 2681 n:
1191 2630 1249 2682 mihi
1268 2633 1328 2694 plns
1346 2629 1430 2679 deesse

205 2939 218 2989 l
240 2937 342 3005 inclyte]
362 2956 397 2990 ex
407 2941 473 2990 Attii
482 2939 621 2990 Philocteta
636 2943 776 2991 οίιαυενιιιιτ
785 2939 926 3003 Appuleius
944 2939 975 2989 de
995 2941 1041 2990 deo
1057 2940 1173 2990 Socratis
1188 2954 1216 3002 p.
1229 2940 1262 2991 55
1275 2941 1316 2990 ed.
1331 2939 1395 2990 Elm.
1407 2945 1430 2988 et

137 3007 241 3059 Marios
263 3010 408 3061 Victorinus
423 3026 450 3072 p.
469 3011 538 3061 2522
626 3011 725 3074 prodite
743 3010 824 3073 patria
843 3010 945 3058 nomine
968 3009 1061 3059 celebri
1085 3010 1203 3072 claroque
1222 3017 1312 3073 potens
1332 3017 1430 3075 pectore

137 3078 277 3142 Appuleius
295 3086 320 3129 et
340 3079 411 3130 Mar.
434 3080 579 3130 Victorinus
597 3082 615 3132 i.
635 3095 658 3131 c.
727 3079 861 3129 iidimidio
877 3079 936 3142 sere
952 3088 1028 3140 porte
1045 3079 1154 3128 schedae
1172 3082 1197 3128 ia
1216 3079 1242 3129 N
1256 3081 1368 3140 abscisa,
1385 3093 1430 3145 pao

136 3164 166 3197 re
184 3149 249 3198 dacae
262 3151 372 3213 papissae
390 3151 489 3199 deletae
506 3155 570 3206 suat,
588 3151 687 3213 reliqua
703 3164 768 3212 pars
785 3150 876 3212 ospitis
890 3149 978 3210 periit.
1004 3165 1058 3198 enm
1076 3157 1156 3197 nutem
1168 3149 1324 3213 sequebatur
1341 3149 1432 3198 ‘Marii

136 3215 219 3267 Servii
233 3221 389 3282 marcemici
405 3219 437 3267 dc
454 3227 548 3268 centum
565 3222 665 3268 metris’
685 3218 763 3282 iiber,
786 3220 855 3267 cuius
869 3217 1014 3282 srapnientc
1032 3228 1056 3268 et
1075 3220 1100 3266 in
1124 3221 1223 3268 laciniis
1239 3219 1430 3268 membranamem

135 3286 168 3335 dc
185 3290 262 3337 tertia
277 3287 369 3338 scheda
385 3289 481 3338 relictis
497 3295 521 3337 et
538 3289 563 3337 in
580 3288 677 3337 dachus
693 3289 793 3351 pupinia
815 3286 924 3337 schedae
942 3295 1049 3351 quartem
1065 3294 1171 3337 restant.
1206 3287 1245 3338 his
1263 3291 1360 3339 occissis
1378 3287 1429 3337 scih·

135 3356 183 3407 ieci
196 3356 341 3422 srcpmenta
358 3358 418 3408 iibri
432 3359 524 3423 quinti,
545 3364 684 3422 percepset
699 3356 783 3407 Servii
799 3356 904 3406 libellam
922 3360 947 3407 in
965 3358 1051 3407 codice
1064 3359 1150 3420 posita
1165 3366 1231 3407 sient.
