3114 5348
530 285 612 346 aar.
635 284 774 347 cmuu.
797 285 868 348 cre.
893 288 904 348 1
1303 276 1364 355 aaa

180 418 185 425 ·
1137 415 1160 456 μ.
1174 382 1274 445 aea-ea
1288 405 1313 449 e.

64 472 126 531 iero
148 469 265 530 muneri
284 469 459 544 amicitiam,
483 469 574 550 eripio
595 469 707 551 abripic
724 470 806 552 rapio
828 472 895 549 tibi,
916 491 1006 553 parco
1021 474 1170 554 peccanti,
1192 494 1286 536 noceo
1300 477 1363 551 tibi,

63 569 169 633 oculos
189 569 231 630 illi
251 569 342 630 evello
364 570 409 630 vel
429 589 515 644 eruo,
539 579 629 650 caput
649 571 689 632 illi
711 572 790 633 dndo
812 573 856 632 vel
878 576 981 653 frango
1000 575 1044 635 vel
1064 576 1164 636 minuo
1183 576 1227 635 vel
1247 595 1363 657 rumpo,

63 671 214 752 praecipio
240 670 308 744 tibi,
328 669 442 732 abduco
462 670 515 732 tibi
537 671 632 746 illum,
655 673 841 734 incommodo
861 675 929 749 tibi,
951 676 1039 737 timeo
1061 674 1130 751 tibi,
1158 677 1255 738 officio
1276 698 1364 742 accu-

63 773 171 846 satori,
195 771 317 833 detraho
340 769 406 841 tibi,
429 772 562 833 ausculto
584 772 650 846 tibi,
672 770 802 851 rependo
823 766 891 850 tibi,
914 784 1102 856 repraesento
1123 776 1191 850 tibi,
1212 780 1361 860 prospicio

38 872 203 954 aproaideo
222 871 345 934 consulo
366 870 433 945 tibi,
456 871 548 932 avello
567 866 676 947 amico,
702 872 807 934 similis
824 894 889 935 eum
907 875 957 937 tibi
972 879 1080 955 lopun,
1104 878 1244 941 subtraho
1256 883 1366 957 amico,

62 975 203 1054 obstrepo
231 973 289 1045 illi,
320 971 431 1051 obrepo
459 970 563 1045 iudici,
593 980 751 1050 extorqueo
774 973 900 1050 nolenti,
932 985 1015 1037 vacat
1041 978 1127 1054 milii,
1162 978 1253 1058 liquet
1279 982 1360 1056 mihi,

62 1075 173 1154 derogo
194 1073 263 1147 tibi,
285 1072 419 1152 supplico
439 1070 504 1143 tibi,
525 1072 628 1132 studeo
647 1070 767 1147 litteris,
787 1075 876 1137 crisat
896 1075 955 1150 illi,
977 1076 1064 1157 palpo
1087 1097 1178 1157 equo,
1194 1076 1208 1163 ΙΙ
1222 1083 1360 1161 praeficio

45 1174 131 1252 tibi,
151 1175 256 1238 adsum
279 1173 396 1248 clienti,
419 1191 540 1253 prosum
557 1171 708 1269 omnibua,
734 1173 839 1236 obsum
860 1175 1002 1249 inimicis,
1024 1197 1160 1257 praesum
1184 1183 1360 1260 provinciae,

61 1279 176 1339 alienm
197 1294 263 1338 snm
285 1273 353 1336 tibi:
391 1282 495 1334 anteco
522 1271 563 1332 illi
585 1280 614 1331 et
637 1281 754 1350 praesto
772 1274 813 1334 illi
837 1275 931 1336 dativo
951 1295 1019 1338 casu
1041 1278 1181 1356 dicimus,
1207 1291 1238 1343 nt
1258 1285 1360 1348 Cicero

27 1379 143 1458 o‘qui
171 1376 345 1454 omnibus
374 1370 643 1451 intellegentia
670 1375 869 1460 anteibat’,
892 1377 962 1438 item
981 1378 1018 1439 de
1036 1380 1157 1442 deornm
1178 1392 1281 1446 natura
1302 1395 1361 1447 ter·

63 1479 103 1541 tio
127 1479 318 1541 ‘bominea
348 1475 519 1537 omnibns
546 1474 684 1535 bestiis
711 1477 971 1553 antecedunt’,
999 1488 1029 1540 et
1050 1480 1206 1544 Sallustius
1235 1486 1361 1565 ‘prae-

62 1591 165 1643 stare
187 1578 331 1641 ceteris
352 1575 616 1650 animalibue’;
639 1574 691 1635 sed
713 1584 742 1635 et
763 1579 929 1638 accusativo
951 1581 1109 1658 Vergilius,

575 1673 629 1734 ael
652 1692 820 1753 magnum
842 1688 1014 1758 praestet
1038 1681 1231 1760 Achillcn3

63 1791 168 1844 anteco
193 1797 312 1859 quoquc
333 1777 414 1838 illum
440 1775 604 1837 accusativo
624 1793 695 1837 casn
718 1774 889 1851 Terentina,

28 1904 53 1945 c
752 1896 851 1937 erum
873 1887 1005 1939 anteco
1026 1883 1231 1960 sapientia,

63 1983 185 2044 Plautrm
206 1980 241 2047 in,
256 1979 425 2040 Trinummo

787 2098 901 2158 geneis

228 2180 345 2243 multo
368 2181 544 2242 Surorum
566 2179 686 2241 anteit
706 2177 909 2259 patientia:

63 2283 174 2364 largior
193 2282 303 2356 amico,
332 2282 479 2361 gratificor
499 2279 568 2353 tibi,
596 2278 744 2357 obsequor
762 2280 895 2354 domino,
924 2270 1062 2342 adversor
1083 2283 1217 2358 inimico,
1238 2286 1361 2349 insidior

24 2384 215 2456 aboatibua,
242 2382 363 2444 medeor
382 2388 517 2459 aegroto3
549 2380 605 2440 hoc
635 2387 731 2440 autem
759 2382 889 2460 perlecto
915 2389 1009 2442 caret:
1038 2383 1185 2444 anteieror
1211 2388 1358 2463 omnibus,

62 2485 215 2567 praeferor
230 2480 328 2557 noha,
357 2481 504 2543 convicier
523 2480 664 2552 debitori,
694 2480 846 2557 peniculon
864 2481 982 2556 victori,
1013 2483 1196 2561 praevaricor
1222 2486 1358 2562 obnoxio,

61 2586 233 2667 patrocinor
248 2584 376 2663 patriae,
399 2580 520 2642 ancillor
541 2581 650 2654 amico,
672 2581 775 2642 adulor
796 2580 921 2654 amicae,
940 2581 1074 2643 blandior
1088 2584 1243 2663 magistro,
1262 2585 1361 2668 inpre-

63 2705 116 2749 cor
128 2686 231 2758 malin,
250 2684 393 2745 moderor
404 2681 473 2756 tibi,
495 2682 638 2743 misereor
651 2679 718 2756 tibi,
740 2682 822 2742 furor
839 2680 902 2741 tibi.
945 2690 1015 2742 eunt
1036 2683 1122 2743 etiam
1144 2685 1267 2764 plurima
1286 2686 1361 2747 idio·

62 2797 140 2849 mata
165 2803 241 2865 quae
264 2803 300 2846 cx
322 2782 489 2844 nominibus
511 2783 642 2844 omnium
664 2781 891 2842 declinationum
914 2782 1086 2844 ordinantur
1108 2793 1137 2845 et
1156 2803 1210 2865 per
1231 2782 1359 2846 dativum

25 2912 50 2953 a
63 2887 224 2950 coniuncto
243 2879 300 2948 alio
321 2883 410 2944 verbo
429 2884 606 2955 ess'cmntnr,
634 2900 694 2943 non
715 2891 813 2945 tamen
834 2881 973 2944 'omnibns
996 2885 1168 2962 generibna3
1193 2883 1278 2946 veluti
1300 2885 1361 2965 pri·

62 3007 128 3050 mac
150 2987 353 3050 declinationis
377 2985 516 3045 feminino
537 3003 661 3061 genere,
696 3003 785 3044 carae
810 2983 884 3043 mibi
911 2992 956 3044 est
978 2985 1096 3060 doctor,
1127 2987 1263 3048 miseriae
1290 2987 1361 3047 mihi

63 3097 109 3151 eet
129 3087 229 3162 labor,
261 3086 397 3149 infamiae
424 3084 495 3144 milri
523 3094 569 3145 cst
596 3102 694 3158 amor,
727 3084 856 3144 desidiae
876 3084 946 3144 mibi
974 3094 1019 3146 est
1044 3087 1182 3160 mictus,
1200 3105 1299 3148 morae
1321 3087 1361 3148 illi

62 3207 147 3263 sum,
181 3188 289 3267 gloriae
317 3187 389 3247 rbihi
419 3195 464 3247 cst
492 3186 584 3265 patria
613 3194 641 3245 et
669 3184 788 3258 similia;
804 3184 818 3264 Η
833 3184 979 3245 secundae
1004 3203 1112 3262 genere
1139 3196 1259 3261 neutro,
1292 3188 1360 3250 vitio

63 3287 116 3349 tibi
138 3288 177 3348 do
206 3289 283 3350 lianc
307 3305 385 3359 rem,
414 3286 582 3347 testimonio
610 3284 661 3346 tibi
688 3303 772 3356 sum,
802 3283 907 3344 auxilio
937 3284 988 3345 tibi
1019 3305 1100 3358 sum,
1133 3288 1278 3365 praesidio
1307 3287 1360 3348 tibi

26 3405 147 3461 meum,
182 3387 304 3449 coneilio
325 3387 378 3449 tibi
400 3405 482 3461 sum,
511 3387 664 3447 commodo
692 3385 743 3446 tibi
771 3404 852 3465 eum,
885 3385 991 3462 gaudio
1018 3387 1089 3447 mibi
1115 3395 1160 3445 est
1187 3387 1278 3447 virtus
1300 3395 1360 3460 tua,

63 3487 161 3550 taedio
182 3486 253 3547 mihi
276 3484 321 3550 est
341 3488 468 3561 desidia,
502 3488 568 3548 odio
591 3486 661 3545 mihi
690 3494 734 3546 est
762 3485 891 3565 pigritia,
921 3485 1130 3564 impedimento
1153 3485 1225 3546 mibi
1247 3495 1293 3546 est
1314 3504 1361 3546 se·
1412 3527 1417 3535 -

133 3656 150 3705 2
169 3669 230 3704 eruo
247 3656 288 3706 uel
307 3656 376 3705 dodo
395 3664 470 3719 capnt
488 3653 583 3719 (capud
602 3654 639 3709 Al
656 3654 690 3702 illi
708 3655 747 3702 uel
767 3652 860 3718 [rorigo
879 3653 949 3702 AM
1020 3653 1036 3705 3
1059 3653 1211 3716 inquomodo
1230 3653 1255 3701 A
1342 3649 1359 3700 d

64 3725 155 3790 obripo
173 3724 199 3773 A
216 3725 312 3790 obripio
330 3723 374 3774 M:
394 3724 488 3789 obrepo
505 3722 540 3771 illi
560 3722 689 3773 commta
701 3739 727 3787 p.
743 3722 795 3773 259
865 3718 983 3772 torosa
1002 3722 1039 3771 A:
1059 3722 1134 3770 crient
1152 3722 1196 3770 illi.
1212 3731 1239 3770 et
1256 3729 1358 3785 praesto

64 3794 110 3843 illi.
130 3793 207 3858 palpo
226 3791 259 3843 M
336 3791 457 3859 praeficio
474 3791 500 3842 A
517 3791 621 3856 proficio
641 3791 673 3840 M
746 3790 923 3856 Specuintiae
940 3790 996 3840 AM
1075 3786 1206 3853 ilcicero]
1224 3789 1299 3838 Brut.
1314 3787 1360 3849 114,

61 3860 116 3913 229
134 3862 283 3921 conculam,
309 3862 352 3926 qni
369 3874 456 3910 omnes
475 3859 647 3925 intellegentia
666 3860 793 3909 anteibant
880 3859 912 3910 10
937 3877 972 3911 ac
995 3861 1068 3910 tertio
1093 3860 1126 3908 de
1148 3859 1250 3909 deorum
1267 3865 1360 3906 natura

64 3931 130 3981 trono
147 3946 213 3995 quoe
234 3933 344 3982 citantur
367 3933 393 3980 in
412 3933 503 3979 lacuna
527 3931 619 3993 capitio
643 3929 676 3990 25
700 3932 785 3993 potito
804 3930 888 3991 saitae
909 3930 1042 3986 videntem·
1064 3930 1114 3976 nioi
1133 3930 1218 3990 potina
1239 3929 1265 3976 in
1287 3925 1360 3976 lilerio

64 3998 194 4050 utendo
209 4001 360 4050 ameiderm
377 3999 447 4055 leaeo,
465 4013 487 4046 c.
502 3995 542 4054 10,
554 3996 588 4046 25
606 3999 647 4060 qui
666 3998 748 4063 potuit
764 3998 850 4063 igitur,
870 3998 891 4046 ia
907 4005 1019 4062 praestat
1038 3995 1141 4044 homini.
1161 3994 1257 4044 homini
1275 4001 1359 4042 autem

64 4075 195 4133 praecum
213 4068 270 4131 quia
287 4067 369 4133 possit
387 4067 436 4114 nisi
455 4065 536 4115 deus?
554 4082 585 4115 eo
602 4076 681 4117 autem
699 4083 763 4131 quae
779 4074 876 4116 restant
892 4066 928 4114 ad
941 4065 992 4116 Cic.
1009 4065 1041 4114 de
1054 4065 1100 4128 off.
1116 4066 1124 4113 1
1142 4063 1184 4121 30,
1203 4062 1259 4122 toa,
1278 4074 1359 4126 quan-

64 4145 117 4185 tum
136 4143 228 4185 natura
245 4134 355 4185 hominis
373 4133 513 4200 pecudibus
531 4135 686 4198 reliquisque
704 4135 784 4183 beluis
804 4135 942 4193 antecedat,
956 4136 1086 4198 pertineat
1160 4132 1189 4182 ll
1210 4128 1316 4181 anteced
1329 4127 1363 4177 M

64 4202 189 4255 antedum
207 4204 232 4253 A
318 4202 439 4253 salustius
463 4199 526 4250 AM.
552 4201 624 4253 Catil.
646 4204 658 4252 l
679 4203 760 4252 omnia
778 4200 894 4252 homines
916 4202 958 4265 qui
977 4216 1033 4251 aeae
1052 4202 1154 4250 student
1170 4206 1300 4265 praestare
1319 4212 1360 4245 ee·

64 4272 128 4322 teria
144 4272 296 4322 animalibus
379 4270 633 4326 lancinatorum
720 4271 765 4320 aed
784 4285 801 4326 ς
820 4286 847 4320 ae
866 4270 923 4319 AM
1010 4277 1035 4318 nt
1055 4269 1213 4335 Virgilianos
1237 4276 1263 4315 ut
1282 4265 1360 4314 celius

65 4338 131 4391 AM.
149 4341 216 4392 Aeo.
235 4338 271 4390 x1
289 4338 341 4390 438
430 4337 462 4388 13
479 4348 575 4402 preerat
595 4339 626 4387 M
714 4340 745 4388 14
763 4354 896 4402 quoques·
922 4338 1038 4401 quodque
1057 4337 1082 4386 A
1106 4335 1242 4400 quodquod
1263 4332 1295 4382 M

66 4405 219 4472 Terentina]
245 4410 347 4460 Plorm.
367 4409 389 4457 11
409 4407 438 4468 l,
459 4406 490 4456 17
578 4407 609 4457 15
627 4422 697 4456 erum
715 4407 772 4456 AM
795 4406 921 4463 haraime
1005 4405 1037 4454 16
1064 4406 1147 4471 platus
1165 4404 1189 4450 in
1208 4404 1360 4451 trionummo

66 4475 131 4526 AM.
154 4479 265 4529 ilintate,
285 4477 308 4525 11
325 4478 351 4535 4,
370 4475 420 4524 144
436 4474 499 4538 (545
516 4474 552 4536 Ii)
641 4476 671 4524 17
692 4491 772 4541 genoe
791 4476 822 4524 M
906 4474 938 4524 18
953 4475 1045 4523 multoe
1065 4476 1176 4521 uirorum
1192 4470 1266 4526 AMg
1282 4470 1360 4518 multo

66 4543 189 4608 Syrorum
205 4545 341 4596 Paucdiua
411 4553 477 4592 aute.
497 4543 521 4590 id
539 4543 571 4591 M
593 4545 672 4593 anteie
688 4545 823 4594 Caesarina
899 4543 1058 4607 sapientiae
1135 4539 1168 4588 26
1186 4537 1361 4587 declinationis

65 4613 201 4665 Melaina
220 4613 410 4679 coniugationia
429 4610 487 4660 AM
555 4611 724 4661 attentatione
743 4611 887 4668 §insaniae
906 4609 938 4660 M
955 4612 1068 4659 insaniae
1086 4609 1124 4659 A:
1141 4606 1174 4669 cf.
1200 4608 1257 4658 Ter.
1277 4605 1360 4654 Andr.

67 4681 90 4730 ll
103 4679 129 4742 o,
146 4681 179 4735 ta
264 4679 299 4731 30
322 4680 418 4745 gaudio
437 4679 469 4727 M
492 4680 612 4742 gaudium
631 4679 656 4727 A
742 4679 771 4729 31
800 4680 884 4728 taedio
905 4678 937 4727 M
957 4676 1052 4726 redium
1071 4679 1095 4725 A
1182 4674 1361 4739 impedimento

66 4749 201 4801 Proetiae
221 4749 429 4814 impedimentum
448 4747 504 4796 AM

121 4851 326 4895 onaaruarrer
351 4850 461 4891 ruerat
489 4853 510 4890 r.
728 4834 730 4839 ’
1117 4827 1151 4888 21
