3114 5356
521 365 654 429 lusum
676 367 787 431 auant
808 360 879 430 LlB.
902 368 940 431 ll·
1308 374 1367 437 195

130 493 154 535 a·
171 480 216 521 ¹⁷⁶·
232 479 259 523 ²⁶
273 477 297 521 P·
1202 500 1224 541 p.
1241 488 1278 529 rra
1292 487 1316 530 c.

162 551 277 614 Abhinc
298 550 440 613 Pacuvius
461 552 491 612 in
512 554 665 616 Armomm
686 554 809 630 iudicio,
838 557 968 634 ‘seque
994 556 1036 617 ad
1061 556 1168 619 ludos
1191 559 1261 621 iarn
1282 560 1367 623 inde

30 720 33 725 ,
77 653 220 715 abhinc
242 656 471 729 exerceant',
490 654 609 719 Plautus
631 656 661 717 in
679 655 855 719 Mostellaria

246 754 306 834 qui
329 754 464 817 abhinc
484 757 678 836 sexaginta
692 753 706 842 ΙΙ
720 758 827 820 annis
846 759 998 821 occisus
1021 761 1133 838 foret;

78 857 130 919 ubi
150 857 246 938 Caper
271 858 413 935 ‘utroque
440 875 510 918 casu
531 867 611 947 recte
639 859 777 935 dicimus,
805 861 936 940 quamvis
957 871 990 924 ut
1009 863 1159 927 sordidum
1177 871 1207 925 et
1228 864 1362 943 vulgare’

50 960 175 1038 nunquit
196 959 333 1040 ‘quidam
354 959 545 1039 improbent'.

163 1060 294 1141 hmphus
316 1060 446 1122 lucilius
468 1072 632 1124 saturarum
654 1064 683 1138 l,

243 1180 315 1242 quo
333 1170 443 1242 pacto
461 1164 638 1245 populum
657 1174 769 1245 atque
790 1166 918 1229 urbem
939 1186 1092 1231 servare
1113 1169 1214 1251 potis
1234 1170 1284 1232 sit

245 1265 408 1345 amplius
429 1264 632 1327 Romanam.

77 1365 158 1445 quod
176 1366 250 1428 adeo
270 1366 415 1448 prolixum
436 1367 575 1447 temporis
598 1368 724 1449 spatium
746 1369 907 1450 siguificat,
936 1378 969 1433 ut
995 1371 1124 1447 iudices,
1148 1373 1365 1451 quotienscum-

39 1487 64 1529 ιο
76 1485 135 1546 que
158 1467 361 1547 significabant
380 1467 476 1530 adbuc
497 1487 529 1529 se
549 1468 649 1530 audire
670 1470 757 1546 velle,
777 1471 925 1552 ‘amplius'
944 1471 1080 1535 dicebant
1099 1473 1197 1554 itaque
1217 1477 1364 1556 negotium

11 1608 15 1617 ·
74 1568 267 1646 differebant3
289 1571 366 1632 uude
383 1570 528 1648 hodieque
549 1568 679 1651 ampliari
697 1572 836 1635 iudicium
855 1572 965 1635 differri
985 1573 1098 1638 dicitur.

84 1718 87 1725 .
162 1671 303 1753 simpliter
323 1672 443 1758 Plautus
462 1671 493 1733 in
517 1691 536 1728 a
557 1691 610 1753 pro
627 1673 731 1755 ample.
777 1675 873 1737 omnia
901 1675 978 1737 enim
1001 1677 1118 1739 nomina
1147 1697 1222 1757 quac
1243 1681 1273 1741 in
1294 1700 1366 1760 qua·

75 1771 157 1834 litate
179 1781 249 1835 sunt
265 1782 315 1835 aut
335 1774 365 1835 in
385 1774 559 1855 quantitate,
589 1775 613 1836 si
637 1775 732 1838 dativo
759 1796 829 1839 casu
850 1778 881 1839 in
908 1798 926 1840 o
954 1788 1073 1856 exeant,
1106 1779 1241 1845 adverbia
1267 1802 1322 1863 per
1349 1802 1365 1844 e

74 1873 204 1938 litteram
231 1876 358 1951 faciunt,
384 1883 419 1938 ut
438 1875 542 1940 doctus
563 1877 662 1954 docte,
689 1877 803 1961 amplus
831 1877 935 1961 ample
980 1879 1032 1942 sed
1053 1889 1164 1945 veteres
1184 1901 1245 1945 non
1264 1883 1365 1947 obser·

39 1986 226 2040 timuerunt

162 2079 324 2142 Artificiosa
345 2080 376 2142 P.
393 2079 517 2142 Rutilius
532 2082 623 2144 liuius
646 2082 682 2144 de
702 2082 759 2144 rita
780 2100 832 2144 sua
852 2080 927 2145 libro
946 2083 975 2157 l,
998 2083 1213 2166 ‘Pompeius
1235 2087 1364 2167 elabo-

75 2182 245 2244 raritati
268 2181 443 2263 populum
466 2182 664 2246 Romanum
684 2192 815 2248 nosset
843 2202 996 2264 eumque
1024 2184 1239 2249 artificiose
1264 2188 1364 2250 salu·

75 2289 217 2361 taret’;
244 2283 350 2346 nseuio
376 2302 492 2364 quoque
519 2305 617 2348 rerum
644 2286 838 2349 Romanarum
859 2272 909 2349 im
935 2289 1023 2348 ‘tam
1049 2286 1245 2368 pulchrum
1271 2310 1363 2371 opus

76 2394 223 2465 tamque
258 2386 475 2450 artificiose
510 2387 647 2449 factum
681 2406 817 2468 passus
852 2396 909 2450 est
946 2387 1080 2465 dirui’;
1116 2387 1165 2452 ubi
1197 2390 1239 2452 l'l.
1269 2392 1364 2473 Caper

33 2502 62 2545 aa
75 2487 223 2567 ‘quamvis
244 2487 419 2550 artificiosus
440 2488 497 2550 dici
515 2507 574 2550 non
596 2489 705 2570 possit,
727 2499 760 2552 ut
779 2489 962 2553 malitiosus'.

162 2589 274 2650 Acriter
302 2589 424 2672 Crispus
443 2591 498 2664 111,
526 2594 614 2652 ‘non
641 2599 681 2652 tu
710 2591 803 2665 scis,
831 2592 961 2670 siquas
990 2589 1104 2652 aedes
1132 2593 1233 2671 ignis
1261 2597 1365 2673 cepit

74 2690 237 2768 acriter,
271 2690 367 2754 haud
402 2691 533 2754 faciles
568 2699 656 2754 sunt
682 2690 839 2755 defensa
869 2691 957 2772 quin
989 2689 1247 2754 conburentur
1277 2711 1365 2772 pro·

73 2797 234 2856 xumae’.

162 2923 181 2959 s
211 2897 340 2976 ‘aegre
367 2896 499 2958 faciam
527 2896 653 2959 filiis'.
696 2896 774 2958 idem
800 2898 831 2959 in
854 2898 956 2960 eadem
973 2925 993 2962 s
1022 2894 1170 2960 subaudiri
1196 2895 1284 2958 dehet
1303 2914 1366 2958 rer·

32 2997 166 3072 mbum,
194 3005 228 3059 ut
254 2998 293 3060 sit
319 3017 414 3078 aegre.
459 2998 542 3060 aliter
561 2997 681 3060 Plautus
702 2999 733 3059 in
758 2999 955 3062 Bacchidibus
981 3000 1110 3077 ‘aegre
1137 2997 1364 3080 impetravi'.

76 3098 149 3161 item
168 3099 328 3163 Caesellius
349 3100 458 3162 Vindex
475 3100 550 3162 libro
572 3100 596 3162 L
615 3118 701 3179 aegre
722 3106 754 3160 ut
773 3099 859 3162 docte
880 3102 920 3163 ait
940 3119 1029 3181 posse
1050 3099 1116 3161 dici.

161 3200 247 3263 Brevi
270 3221 324 3283 pro
344 3202 470 3265 breviter
489 3201 526 3263 li.
548 3202 661 3264 Tullius
679 3201 716 3262 de
737 3209 852 3265 oratore
875 3227 895 3264 s
916 3202 953 3264 ad
973 3200 1113 3272 Quintum
1140 3200 1275 3276 fratrem,
1307 3201 1367 3262 ‘ac

75 3321 120 3362 ne
148 3301 273 3381 plura'
300 3305 408 3384 inquit,
438 3308 547 3383 ‘quac
577 3309 661 3364 sunt
687 3301 997 3380 innumerabilia,
1026 3308 1244 3377 consecter,
1277 3320 1366 3362 con-

74 3404 306 3484 prehendam
327 3406 458 3468 hrevi'.

33 3535 62 3577 a
163 3507 349 3570 Confidenter
370 3529 423 3590 pro
447 3507 584 3573 audacter
605 3507 758 3569 Terentius
783 3507 813 3568 in
835 3504 994 3579 Eunucho,

697 3627 789 3688 quae
811 3608 891 3670 eius
913 3603 1149 3668 confidentia
1172 3602 1248 3667 esti

149 3778 160 3828 1
180 3793 288 3842 seseque
304 3782 407 3829 coniecit
425 3780 582 3831 Herennianus
600 3795 685 3843 opace.
699 3769 752 3828 ¹Vll
767 3793 794 3841 p.
813 3776 865 3829 366
949 3779 966 3827 2
990 3778 1015 3827 in
1034 3769 1204 3836 Mostellaria]
1230 3773 1252 3821 ll
1278 3772 1308 3828 2,
1330 3770 1365 3822 64

75 3847 141 3903 (164
159 3847 198 3913 lt)
279 3848 296 3901 6
314 3849 360 3899 tx
377 3851 450 3899 annis
464 3850 492 3899 N
507 3851 676 3916 quadraginta
692 3848 766 3899 anuis
782 3847 915 3898 Fabricius
993 3846 1010 3898 6
1027 3847 1113 3907 saturi
1137 3844 1172 3893 .l.
1194 3855 1244 3906 quo
1261 3849 1363 3907 pactum

66 3917 112 3977 N:
137 3932 189 3980 quo
212 3918 335 3984 populum
356 3919 440 3983 adque
461 3922 549 3970 urbem
573 3928 644 3986 pacto
669 3933 772 3970 semare
796 3919 904 3983 potissct
924 3917 1007 3969 codex
1028 3916 1182 3966 Veronensis
1204 3915 1366 3975 interpretans

81 3988 190 4053 Verque·
203 3987 271 4039 Aen.
288 3988 313 4038 X
330 3988 382 4043 680
458 3991 476 4043 9
491 3991 599 4056 spatium
620 3987 753 4040 Putsebbu
772 3988 871 4053 epatius
886 3986 913 4036 N
986 3986 1019 4039 10
1035 3984 1133 4053 sigulfi.
1143 3976 1210 4090 pdb.
1230 3979 1257 4047 (i.
1277 3997 1301 4034 e.
1320 3979 1365 4029 ad-

77 4105 138 4172 hoc)
153 4106 180 4157 N
196 4109 367 4175 significarent
380 4110 463 4161 adhuc
480 4127 502 4160 ω
572 4109 683 4160 dicerent
700 4109 804 4160 coniecit
820 4108 1006 4159 Lindemanaus
1075 4105 1106 4157 11
1127 4061 1275 4156 dlefcrehant
1289 4101 1316 4150 N
1355 4167 1366 4177 Ι

78 4176 109 4226 12
127 4178 269 4245 ampliter]
288 4179 385 4232 otoo.
400 4196 428 4244 p.
446 4178 481 4230 60
566 4178 671 4284 Plautup
692 4193 738 4245 pro
763 4178 848 4244 ample
871 4179 896 4228 in
914 4177 1020 4229 Bacchis
1037 4174 1170 4227 muana
1256 4170 1288 4223 13
1312 4171 1365 4219 dau

77 4298 148 4348 asur
163 4297 192 4348 rr
261 4298 293 4350 rs
309 4270 404 4350 ratuni
422 4299 551 4350 onaan
566 4301 582 4349 ι.
597 4315 619 4349 0.
640 4296 731 4366 aarum
752 4298 779 4348 rr
864 4297 896 4349 re
917 4298 949 4348 a
965 4296 1123 4350 mxu
1141 4294 1240 4346 aorem
1255 4292 1366 4355 repper-

77 4365 148 4419 dctus
163 4367 254 4422 Puaot.
273 4370 309 4421 Vi
323 4384 351 4432 p.
371 4368 429 4422 136.
459 4369 585 4420 andecimo
607 4369 671 4420 libro
692 4369 858 4435 srapmeatam
881 4368 968 4419 mouit
983 4370 1080 4420 ardua
1099 4367 1193 4432 srcpm.
1213 4363 1298 4412 ἥκων.
1316 4367 1365 4411 oet.
1424 4380 1429 4389 ·

76 4448 102 4496 a.
118 4437 153 4488 45
230 4438 266 4491 bt)
283 4440 401 4502 quamuis
418 4439 581 4489 artificiosius
597 4439 648 4489 dici
664 4453 715 4488 non
733 4445 822 4504 posset
838 4446 866 4488 ut
884 4437 1037 4489 malitiosius
1055 4454 1077 4488 ω
1163 4433 1195 4484 21
1215 4432 1324 4482 itascis
1342 4430 1366 4478 si

78 4509 173 4595 laedes
190 4528 230 4579 N:
257 4544 321 4593 quas
338 4545 359 4580 ω
444 4531 478 4581 22
496 4528 585 4579 faciles
604 4531 634 4580 G.
657 4526 801 4594 W‘apoerus
824 4528 916 4594 ephan.
932 4544 1048 4595 pytanae·
1074 4543 1100 4577 a.
1119 4520 1297 4588 templus
1328 4518 1366 4569 la·

80 4597 124 4649 sile
138 4597 165 4649 N
238 4601 283 4663 qui
301 4614 334 4650 ne
348 4599 376 4649 N
389 4601 450 4663 quin
470 4606 495 4650 et
512 4614 533 4648 ω
609 4599 644 4649 ‘24
660 4600 764 4649 facimus
781 4599 898 4663 indicant,
918 4599 1006 4664 paidos
1022 4604 1047 4648 et
1064 4612 1150 4648 aoruca
1166 4603 1289 4647 etsersus
1305 4604 1365 4655 pue·

81 4677 122 4719 tcc
141 4673 210 4721 cuais
233 4669 312 4720 oeric
332 4670 421 4736 priore
436 4672 489 4721 looo
507 4670 596 4719 relicta
611 4677 668 4719 sum
684 4669 833 4720 ecciderunt
916 4669 950 4718 25
974 4669 999 4717 in
1018 4662 1201 4730 bacchidibus]
1224 4662 1314 4726 11114,
1332 4655 1368 4709 46

81 4737 140 4800 (oet
158 4739 192 4805 ff)
281 4739 317 4791 26
339 4738 477 4790 Caesellius
492 4738 624 4790 Fabricius
650 4738 774 4790 oascellus
797 4754 864 4788 corr.
883 4738 1017 4788 cassellius
1034 4736 1061 4787 N
1147 4735 1212 4787 libro
1229 4733 1250 4783 L
1270 4730 1366 4781 litterae

82 4807 209 4926 sobrietas
287 4810 321 4860 27
340 4809 372 4859 de
389 4805 498 4874 oratore]
519 4808 571 4873 18,
587 4806 621 4859 34
702 4808 736 4860 28
755 4804 846 4873 inquit]
868 4807 970 4870 quidam
988 4806 1015 4856 N
1097 4807 1132 4858 36
1151 4807 1177 4856 in
1194 4799 1325 4865 Eunucho]
1343 4798 1367 4847 V

1101 4960 1160 5023 13*
