3114 5356
212 287 253 347 60
777 286 939 350 cflautsu

279 403 363 446 ,κη
1316 401 1453 448 ,ηωμ

212 417 337 536 Grclaea
362 475 495 554 analogia
522 474 693 537 declinanda
723 485 799 538 sunt.
844 484 946 538 neutra
970 476 1058 554 igitur
1079 482 1190 535 tanturn
1211 475 1241 535 in
1263 416 1383 549 eptae
1402 476 1507 536 torale

210 577 269 639 ltoe
292 576 411 657 facim
446 594 576 658 quoram
608 577 759 657 genetivus
787 577 942 657 singularis
970 578 999 639 in
1027 578 1053 639 is
1078 577 1153 651 exit,
1182 576 1261 637 velut
1286 577 1374 638 huius
1403 577 1505 639 torulis

211 681 299 743 limus
317 677 619 773 iaeilis,·0adlatioaa
640 686 741 785 aulam
762 680 827 741 iai
848 679 950 755 eadit,
980 686 1013 740 ut
1033 679 1070 741 ab
1090 680 1148 739 hoe
1174 677 1257 738 torali
1278 679 1315 739 ab
1336 678 1392 740 hoo
1415 679 1504 741 facili.

212 802 280 845 nam
308 783 332 843 si
360 781 492 843 dicemus
516 779 557 841 ad
584 780 643 843 loe
671 780 773 843 torale
798 780 840 842 ad
861 781 920 842 doe
944 779 1060 858 facile,
1085 780 1216 859 repntlam
1240 788 1411 842 neutrorum
1437 801 1505 842 cor·

211 903 396 965 rumpemus,
428 883 507 944 salva
530 893 665 946 manente
687 892 789 945 tantan
813 885 942 973 rationu·-
959 898 1065 971 ἥρω
1084 882 1201 963 scripta.
1247 890 1333 943 eruut
1354 882 1432 943 enim
1455 880 1530 945 eds

212 1005 263 1048 sus
281 995 416 1066 mtaduor
438 986 562 1061 similes,
588 982 593 1069 Ι
619 1006 686 1049 oum
710 958 1119 1077 nantensis-''dpl'mdutae
1144 984 1240 1044 omnia
1262 991 1364 1045 neuim
1384 986 1505 1067 triptota

212 1108 292 1163 esse,
315 1108 373 1150 nou
394 1095 559 1169 teuaptota.
604 1088 763 1150 ablativus
784 1076 940 1169 &itaq-'bf'
975 1084 1048 1148 'tro
1080 1086 1197 1148 nornine
1218 1087 1227 1146 i
1249 1086 1344 1148 littera
1365 1084 1506 1150 tar-'mina-

213 1199 261 1252 tus
288 1174 435 1271 a'aeoipit
455 1199 485 1252 et
508 1190 590 1269 facit
609 1210 649 1252 aa
669 1209 705 1251 aa
724 1170 915 1251 nominati⁸¹⁵
961 1186 1119 1269 plunnium,
1142 1196 1175 1249 ut
1192 1188 1228 1249 nli
1246 1189 1303 1248 hoo
1324 1189 1409 1251 totali
1431 1190 1505 1252 haee

212 1292 314 1353 toralia
336 1300 365 1353 et
387 1293 423 1353 ab
444 1293 500 1355 hoo
523 1293 597 1354 lucili
619 1293 698 1354 liaeo
716 1291 844 1370 [acilia-
872 1292 948 1353 uude
969 1290 1156 1352 manifestum
1176 1292 1208 1352 lit
1229 1284 1325 1352 vetet!
1345 1292 1419 1367 diui,
1442 1313 1503 1356 uou

212 1394 336 1468 veterio,
365 1403 394 1455 et
422 1393 563 1472 maiora,
590 1413 653 1456 aaa
679 1393 823 1468 matoria,
853 1401 881 1455 et
902 1393 1003 1473 plura,
1026 1412 1084 1454 nou
1107 1392 1217 1473 pluria;
1240 1394 1369 1471 utramuis
1392 1394 1503 1457 Teren·
1518 1419 1542 1459 n

213 1496 270 1558 tius
290 1495 321 1556 iu
344 1494 486 1574 Adelphis
511 1498 629 1556 ‘aona
649 1495 712 1557 ltin
731 1494 1082 1575 conpluria’dixerit
1126 1513 1251 1573 quonum
1273 1494 1415 1557 ablativus
1442 1517 1503 1560 uon

189 1596 241 1659 1η
268 1597 277 1656 1
306 1595 492 1671 terminatur,
524 1598 577 1660 sed
605 1598 637 1658 ia
663 1618 688 1659 e.
734 1596 865 1658 dicimos
890 1597 970 1659 enim
997 1596 1038 1658 ab
1065 1595 1124 1657 lano
1147 1603 1250 1657 vetere
1275 1597 1386 1659 maiore
1407 1599 1502 1681 plum,

212 1718 271 1760 uon
290 1698 326 1759 ab
351 1698 407 1759 ltoc
429 1700 516 1761 veteri
541 1700 643 1760 maiori
666 1698 752 1780 pluri.
798 1719 896 1781 quare
917 1698 1148 1763 autentorum
1171 1697 1328 1759 ablativus
1355 1701 1384 1762 in
1406 1723 1423 1763 e
1444 1711 1503 1765 ter-

212 1801 348 1874 minetur,
372 1819 430 1862 non
447 1800 476 1860 iu
491 1800 510 1874 i,
532 1803 731 1882 conprehendi
749 1811 846 1885 potest
865 1802 927 1862 ita:
948 1801 1083 1880 intellepi
1103 1817 1180 1861 taae
1197 1808 1295 1895 potqt
1313 1803 1349 1865 de
1368 1780 1502 1883 genetivo

210 1902 331 1983 plurali,
354 1902 404 1981 qui
425 1910 492 1963 ante
514 1923 561 1965 um
583 1924 641 1966 non
662 1906 788 1968 habeti.
832 1923 904 1967 nam
930 1911 1058 1965 veterum
1079 1904 1220 1967 maiorum
1242 1912 1272 1965 et
1292 1907 1408 1986 planum
1431 1909 1502 1972 diei·
1518 1930 1539 1972 u

168 2039 176 2057 .
210 2021 286 2064 mus.
331 2003 367 2065 de
391 2004 500 2066 maiore
529 2016 626 2068 tamen
650 2007 692 2069 rel
715 2007 827 2068 minore
848 2025 1006 2087 poossumus
1029 2006 1126 2067 dicere
1150 2028 1166 2068 e
1187 2008 1334 2069 terminari
1355 2020 1501 2097 oportere,

211 2103 289 2181 quod
317 2123 390 2183 quae
418 2110 594 2190 conparativi
622 2111 730 2190 gratius
755 2117 824 2171 sunt
848 2108 857 2169 i
885 2108 961 2169 finiri
990 2126 1048 2169 nou
1074 2118 1206 2188 possunt
1251 2129 1367 2193 semper
1386 2118 1501 2183 enime

210 2203 305 2266 littera
327 2207 451 2292 ablativo
473 2229 544 2272 casu
565 2212 714 2274 liniuntur.

214 2427 272 2478 l-
286 2427 317 2478 16
335 2427 360 2476 Ν
732 2432 799 2482 auda
816 2439 874 2481 sunt
891 2437 979 2480 neutra
997 2431 1074 2496 igitur
1090 2436 1185 2480 tontum
1205 2434 1230 2481 iu
1247 2470 1253 2481 .
1269 2452 1291 2484 e.

733 2520 768 2585 rig
786 2521 811 2568 in
829 2518 851 2569 is
872 2518 935 2569 exiit
949 2519 984 2567 nu
998 2517 1075 2566 lanius
1086 2517 1259 2569 toralishnius
1269 2521 1294 2571 la

733 2604 758 2656 h.
774 2603 847 2653 totali
864 2604 896 2652 ab
914 2603 940 2652 lt.
960 2601 1045 2653 faciali
1064 2617 1121 2651 narn
1137 2604 1159 2652 si
1178 2605 1294 2659 dicemus

733 2690 787 2738 troi
830 2703 1019 2754 corrumpamus
1062 2688 1132 2738 salam
1177 2701 1293 2745 manente

701 2775 779 2825 Erunt
791 2773 819 2822 tt
833 2788 907 2823 casua
921 2776 985 2824 .1111.
995 2774 1093 2825 similes
1103 2791 1159 2825 oum
1175 2779 1293 2831 traditum

517 2874 531 2901 ο
684 2869 771 2911 neutra
815 2861 918 2925 triptota
965 2877 1023 2912 esse
1067 2876 1116 2911 unu
1160 2873 1294 2933 tetraptota

669 2948 768 2996 tramine
791 2948 800 2994 i
830 2946 914 2995 littera
937 2949 1086 2997 terminatus
1110 2964 1125 2997 a
1148 2952 1252 3016 aecipit'
1270 2965 1293 3005 et

668 3036 683 3082 ῖι
702 3040 729 3082 nt
744 3034 775 3082 ab
793 3033 829 3084 .h.
846 3032 920 3084 torali
938 3031 956 3081 lt
974 3033 1064 3083 toralia
1082 3044 1106 3085 et
1125 3038 1156 3087 ab
1168 3037 1194 3091 h.
1209 3039 1294 3092 laciali

668 3120 804 3171 anilestum
830 3119 858 3169 lit
887 3127 973 3170 uetera
1002 3120 1052 3169 dici
1088 3121 1105 3169 ri
1138 3128 1233 3177 neterin
1269 3139 1294 3180 et

666 3208 736 3258 riaet
746 3207 844 3274 plurari
855 3207 938 3274 pluria
949 3208 1066 3271 quamuis
1075 3192 1186 3261 trontius
1200 3214 1224 3262 in
1237 3215 1294 3265 adel

666 3296 691 3344 ia
700 3295 794 3345 dixerit
804 3295 870 3359 quoi
878 3295 937 3345 obli
947 3296 965 3344 ri
975 3296 1000 3344 in
1009 3297 1036 3344 .i.
1046 3297 1194 3349 terminatur
1202 3300 1288 3352 sede.

649 3383 745 3435 maiore
762 3383 834 3449 plure
852 3396 901 3431 non
917 3383 948 3431 nb
967 3382 994 3435 h.
1013 3384 1093 3433 ueteri
1116 3386 1204 3438 maiori
1228 3389 1295 3452 pluri

630 3468 1295 3538 ablatiuusln.e.termiuetur1iin.inprehsndipoe÷

598 3571 611 3604 e
625 3557 702 3619 pot÷
713 3556 745 3606 de
757 3557 871 3622 genitiuo
882 3556 976 3622 plurali
991 3558 1034 3620 qui
1048 3557 1133 3607 anteit
1146 3558 1164 3606 ιῑ
1174 3559 1249 3610 habet
1266 3564 1291 3615 .i.
1471 3573 1503 3622 15

620 3641 1296 3708 maiorumetplurumdieimusdemaioretrilmiuore
1333 3638 1335 3641 ¹

419 3742 555 3791 possumus
572 3727 657 3778 dicere
672 3744 705 3780 .a.
722 3731 851 3780 terminari

282 3865 295 3914 l
320 3867 345 3914 in
365 3864 555 3917 eaGenitiuus
574 3867 712 3933 singularis
729 3885 751 3920 ω
771 3918 776 3925 ,
838 3871 855 3922 3
871 3870 947 3920 huius
962 3870 1075 3923 faecialis
1094 3895 1108 3925 a
1126 3883 1154 3924 ut
1172 3875 1202 3923 ab
1222 3877 1270 3927 hoc
1288 3879 1362 3928 torali
1381 3896 1402 3930 ω
1486 3889 1504 3938 4

212 3937 327 3986 dieamus
344 3954 357 3986 a
375 3935 489 4000 regulam
511 3946 655 3987 neutrorum
676 3954 697 3987 ω
783 3940 800 3990 5
824 3948 941 3991 manente
962 3963 974 3991 a
994 3944 1098 4008 scripta.
1124 3956 1194 3994 eraut
1210 3962 1231 3995 ω
1315 3949 1469 4004 titruditum
1490 3978 1502 4006 a

188 4005 296 4073 pomuia
315 4011 402 4053 neutra
420 4020 442 4054 ω
511 4007 526 4055 7
547 4013 709 4071 tetraptota*
729 4015 816 4060 neutro
835 4011 937 4060 nomine
952 4028 974 4061 ω
1050 4013 1108 4063 Set
1125 4037 1137 4065 a
1155 4017 1229 4065 trium
1250 4017 1374 4084 pluralem
1395 4038 1416 4071 ω
1486 4028 1504 4077 u

211 4075 297 4126 leeiali
316 4074 425 4156 ieeialin.
448 4075 517 4125 uude
533 4075 694 4127 manifestum
712 4080 745 4129 ait
762 4094 783 4128 ω
866 4080 896 4131 11
917 4081 943 4129 in
963 4081 1087 4148 Adelphis
1106 4085 1190 4151 pluria
1208 4102 1230 4136 ω
1312 4088 1343 4140 15
1360 4093 1368 4140 i
1387 4102 1414 4143 ut
1433 4105 1504 4146 uete-

213 4160 278 4209 rum,
298 4159 421 4194 marorum
439 4158 460 4192 ω
1264 4172 1267 4178 ·

282 4315 406 4369 lTorule
424 4315 500 4366 facile
515 4317 660 4367 neutraliter
678 4327 702 4368 et
718 4319 813 4371 iaciunt
831 4324 944 4388 genitino
962 4325 1058 4377 taralis.
1085 4327 1192 4378 facialis.
1218 4327 1263 4393 plin
1282 4329 1416 4397 laeialinp
1487 4340 1504 4387 'l

211 4387 338 4439 ablatinns
355 4388 433 4454 igitur
451 4401 467 4436 a
483 4394 571 4438 neutro
587 4389 721 4439 Putaediur
804 4392 821 4442 8
847 4394 908 4443 lacit
927 4397 1111 4447 nominatiuum
1128 4399 1260 4449 bnamma
1351 4402 1383 4453 lt)
1407 4408 1504 4456 maiora

211 4474 261 4511 uon
281 4459 387 4507 maioris
403 4456 534 4508 Fabricius
623 4458 653 4509 ll
679 4474 746 4508 nona
767 4460 810 4510 hio
833 4464 964 4529 conpluris
991 4483 1026 4516 ea·
1041 4467 1188 4518 Pdonaione
1210 4468 1320 4520 Terentii
1338 4473 1401 4537 (llll
1421 4475 1450 4534 3,
1470 4477 1504 4535 6)

211 4528 297 4593 adfert
315 4527 443 4578 Οὴανίεἰιω
459 4543 487 4591 p.
507 4525 550 4581 su.
572 4526 621 4578 100
699 4527 731 4579 13
749 4546 826 4592 quare
839 4543 927 4583 autem
946 4535 1035 4585 horum
1053 4537 1179 4587 ablatiuus
1194 4538 1326 4590 I’ntsedius
1403 4544 1435 4594 lt
1453 4562 1503 4596 uon

211 4598 237 4645 iu
256 4599 265 4647 i
284 4597 440 4662 deprehendi
459 4604 584 4661 potestat
603 4599 629 4647 in
647 4599 792 4651 nominibus
813 4617 877 4664 quae
896 4607 1059 4670 comparandi
1076 4615 1147 4670 aunt,
1164 4609 1240 4657 etiarn
1259 4619 1342 4674 potest
1361 4611 1392 4661 de
1411 4614 1504 4667 ladri-

210 4667 263 4716 eint
279 4681 328 4717 non
353 4667 407 4715 ini
431 4665 610 4732 comprehendi
634 4681 683 4718 non
705 4678 802 4735 potest,
826 4671 934 4740 intelligi
952 4690 1013 4725 sane
1038 4684 1129 4743 potest.
1153 4684 1235 4742 potest
1254 4679 1286 4728 de
1301 4681 1434 4734 Ponetur

212 4786 244 4836 tt
262 4792 375 4835 ueterum
395 4787 462 4836 enirn
480 4787 628 4840 Putscltiut:
643 4791 758 4853 sartam
777 4804 834 4843 nam
850 4801 877 4842 ut
892 4801 1006 4845 ueterum
1060 4797 1110 4879 ο17
1129 4811 1179 4847 nou
1195 4756 1289 4865 possunt
1306 4800 1332 4849 N
