3114 5356
629 297 710 356 333.
732 295 872 356 33333.
895 296 1001 359 333
1152 263 1155 266 ’
1403 300 1465 361 333

1269 413 1335 455 ,33,
1348 413 1375 454 ιι
1388 413 1411 454 v.

159 505 211 546 ces
240 492 270 544 31
299 483 373 543 haec
405 481 516 553 1311313,
536 483 677 577 vocativo
706 502 723 542 3
752 479 852 542 felices
885 489 915 542 31
943 503 961 542 3
994 485 1103 558 felicia,
1131 426 1267 545 ablativop
1282 484 1318 544 ab
1350 485 1396 547 his
1422 487 1465 546 13-

159 585 280 646 linibus.

250 684 357 745 Omnia
379 684 497 744 nomina
518 684 621 745 Latina
640 685 818 745 nominativo
840 663 1074 762 easu'singulaii
1100 683 1206 772 litteris
1231 686 1385 747 duodecim
1415 660 1465 748 ex-

159 786 265 848 tremis
279 786 490 857 terminantur,
512 786 660 847 vocalibus
674 786 819 862 quinque,
841 805 859 846 3
881 805 897 845 3
919 786 928 845 1
949 806 967 847 3
990 806 1025 860 ιι,
1049 792 1081 846 31
1100 786 1225 846 Sisenna
1239 788 1347 849 monile
1368 789 1464 868 sinapi

131 890 267 951 allicere
291 905 377 960 veru;
399 894 429 945 31
448 886 671 947 semivocalibus
690 905 757 960 sex,
777 887 786 945 l
807 905 837 946 m
859 906 879 947 n
901 906 917 947 r
938 907 953 947 s
974 906 1008 961 x,
1034 887 1183 949 31333331
1199 888 1340 967 templum
1357 897 1463 969 pecten

160 991 273 1050 Caesar
293 985 383 1046 lulius
407 987 495 1062 silex;
516 987 586 1048 item
608 973 696 1049 muta
710 1006 778 1062 una,
798 996 819 1063 t,
838 996 871 1048 ut
892 996 989 1067 caput.
1023 969 1162 1066 sunt'qui
1184 988 1295 1048 addunt
1314 1008 1341 1062 c,
1360 989 1463 1062 31133,

159 1088 240 1165 qvied
265 1087 355 1147 Varro
374 1110 393 1145 3
417 1088 489 1147 33113
511 1088 717 1166 grammaticae
739 1088 919 1149 exterminat
964 1090 1115 1165 genetivus
1137 1108 1224 1149 casus
1240 1087 1396 1166 singularis
1414 1097 1465 1149 aut

160 1187 283 1248 totidem
307 1170 426 1266 syllabis
447 1197 583 1249 constare
606 1189 693 1249 debet
714 1198 786 1268 quot
807 1189 1002 1250 nominativus
1023 1190 1100 1263 eius,
1121 1201 1153 1249 ut
1174 1189 1316 1267 Vergilius
1336 1189 1463 1266 Vergilii,

159 1289 319 1349 Terentius
333 1289 474 1363 Terentii,
499 1299 528 1350 et
549 1290 587 1351 ob
607 1290 635 1350 id
653 1292 797 1367 geminata
814 1289 838 1362 i,
861 1297 910 1350 aut
925 1308 982 1349 una
998 1289 1107 1368 syllaba
1129 1291 1286 1365 excedere,
1307 1299 1340 1352 ut
1355 1290 1465 1351 1133133

122 1413 146 1451 ιιι
160 1390 315 1462 lleetoris,
342 1389 449 1450 Nestor
473 1390 615 1451 Nestoris.
660 1392 815 1470 aliquando
845 1392 933 1451 etiam
959 1391 1073 1453 duabus
1100 1391 1218 1470 syllabis
1245 1391 1404 1476 adcrescit,
1432 1399 1465 1451 ut
1509 1383 1515 1394 ’

161 1491 295 1570 supellex
318 1491 522 1571 supellectilis,
545 1492 601 1551 iter
621 1492 751 1567 itineris,
774 1513 883 1573 anceps
905 1493 1055 1572 ancipitis,
1078 1511 1221 1572 praeceps
1243 1491 1421 1572 praecipitis.

249 1593 373 1652 Formae
394 1590 621 1654 declinationum
646 1595 813 1667 nominum,
843 1603 876 1655 31
898 1594 1073 1672 quibusdam
1094 1595 1221 1668 videtur,
1251 1601 1320 1654 sunt
1342 1599 1464 1671 septem.

161 1696 258 1774 prima
281 1703 328 1754 est
354 1711 429 1771 quae
456 1694 620 1770 genetivum
647 1697 824 1774 singularem
851 1696 940 1755 mittit
954 1691 968 1777 ΙΙ
982 1695 1018 1764 13,
1034 1714 1068 1756 33
1094 1715 1202 1774 genere
1229 1694 1379 1753 dumtaxat
1406 1699 1465 1751 tam

161 1796 327 1857 masculino
356 1812 442 1872 quam
469 1795 625 1869 feminino,
655 1806 687 1857 31
711 1800 825 1858 deneas
853 1798 983 1869 Aeneae,
1012 1797 1124 1857 Latona
1151 1799 1289 1885 1313333.
1334 1791 1465 1853 secunda

124 1920 148 1958 3
162 1897 329 1975 genetivum
352 1895 472 1956 1331113
495 1895 554 1956 113
580 1899 659 1958 omni
682 1916 806 1975 genere,
835 1905 867 1958 ut
890 1916 964 1976 puer
986 1899 1086 1976 pueri,
1114 1898 1214 1959 laurus
1236 1896 1325 1966 lauri,
1349 1890 1462 1951 caelum

162 1999 246 2060 caeli.
279 1998 363 2058 tertia
383 2005 429 2057 est
447 2015 521 2074 quae
542 1999 676 2074 genetivo
697 2000 706 2059 1
728 1999 872 2077 geminata
894 2017 1002 2076 genere
1023 2007 1137 2059 tauumi
1158 1995 1320 2058 masculino
1342 2001 1464 2053 31333-

161 2110 208 2162 tro
231 2099 418 2173 terminatum
440 2099 604 2160 masculino
625 2109 657 2160 ut
679 2101 820 2178 Vergilius
838 2099 968 2177 Vergilii,
991 2110 1110 2171 333133,
1132 2106 1164 2157 31
1179 2097 1327 2175 ingenium
1343 2093 1462 2172 ingenii.

160 2211 265 2279 quarta
294 2200 324 2259 iu
347 2202 425 2260 omni
448 2220 555 2278 genere
577 2203 607 2261 in
636 2203 676 2275 is,
710 2210 741 2263 31
769 2213 868 2264 orator
894 2200 1035 2275 oratoris,
1069 2200 1163 2260 oratio
1193 2197 1349 2269 333113313,
1381 2195 1464 2256 sidus

161 2302 277 2365 sideris.
323 2301 424 2377 quinta
445 2302 474 2363 in
500 2321 534 2362 33
557 2305 719 2365 masculino
745 2304 894 2364 dumtaxat
919 2320 1027 2378 genere
1055 2309 1084 2360 et
1108 2299 1264 2373 leminino;
1289 2296 1464 2367 masculino,

124 2424 148 2461 ao
163 2414 195 2465 31
225 2412 346 2483 portus,
376 2403 530 2477 lerninino,
559 2413 590 2463 ut
620 2405 758 2485 porticus.
804 2413 883 2465 sexta
911 2404 941 2464 in
970 2403 997 2462 31
1023 2400 1157 2463 similiter
1181 2400 1330 2460 dumtaxat
1356 2416 1464 2476 genere

161 2505 327 2566 masculino
346 2513 375 2564 et
397 2505 551 2579 feminino,
575 2515 606 2567 ut
627 2506 689 2565 dies
712 2506 784 2577 diei,
806 2507 884 2566 acies
907 2504 989 2566 aciei.
1033 2503 1157 2583 septima
1180 2502 1209 2562 iu
1232 2521 1250 2562 3
1270 2519 1377 2579 genere
1400 2507 1464 2559 133-
1491 2528 1493 2532 ·

160 2617 222 2669 tum
247 2615 368 2678 neutro,
396 2615 427 2665 ut
451 2626 528 2685 genu
550 2626 659 2681 33ι·33;
689 2614 719 2666 31
738 2606 826 2666 huius
847 2607 925 2668 modi
953 2588 1070 2666 uomina
1094 2612 1196 2665 neutra
1218 2621 1341 2665 numero
1364 2601 1465 2678 siugu-

160 2711 214 2771 lari
235 2717 349 2768 tantum
372 2717 542 2788 monoptota
565 2716 642 2794 3331.
689 2709 798 2768 Graeca
821 2726 938 2786 quoque
961 2708 1080 2769 nomina
1109 2707 1238 2767 Graecae
1261 2700 1465 2765 declinationis

160 2810 294 2890 regulam
312 2818 430 2870 servant
449 2819 478 2869 et
500 2810 633 2887 genetivo
655 2809 794 2870 trifariam
816 2812 1019 2889 proferuntur,
1053 2807 1186 2890 [3333313
1207 2804 1376 2867 nominativi
1396 2809 1465 2863 suut

124 2932 148 2968 33
162 2910 210 2991 bi]
237 2931 270 2971 es
286 2929 322 2971 us
336 2930 385 2970 os:
415 2911 445 2969 in
466 2931 516 2982 es,
537 2920 569 2971 31
590 2910 699 2970 Thisbe
714 2911 857 2985 Thisbes,
879 2911 1008 2990 Euterpe
1025 2911 1184 2989 Euterpes,
1209 2907 1356 2969 Phoenice
1371 2905 1465 2965 l'boe·

161 3014 261 3083 nicos,
282 3011 322 3071 ita
345 3019 442 3071 133333
467 3020 499 3071 31
521 3011 715 3072 nominativus
738 3013 885 3073 vocativus
907 3011 1050 3072 ablativus
1073 3031 1158 3091 pares
1184 3011 1257 3082 siut,
1279 3007 1466 3070 aecusativus

162 3115 301 3174 ulittera
322 3111 454 3185 1ι313133;
482 3113 582 3184 1333,
612 3121 644 3173 31
664 3112 788 3192 Calypso
811 3113 971 3191 Calypsus,
997 3113 1248 3187 1133131133133;
1279 3112 1308 3172 in
1337 3130 1371 3171 os
1401 3127 1466 3168 cor-

162 3222 261 3293 repta,
282 3213 391 3273 311133
415 3212 518 3274 Panos.
564 3214 601 3273 ita
625 3232 728 3274 omnes
749 3217 822 3275 liunt
844 3213 1082 3274 declinationum
1103 3214 1255 3274 nominum
1278 3214 1467 3273 13333333-

163 3333 245 3374 mero
267 3313 380 3373 decem.

126 3532 149 3570 ³,
402 3499 452 3558 DE
477 3500 569 3559 CASV
589 3500 772 3560 animive
796 3501 991 3562 snvannltl
1015 3500 1228 3561 CATllOLlCA

249 3613 398 3676 dblativus
421 3635 508 3677 casus
529 3619 644 3678 numeri
669 3618 825 3695 singularis
849 3618 1003 3679 observata
1025 3618 1183 3678 novissima
1205 3615 1314 3694 syllaba
1335 3615 1466 3675 litterave

162 3716 247 3776 lacile
262 3716 475 3777 demonstrabit
490 3736 549 3795 quo
563 3719 651 3779 modo
669 3719 812 3799 pluralem
832 3738 986 3780 numerum
1004 3719 1152 3780 declinare
1166 3718 1335 3778 debeamus.
1366 3717 1464 3777 omnia

163 3817 281 3876 nomina
302 3816 426 3877 ablativo
449 3838 520 3878 3333
542 3818 680 3895 singulari
702 3819 831 3897 quinque
851 3820 956 3883 litteris
979 3820 1128 3882 vocalibus
1149 3819 1357 3891 terminantur,
1379 3838 1396 3878 a
1417 3838 1433 3877 e
1457 3816 1465 3875 i

162 3936 180 3975 o
205 3936 239 3987 3,
276 3918 406 3995 exeeptis
433 3920 656 3996 pronominibus
678 3921 869 3998 quibusdam,
896 3931 928 3983 31
948 3923 984 3983 ab
1012 3922 1154 3983 cedema
1181 3921 1308 4000 quodam
1334 3919 1371 3980 ab
1397 3919 1464 3990 boc,

127 4036 150 4074 33
163 4015 233 4074 11333
257 4016 292 4076 iis
314 4034 389 4093 quae
412 4029 480 4080 sunt
501 4029 609 4098 aptota.
654 4022 748 4083 iubis
771 4022 850 4084 enim
872 4023 973 4100 regula
996 4042 1054 4083 333
1078 4030 1203 4083 tenetur.

251 4119 462 4198 Quaecumque
483 4121 572 4198 igitur
593 4123 711 4183 nomina
734 4119 842 4200 genere
863 4123 1026 4185 masculino
1043 4132 1072 4184 31
1087 4124 1228 4184 feminino
1249 4125 1373 4186 ablativo
1395 4144 1466 4186 casu

162 4217 304 4294 singulari
328 4237 345 4277 a
365 4219 458 4281 littera
481 4222 589 4283 luerint
609 4223 763 4283 terminata
785 4225 897 4285 adiecta
920 4245 936 4285 e
958 4224 1052 4286 littera
1074 4227 1186 4287 1331331
1205 4225 1413 4287 nominativum
1436 4233 1466 4284 et

230 4440 248 4488 6
263 4439 341 4486 iulius
354 4439 377 4488 A
392 4441 469 4490 113133
481 4443 512 4490 M
565 4443 580 4490 7
594 4444 656 4491 33113
669 4446 849 4506 grammaticae
865 4446 953 4495 doctor
967 4447 1158 4502 exterminate:
1173 4447 1289 4509 [3313333
1302 4446 1465 4494 doctissimus

163 4511 225 4557 artis
236 4510 432 4573 grammaticae:
447 4512 480 4573 rs.
494 4512 784 4575 Praedanpnttoie
836 4511 1082 4579 83331]33331.1.1Ι
1134 4516 1164 4565 11
1179 4515 1313 4580 suppellex
1322 4516 1466 4579 suppellec-

164 4578 214 4626 11113
227 4578 287 4626 AM
357 4579 459 4629 11333313
471 4582 502 4629 ,11
572 4583 602 4630 ’21
619 4582 726 4644 septima
740 4591 835 4630 teritum
851 4585 1017 4648 inugenere
1029 4595 1127 4634 tautum
1142 4586 1172 4633 M
1241 4587 1275 4634 ’11
1294 4584 1392 4634 trilarie
1410 4585 1469 4634 AM

165 4645 262 4695 trifarie
282 4661 316 4701 ιις
392 4665 498 4710 tyriorum
515 4677 546 4687 -
569 4651 853 4701 1ι131313311Ρ31331ιί33
930 4655 965 4703 25
983 4653 1084 4717 pbiniee
1103 4653 1223 4719 phenices
1242 4657 1266 4704 A
1284 4654 1394 4719 pliiinice
1409 4653 1467 4720 pbi-

168 4717 235 4764 nices
255 4717 288 4764 M
374 4717 622 4768 28doelinntionmn
645 4736 691 4769 om.
710 4720 768 4769 ΑΜ
856 4721 891 4771 110
915 4739 947 4770 33
967 4738 1025 4772 caso
1045 4723 1396 4789 33333133(331.3311.)Μ.
1430 4724 1465 4788 es.

168 4786 267 4836 Cliuria.
282 4802 311 4849 p.
334 4786 383 4836 120
400 4805 456 4853 sqq.
528 4789 560 4839 31
580 4787 699 4836 Ablntiuo
718 4804 778 4838 casu
796 4806 901 4840 numero
918 4789 1042 4858 singulari
1061 4794 1120 4844 ΑΜ
