3114 5356
528 314 660 377 lustu.
685 313 794 376 Guttt
813 312 887 376 utu.
909 315 923 377 1
1344 317 1365 377 9

158 508 182 567 Α
209 504 307 566 littera
332 510 379 564 est
401 502 525 577 vocalis,
551 501 765 595 quaetquidern
791 520 843 582 per
869 520 902 563 so
929 502 999 563 lacit
1021 502 1159 582 syllabam
1184 508 1214 562 et
1242 498 1366 566 brevem

66 617 97 669 et
119 608 266 687 tanqam,
288 606 415 684 itemque
437 623 546 667 conexa
568 622 635 665 cum
655 602 720 665 aliis
743 612 799 665 tam
822 603 986 685 praeposita
1009 621 1095 681 quam
1116 605 1220 666 media
1238 607 1364 685 finiens·

67 729 147 791 que,
168 716 203 770 at
223 706 348 769 Abala.-
370 715 440 769 nota
461 708 547 769 etiam
569 705 781 787 praenominis,
802 726 868 768 cum
885 706 989 767 Aulum
1011 704 1073 766 sola
1093 705 1247 785 significat.
1286 712 1367 774 elit·
1436 770 1440 779 ,

68 822 136 874 tera
157 831 213 893 per
232 830 265 873 se
286 811 435 874 nominata
454 810 583 888 itemque
611 826 679 869 cum
704 806 778 868 aliie
802 808 906 869 iuncta
932 806 1001 868 lacit
1021 806 1166 886 syllabam
1189 820 1220 873 et
1242 811 1365 875 brevem

38 922 100 975 set
119 913 256 994 leupario
281 932 300 969 s
342 932 360 973 o
386 912 567 973 litteratam
596 908 752 989 corripitur
774 928 862 988 quam
890 908 1061 990 producitur
1087 918 1117 971 et
1139 913 1211 976 sela
1239 922 1268 977 et
1296 936 1365 978 mem

68 1017 137 1078 aliis
157 1015 317 1094 capulata.
363 1033 381 1074 n
403 1012 498 1073 littera
519 1012 675 1094 corripitur
697 1020 726 1072 et
747 1011 916 1091 producitur
942 1017 971 1071 et
990 1011 1025 1073 io
1041 1020 1227 1091 potestatem
1254 1037 1363 1080 conso·

68 1119 179 1179 nantis
202 1118 334 1179 bunut.-
369 1115 576 1187 antetulerit,
607 1132 675 1175 eum
700 1112 826 1191 quinquo
853 1111 1005 1191 siguisscat
1050 1115 1184 1178 llittera
1212 1118 1315 1201 in‘cipit
1334 1122 1365 1182 in

69 1220 181 1299 syllaba
204 1217 373 1300 praeposita
392 1216 577 1279 tameoccli
593 1233 681 1293 quam
702 1212 895 1289 semivocali,
924 1215 1073 1294 etfacit,
1103 1219 1175 1279 bear
1198 1218 1366 1282 subiuncta

68 1320 193 1396 cocali,
225 1329 258 1383 nt
279 1320 373 1382 elficit
393 1319 501 1398 officit.
545 1318 672 1379 llittora
696 1321 760 1375 tam
787 1316 976 1395 praeponitur
999 1320 1152 1383 vocalibus
1178 1340 1265 1400 quam
1293 1323 1365 1386 sub·

35 1423 218 1501 iniungitur:
255 1423 458 1503 praeponitur,
488 1438 555 1481 cum
583 1418 698 1479 laudem
727 1417 859 1479 litteram
885 1417 980 1499 lepem
1008 1430 1038 1481 et
1066 1422 1113 1483 lris
1135 1423 1239 1485 similia
1260 1426 1365 1488 scribi·

69 1543 152 1599 mus;
184 1524 369 1603 subiungitur
397 1525 483 1596 item,
515 1526 550 1581 ut
575 1521 663 1583 tellus
693 1518 771 1583 tolle.
815 1519 999 1599 subiungitur
1026 1523 1096 1585 item
1124 1527 1364 1603 consonantibus,

69 1644 138 1685 cnm
159 1625 312 1687 Claudium
334 1623 507 1685 clementem
529 1622 680 1697 clientem,
702 1621 754 1683 sed
778 1628 806 1680 et
826 1619 958 1684 Clodium
981 1627 1175 1688 nominamus.
1212 1646 1279 1689 cum
1301 1630 1364 1691 sola

70 1726 206 1805 ponitur,
234 1723 359 1786 Lucitun
388 1724 548 1803 significan
578 1725 648 1787 item
676 1740 844 1797 nnmerum,
876 1744 943 1787 cum
973 1728 1182 1807 quinquaginta
1210 1729 1365 1808 significat.

69 1848 99 1888 m
120 1828 217 1889 littera
239 1836 299 1888 tarn
320 1825 510 1906 praeponitur
533 1844 619 1904 quam
640 1825 826 1904 subiungitur
845 1827 1024 1906 oocabbua,
1054 1838 1089 1891 ut
1105 1840 1209 1891 monet
1232 1851 1362 1894 commo·

36 1953 58 1994 rs
71 1934 137 1989 rtet.-
155 1926 346 2006 subiungitur
365 1925 595 1989 consonantibus
614 1924 741 2007 liquidis
762 1945 829 1988 cum
850 1931 975 2009 apmina
993 1940 1023 1993 et
1043 1931 1192 2011 pigmenta
1215 1932 1365 1996 dicimur:

69 2031 138 2091 item
160 2036 237 2093 nota
256 2029 474 2110 praenominis,
501 2047 569 2089 caua
588 2028 659 2089 sela
680 2027 822 2091 Marcum
841 2030 996 2112 apotecae
1038 2078 1364 2098 .......

68 2232 213 2295 blittero
236 2240 302 2294 tam
325 2235 534 2312 praeponitur
559 2232 723 2293 vocalibus
748 2242 841 2312 quam
863 2231 1075 2315 subiungitur:
1111 2241 1314 2319 praeponitur
1335 2186 1365 2303 ei

68 2335 308 2409 semivocalibus,
343 2344 375 2397 ut
396 2336 425 2397 in
446 2335 566 2397 blaeso:
598 2337 806 2416 praeponitur
828 2354 987 2418 quoqaep
1013 2339 1150 2416 litterae,
1183 2359 1246 2421 qua
1267 2360 1364 2421 saepe

67 2522 93 2573 N
132 2594 154 2642 Α
173 2592 262 2642 littere
280 2593 294 2641 ie
313 2591 410 2641 uocalis
428 2594 444 2656 q
461 2592 566 2657 quidem
584 2605 648 2658 pse
666 2592 726 2642 lacit
743 2592 866 2659 syllabam

130 2682 222 2743 itemq.
239 2691 306 2728 oexa
321 2693 377 2729 cum
394 2678 452 2729 aliis
466 2686 517 2729 tam
535 2681 635 2746 pposito
652 2696 672 2750 q
711 2747 726 2757 -

129 2767 195 2818 Nota
211 2767 290 2816 etiam
307 2760 411 2831 promis
429 2766 451 2815 c'
469 2765 555 2817 aulum
571 2766 626 2816 sola
643 2766 727 2833 signif

127 2855 146 2904 Ε
169 2854 260 2905 littera
283 2866 350 2917 poe
377 2853 505 2902 nominata
532 2854 643 2916 itemque
658 2887 917 2902 ............
936 2852 996 2904 lacit
1014 2854 1078 2920 sqlla

61 2941 76 2990 ὀ
273 2936 294 2986 0
313 2922 369 2988 lister
384 2948 436 2988 tem
455 2934 568 3004 corripis
583 2943 602 2997 tt
619 2935 745 3003 producit‘
756 2975 919 2991 ..........
935 2940 1027 2991 aliisc

272 3025 295 3074 V
315 3010 369 3076 litia
384 3024 451 3075 corri
467 3033 491 3076 et
508 3023 577 3089 ,adar
582 3059 953 3078 ......................
960 3027 1026 3079 Noti
1043 3029 1104 3080 lacit

268 3111 302 3164 V.
322 3111 414 3177 signifi
436 3109 462 3180 ll
482 3147 904 3163 .........................
921 3123 949 3167 ut
975 3116 1020 3166 elil

273 3197 292 3247 tt
311 3197 395 3247 littera
413 3199 503 3263 incipit
521 3202 547 3249 in
562 3199 662 3266 syllaba
677 3198 778 3266 pposito
793 3206 845 3248 tam
850 3235 945 3249 ......
951 3215 1028 3264 quam

271 3370 326 3422 litte
330 3407 444 3423 .......
450 3384 475 3422 et
488 3374 528 3424 his
544 3374 639 3425 similia
655 3371 791 3423 scribimus
807 3372 971 3439 subiungitur
988 3376 1073 3425 item..

269 3457 347 3511 tellus
364 3459 435 3511 tolle.
471 3458 611 3528 subiungit*
630 3463 689 3510 item
705 3448 769 3509 oseti
787 3460 820 3509 cir
838 3458 942 3510 claudii
960 3461 1104 3512 clemen...
1163 3504 1166 3509 .

269 3547 387 3597 clientem
404 3563 426 3598 s.
446 3556 471 3596 et
488 3546 593 3597 elaadiir
611 3548 752 3597 nominem:
772 3538 793 3596 c'
811 3545 866 3597 sola
881 3548 986 3613 ponitur
1001 3549 1081 3599 luctus

269 3617 353 3699 siguli
367 3624 538 3683 ltem'numei
555 3623 588 3686 c’.
608 3634 625 3684 l.
645 3632 780 3700 significet.
799 3632 823 3699 ll
838 3634 895 3684 ium
910 3625 1007 3684 consoli
1065 3622 1068 3627 ⁵

54 3724 81 3777 15
271 3721 295 3770 il
315 3704 369 3769 titia
387 3722 413 3769 ti
429 3721 549 3785 pponirur
566 3738 586 3792 q
604 3721 681 3772 snbs'r
690 3756 889 3772 ............
901 3730 926 3771 et
941 3737 997 3773 com

270 3822 303 3856 nu
318 3806 342 3856 ir
360 3809 494 3873 pigmenta
499 3843 662 3857 ..........
668 3807 754 3872 pnomi

113 3916 141 3965 X
158 3924 169 3965 1
190 3921 222 3968 t·,
242 3918 251 3958 t
288 3909 321 3959 Ira
339 3911 422 3973 prima
439 3912 536 3975 papiria
553 3911 635 3962 &cem
649 3911 708 3974 sere
722 3927 809 3962 oerore
826 3915 881 3978 toti,
896 3915 1068 3976 proximorum
1085 3915 1158 3965 initia
1176 3918 1321 3978 perierunt,
1347 3930 1361 3962 e

13 4048 18 4065 ,
50 4004 134 4068 qubus
152 4002 223 4051 baec
239 3996 300 4049 milli
317 3998 496 4063 adparuerunt

1167 4078 1193 4118 ta

1141 4162 1194 4205 tere

52 4249 78 4298 lt
276 4206 288 4229 ι
828 4248 887 4292 ntur
904 4226 1046 4294 et'semiuli
1064 4254 1092 4294 ut
1110 4245 1135 4294 in
1154 4241 1194 4291 ble

115 4387 134 4437 5
161 4387 262 4450 quarta
286 4381 449 4444 capitulorum
470 4382 582 4431 celerima
601 4378 719 4443 adporita
743 4394 831 4431 cerrus
847 4397 925 4446 usque
943 4382 980 4432 ad
990 4384 1064 4445 stum
1079 4384 1191 4447 popinae
1209 4380 1361 4431 exstiterunt

47 4460 134 4518 putto
152 4454 292 4505 breuiores
310 4466 383 4516 marr
400 4453 444 4517 qui
459 4451 610 4501 antecedant
682 4449 713 4500 12
726 4458 807 4500 utnon
820 4451 950 4503 claudium
965 4469 998 4502 arr
1009 4452 1121 4504 eludium
1131 4454 1238 4516 leperem
1251 4448 1364 4501 debarai

118 4630 130 4679 l
155 4631 179 4678 Α
202 4625 333 4675 tiuera—
347 4625 385 4687 ll,
399 4626 414 4675 7
433 4623 540 4675 exuvias
550 4622 630 4673 Diem.
641 4637 669 4684 p.
680 4622 793 4690 llsssqq.
865 4628 881 4677 5
898 4634 959 4676 cate
978 4626 1116 4674 olitternre
1131 4623 1241 4682 definitio
1259 4624 1362 4675 litterae

49 4698 223 4750 trituratio
241 4697 390 4745 causaest
464 4693 496 4743 12
515 4690 684 4755 clientemque
701 4704 725 4742 et
743 4695 859 4745 cronium
878 4695 1042 4757 Clusiumqne
1059 4693 1191 4744 Diomedes
1205 4708 1235 4755 p.
1254 4692 1306 4745 clu

51 4770 81 4821 tt
100 4768 240 4820 duodecim
260 4766 320 4829 sere
336 4765 448 4816 ansibus
465 4765 508 4831 qui
524 4765 549 4811 iu
564 4763 650 4812 codice
665 4766 799 4824 perierunt
816 4766 848 4815 de
866 4773 984 4830 quattuor
998 4765 1090 4814 litteris
1104 4779 1120 4811 a
1138 4778 1153 4810 r
1171 4777 1226 4815 rar.
1244 4779 1309 4828 quae
1327 4764 1360 4815 de

49 4838 242 4892 sementalibus
259 4836 372 4899 reliquae
388 4843 477 4896 eraut,
496 4835 634 4896 coporeum
646 4831 697 4894 suit
