3114 5356
621 305 708 366 atti.
736 304 878 367 cnatttt
902 305 1024 368 tttttt

382 573 385 578 Ι
817 497 906 553 sunt
927 492 1036 554 nohis
1060 488 1164 553 mitia
1188 510 1305 573 poma,

338 601 538 655 castaneae
560 591 692 653 molles
714 601 749 652 et
770 594 894 672 pressi
919 594 1027 673 copia
1048 592 1174 654 lactis.

169 691 307 772 syllepsis
328 702 374 755 est
393 679 579 755 dissimilium
597 711 701 752 rerum
727 701 756 753 et
778 693 975 754 clausularum
997 712 1051 774 per
1072 713 1163 755 unum
1185 695 1306 757 verbum
1326 697 1471 776 congluti-

169 804 238 854 nata
261 795 425 874 conceptio.

142 922 155 959 s
254 895 298 956 De
319 897 469 975 asyndeto.
516 894 683 974 tsyndetnn
711 903 757 955 est
783 912 850 955 cum
879 894 1003 975 plurima
1026 895 1145 957 nomina
1171 896 1236 958 sine
1263 897 1470 959 coniunctione
1512 944 1515 949 ,

167 1005 328 1073 ponuntur.
588 981 594 989 ⁸

253 1096 295 1157 lle
317 1096 490 1176 anadiplosi.
533 1093 719 1176 Anadiplosis
741 1102 788 1155 est
814 1112 882 1154 cum
903 1093 1002 1156 ultima
1023 1096 1130 1175 prioris
1150 1115 1254 1160 versus
1275 1097 1365 1159 dictio
1385 1097 1468 1159 initin

167 1197 320 1275 sequentis
339 1197 476 1270 iteratur,
500 1203 532 1256 ut

683 1295 854 1374 sequitur
875 1297 1157 1375 pulcherrimus
1175 1300 1302 1379 Astyr,

130 1427 154 1467 ιο
333 1400 440 1479 Astyr
461 1418 556 1478 equo
579 1398 714 1460 lidens.

165 1498 346 1578 anadiplosis
370 1507 417 1560 est
439 1498 654 1578 congeminatio
677 1498 814 1560 dictionis
838 1518 873 1560 ex
895 1499 998 1561 ultimo
1026 1499 1091 1561 loon
1113 1500 1315 1580 praecedentis
1338 1509 1369 1561 ct
1388 1501 1470 1581 prin·

166 1599 244 1679 cipio
267 1600 433 1678 sequentis.
455 1656 457 1661 ,

253 1700 297 1761 lle
326 1701 485 1780 anaphora.
536 1701 692 1779 Anaphom
721 1709 768 1761 est
796 1701 899 1763 relatio
928 1701 1059 1763 eiusdem
1089 1703 1170 1764 verbi
1197 1711 1250 1764 aut
1280 1703 1384 1764 similis
1416 1722 1469 1782 per

168 1802 313 1881 principia
333 1820 473 1862 versuum
492 1801 701 1881 plurimorum,
725 1810 757 1863 nt

129 1934 152 1972 15
332 1910 433 1983 nate,
454 1921 555 1962 meae
575 1901 677 1963 vires
699 1921 737 1962 m.
764 1921 803 1962 m.
826 1922 855 1981 p.
878 1923 902 1963 s.
928 1948 943 1962 .

332 2003 1034 2084 mpsuthtatcestnp

165 2106 236 2165 item

723 2225 811 2286 spes
833 2215 873 2268 tu
894 2223 991 2267 nunc
1012 2222 1081 2264 una
1104 2215 1302 2279 senectae,

333 2314 370 2366 tu
390 2305 543 2383 requies
564 2305 742 2380 miserae,
768 2308 886 2368 decus
905 2303 1177 2385 imperiumque
1200 2307 1324 2368 Latini

126 2429 152 2469 m
333 2415 367 2466 te
391 2424 522 2484 penes,
546 2406 582 2465 in
605 2415 640 2467 te
660 2409 778 2469 omnis
801 2409 930 2468 domus
951 2405 1138 2467 inclinata
1160 2408 1357 2469 rcoumhit.

252 2524 307 2583 Est
325 2531 353 2583 et
376 2523 505 2585 secunda
523 2524 690 2604 anaphora,
712 2545 767 2606 per
787 2544 876 2604 quam
895 2523 1021 2586 elocutio
1039 2542 1098 2585 non
1117 2526 1325 2587 convenienter
1342 2545 1467 2605 respon-

166 2629 241 2687 dens
264 2626 308 2685 ad
328 2625 405 2686 aliud
427 2625 554 2685 refertur
575 2625 705 2701 occulte,
729 2637 760 2689 ut
781 2637 826 2688 est
846 2627 924 2706 apud
947 2624 1117 2687 Sallustium
1140 2626 1225 2689 ‘sed
1249 2635 1358 2689 antea
1378 2628 1466 2690 item

109 2761 115 2768 =
166 2727 417 2787 coniuravere
438 2725 623 2805 pauci,in
649 2729 732 2805 quis
761 2724 927 2791 Catilina
950 2726 1029 2789 luit.
1073 2727 1115 2787 de
1144 2746 1213 2805 qua
1243 2728 1466 2806 quambre-

166 2827 322 2889 vissime
344 2837 478 2906 potero
500 2826 646 2888 dicam’.
692 2829 742 2890 hic
766 2824 808 2891 de
830 2849 900 2909 qua
922 2829 1100 2907 intellegitur
1122 2828 1332 2891 coniuratione.

128 2974 153 3012 23
251 2946 294 3006 lle
317 2944 494 3025 epanalepsi.
539 2944 732 3025 Epanalepsis
755 2957 800 3009 est
822 2968 889 3011 cum
910 2948 1020 3010 maiore
1043 2947 1208 3026 significatu
1228 2949 1303 3011 iacta
1321 2947 1466 3027 repetitio,

167 3055 199 3107 ut
221 3047 318 3107 estin
341 3046 461 3108 Horatio
855 3064 858 3068 “

317 3148 427 3231 Ι61166
446 3149 617 3226 fugaces,
642 3147 818 3212 Postume
839 3146 1033 3225 Postume,

331 3247 513 3310 labuntur
534 3249 630 3309 anni.

166 3361 195 3410 et
217 3348 301 3410 aliter
322 3351 508 3430 epanalepsis
528 3352 576 3423 tlt,
600 3369 666 3411 curn
689 3349 791 3410 eadem
813 3350 901 3411 dictio
925 3357 955 3410 et
976 3348 1153 3429 principium
1175 3367 1277 3409 versus
1298 3355 1328 3409 et
1350 3348 1467 3410 clausu·

126 3475 152 3515 sc
166 3451 222 3513 lam
246 3459 341 3524 tenet,
365 3459 396 3512 ut

239 3673 250 3722 1
271 3669 341 3737 sunt]
365 3674 444 3737 Verp.
464 3673 545 3724 bucol.
566 3669 589 3731 1,
607 3671 639 3723 81
729 3670 746 3722 3
765 3670 889 3737 Syllepsis
907 3700 941 3709 -
958 3674 975 3723 l
994 3673 1133 3739 conceptio,
1153 3689 1218 3738 qnae
1234 3671 1282 3721 doc
1300 3672 1357 3719 loen
1374 3673 1467 3720 omissa

165 3747 191 3794 in
206 3742 336 3793 codicibus
343 3750 404 3805 post
415 3744 476 3799 444,
487 3740 522 3791 30
540 3741 680 3806 iunguntur
697 3743 796 3806 scripta
813 3750 879 3802 eunt,
896 3743 944 3791 hacc
960 3745 1108 3808 nmspoeui
1175 3739 1336 3793 dissimilium
1353 3747 1379 3788 et
1396 3739 1464 3787 clau·

165 3813 279 3861 sularum
303 3811 389 3861 ΑΒΜ
414 3810 575 3861 dissimilium
607 3810 779 3859 clausularum
802 3813 934 3862 Domana:
961 3813 1123 3862 dissimilium
1151 3825 1235 3860 rerum
1260 3822 1310 3859 uns
1335 3809 1465 3858 conclusio

164 3883 300 3945 Pompeius
315 3897 344 3945 p·
362 3880 413 3930 456
483 3880 687 3945 conglutinatum
703 3878 736 3926 Μ
808 3880 1003 3944 hhsynthetnn
1022 3890 1061 3932 est
1079 3895 1135 3930 cnm
1153 3880 1238 3943 aliqua
1255 3877 1422 3943 incomposite
1441 3884 1465 3926 et

166 3949 314 4014 simpliciter
332 3949 505 4014 proferuntur,
527 3957 553 3997 ut
571 3948 631 3996 ueni
647 3947 701 3996 uidi
720 3949 778 3999 uici.
802 3948 865 3999 haec
882 3950 913 3999 ab
933 3950 990 4001 aliis
1006 3951 1118 4015 dialyton
1136 3948 1227 3998 dicitur
1246 3961 1263 4003 ς
1349 3954 1388 3997 est
1405 3958 1465 3994 ccu-

1082 4027 1095 4051 V

163 4069 273 4134 plurimu
293 4067 377 4119 ΑΒΜ
463 4065 628 4133 Osequitur]
652 4069 732 4131 Verp.
751 4066 816 4119 Aen.
835 4066 861 4116 X
880 4067 931 4119 180
1018 4067 1107 4151 asthpr
1123 4069 1186 4118 astir
1204 4081 1270 4131 equo
1286 4066 1312 4115 A
1328 4065 1466 4132 astphratis

164 4185 243 4233 reque
265 4171 295 4219 M
313 4180 369 4233 asty
389 4179 415 4217 at
432 4184 498 4232 equo
516 4171 542 4219 Β
614 4169 642 4219 11
664 4171 846 4235 praecedentes
864 4169 923 4219 ΑΜ
938 4171 1114 4235 praecedentis
1131 4169 1158 4220 B
1232 4167 1268 4237 et]
1288 4186 1320 4221 ex
1337 4171 1364 4222 B
1435 4169 1467 4217 tt

162 4240 294 4302 sequentis
314 4255 360 4289 om.
379 4238 471 4293 ΑΒΜ.
487 4241 547 4289 add.
566 4241 682 4289 Donatus
753 4237 786 4289 13
804 4239 919 4288 eiusdem
938 4239 1007 4288 verbi
1025 4241 1140 4292 nonnus
1159 4240 1215 4289 eius
1234 4240 1306 4290 uerbi
1324 4237 1409 4289 ΑΒΜ

165 4307 197 4357 lh
216 4305 287 4372 nate]
311 4309 390 4372 Verp.
411 4307 476 4358 Aen.
499 4307 579 4359 1664
597 4315 663 4366 nate,
679 4320 751 4356 meae
768 4309 850 4367 vires,
867 4322 924 4357 mes
942 4322 1036 4373 magna
1053 4309 1167 4375 potentis
1186 4309 1271 4369 solus,
1290 4307 1369 4369 Nate,
1388 4306 1467 4372 patris

162 4377 257 4426 summi
276 4377 319 4440 qui
336 4376 386 4426 tela
404 4375 521 4442 Typhoia
540 4375 709 4436 temnis-nd
726 4384 752 4424 te
770 4375 893 4442 conhtgin
912 4384 937 4425 et
958 4377 1068 4443 supplex
1085 4387 1129 4427 tua
1148 4377 1252 4426 numius
1268 4390 1347 4443 posco
1435 4374 1468 4426 16

164 4445 1173 4502 srsnrrrcnrsnAursorranrsrcsrrrM
1245 4442 1466 4512 tarpeawerp.

164 4516 231 4566 Aea.
251 4513 351 4564 111167
438 4514 474 4565 20
491 4515 682 4564 domusnmnis
699 4512 786 4563 ΑΒΜ
870 4515 904 4565 22
921 4516 954 4564 ad
971 4530 1018 4567 om.
1037 4516 1136 4567 ABM:
1156 4515 1224 4565 aliud
1242 4513 1320 4564 relect
1336 4513 1468 4569 occultes

235 4581 362 4633 referetur
378 4582 465 4633 ΑΒΜ
532 4582 666 4633 salustium
684 4582 717 4631 Β.
738 4584 811 4635 Catil.
832 4581 865 4632 1⁸
946 4593 1020 4634 untes
1037 4585 1061 4634 A
1077 4593 1136 4635 ante
1152 4582 1212 4633 BM
1293 4584 1327 4636 tc
1343 4583 1369 4633 ln
1388 4581 1468 4632 liora-

164 4651 211 4719 tin]
234 4667 313 4702 curm.
333 4654 355 4701 ll
376 4653 451 4711 tt,t
540 4653 573 4701 27
593 4650 657 4700 eheu
677 4652 701 4700 A
727 4651 776 4701 heu
796 4651 855 4701 ΒΜ
876 4651 925 4702 heu
944 4652 1030 4710 hene
1119 4653 1238 4703 Postume
1257 4656 1334 4704 semel
1349 4654 1469 4717 scriptam

165 4725 248 4774 estin
268 4720 354 4770 ΑΒΜ
420 4721 455 4771 28
474 4721 589 4771 labantur
608 4720 640 4769 M
706 4720 742 4772 30
757 4729 785 4769 m
802 4721 899 4786 (Verp.
919 4721 985 4773 Aen.
1005 4725 1016 4773 l
1035 4722 1099 4788 teo)
1117 4724 1197 4772 multa
1212 4736 1290 4787 super
1307 4721 1407 4772 Priamo
1426 4735 1468 4770 rn-

166 4791 254 4858 gitsns
272 4805 351 4856 super
368 4790 474 4840 Hectore
489 4792 575 4841 multa.
596 4791 655 4840 item
673 4800 746 4857 pater
761 4806 818 4856 sqq.
835 4789 960 4841 Bacchias
