3114 5356
229 944 298 1039 llll
327 941 542 1038 cutttstt
571 943 705 1039 Attuli
735 944 1065 1044 Gtttutttct
1097 948 1383 1045 txctttt’tt.

708 1199 893 1212 -—-—.

1192 1341 1405 1395 peremensa.

671 1439 720 1501 DE
746 1439 938 1505 Olll'l'lONE

241 1559 342 1621 Oratio
364 1568 410 1619 est
431 1576 483 1619 ore
503 1556 593 1618 missa
614 1567 644 1620 et
665 1578 719 1639 per
738 1559 882 1622 dictiones
902 1561 1036 1624 ominata
1058 1563 1274 1643 pronuntiatio,
1302 1564 1379 1627 velun
1397 1566 1458 1627 oris

153 1664 239 1726 ratio.
291 1659 431 1722 orationis
459 1667 558 1738 partes
587 1667 657 1721 sunt
685 1668 769 1734 octo,
802 1679 910 1724 nomen
943 1682 1107 1743 pronomen
1137 1665 1257 1726 terbum
1287 1666 1457 1728 adsmhiunr

154 1764 342 1847 participium
369 1760 548 1842 praepositio
581 1759 750 1824 coniunctio
780 1763 963 1841 interiectio;
1003 1764 1178 1842 qmtnsuam
1206 1766 1322 1828 ridetur
1345 1775 1377 1828 et
1405 1785 1458 1847 ap-

125 1865 283 1947 apellatio.

696 1946 745 2008 DE
767 1947 914 2011 NOMINE

240 2068 353 2129 Nomen
374 2075 420 2126 est
440 2063 671 2146 parentationis
692 2083 760 2127 cum
781 2084 853 2130 casu
873 2069 938 2130 sine
957 2077 1090 2149 tempore
1115 2087 1179 2131 rem
1205 2087 1378 2150 corpoream
1405 2080 1457 2131 aut

153 2168 369 2251 incorporalem
392 2167 561 2246 significans
578 2165 698 2245 proprie
716 2169 960 2241 communiterve,
987 2170 1122 2250 proprie,
1151 2180 1183 2232 ut
1210 2171 1303 2232 llntna
1330 2169 1456 2246 Tiberis,

154 2271 366 2343 communiter,
396 2277 427 2331 ut
450 2267 551 2329 civitas
570 2267 689 2329 llumen.
734 2286 842 2332 nomen
865 2271 973 2333 (licitur
998 2271 1077 2351 quod
1105 2291 1193 2334 unam
1224 2289 1370 2351 quamque
1392 2291 1455 2333 rem

114 2402 141 2442 io
155 2384 254 2449 notat,
284 2373 367 2453 quasi
393 2379 533 2432 notamen
562 2366 677 2431 sublata
704 2369 799 2431 media
826 2371 937 2453 syllaba
964 2391 1019 2453 per
1041 2391 1207 2454 syncopen,
1238 2372 1282 2434 vel
1304 2391 1323 2434 a
1344 2373 1458 2436 Graeca

155 2478 269 2556 origine
290 2464 371 2553 onor}
392 2463 426 2532 τὰ
448 2464 550 2550 ὄνομα.
594 2471 712 2534 nomina
735 2482 785 2535 aut
806 2475 924 2554 propria
948 2481 1018 2536 sunt
1039 2483 1091 2536 aut
1111 2474 1299 2555 appellativa,
1336 2475 1456 2554 propria
1503 2462 1505 2466 ’

155 2587 227 2641 sunt
247 2576 365 2639 nomina
388 2592 464 2653 quae
482 2573 649 2654 specialiter
668 2575 846 2655 proprieque
869 2575 1022 2649 dicuntum
1046 2574 1116 2636 item
1129 2593 1214 2655 -qune
1236 2575 1324 2638 unica
1345 2577 1455 2646 et,sola

155 2687 227 2742 sunt
249 2679 387 2750 deornm,
411 2683 443 2737 ut
464 2674 595 2755 luppiter
615 2676 704 2751 lnnn,
727 2677 894 2749 hominum,
915 2682 949 2737 ut
967 2674 1111 2738 llnmulus
1131 2675 1243 2751 Numa,
1266 2676 1401 2752 mnium,
1425 2686 1456 2739 ut

155 2783 249 2844 Roma
271 2780 432 2856 Carthago,
461 2775 694 2856 prouinciarum,
721 2786 754 2840 ut
774 2777 872 2839 Africa
891 2776 977 2852 Asia,
1004 2775 1183 2852 insulanum,
1210 2787 1242 2841 ut
1267 2778 1366 2841 Sicilia
1387 2780 1456 2841 Sar-

117 2900 143 2939 rs
156 2882 252 2955 «linia,
272 2879 431 2951 montium,
452 2883 484 2938 ut
501 2878 709 2956 Appenninus,
738 2878 910 2952 fluminum,
932 2887 965 2941 ut
985 2877 1109 2940 liberis.
1153 2879 1339 2961 propriorum
1361 2880 1456 2943 norni-

155 3001 227 3044 num
248 2980 303 3043 alia
334 2990 403 3043 sunt
433 2979 639 3059 praenomina,
672 2997 748 3058 quiae
775 2978 945 3041 nominibus
972 2979 1127 3058 gentiliciis
1153 2989 1392 3062 praeponuntur,
1425 2988 1458 3042 ut

156 3085 273 3145 llarcus
296 3081 433 3163 Puplius,
466 3079 522 3141 alia
543 3081 662 3160 propria
685 3081 848 3160 gentilicia,
880 3100 957 3162 quae
982 3101 999 3144 a
1027 3081 1136 3143 familia
1164 3091 1194 3144 et
1215 3091 1304 3162 geum
1333 3083 1457 3144 descen·

157 3186 246 3258 dunt,
280 3193 312 3245 ut
340 3183 462 3245 Porcios
488 3181 657 3256 Cornelius,
687 3182 742 3244 alia
769 3182 960 3263 cognomina,
990 3200 1066 3262 quae
1099 3181 1268 3246 nominibus
1300 3183 1457 3262 gentiliciis

157 3286 402 3364 subiunguntur,
420 3294 457 3346 ut
492 3286 563 3347 Cato
587 3282 710 3365 Scipi03
745 3283 917 3346 ordinantur
948 3283 1025 3344 enim
1055 3283 1114 3357 sic,
1147 3282 1185 3345 ll.
1214 3284 1337 3346 Porcius
1372 3284 1456 3358 Cato,

115 3414 142 3453 ro
156 3386 278 3468 Puplius
301 3386 454 3448 Cornelius
476 3385 591 3465 Scipio:
624 3383 680 3446 alia
702 3385 874 3464 agnomina,
896 3403 972 3465 quae
993 3382 1218 3464 cognominibus
1235 3404 1271 3447 ex
1292 3384 1388 3463 aliqua
1409 3405 1457 3446 ra·

156 3489 237 3550 tione
258 3496 309 3549 aut
332 3487 436 3549 uirtute
458 3486 620 3560 adduntur,
648 3495 681 3547 ut
700 3487 863 3549 animnos
907 3485 1064 3566 appellatio
1082 3486 1189 3548 dicitur
1209 3485 1350 3566 quidquid
1370 3503 1457 3564 prae·

155 3601 202 3652 ter
222 3589 374 3671 proprium
395 3606 504 3650 nomen
527 3597 581 3649 est.
619 3587 793 3668 appellativa
815 3587 932 3649 nomina
948 3594 1019 3650 sunt
1037 3606 1112 3666 quae
1129 3586 1305 3666 generaliter
1322 3603 1456 3648 commu·

155 3692 291 3770 nitorque
312 3689 458 3751 dicuntum.
502 3689 576 3751 haec
597 3689 628 3751 in
650 3691 723 3752 «luas
745 3689 861 3770 species
882 3689 1059 3752 mutuom.
1109 3688 1166 3750 alia
1189 3688 1267 3751 enim
1288 3687 1456 3768 emineant

154 3813 204 3856 res
226 3791 409 3872 corporales,
432 3809 508 3869 quae
530 3789 619 3852 rideri
640 3791 777 3870 cogique
794 3800 935 3872 possunt,
958 3800 1026 3854 eta
1049 3789 1224 3869 quibusdam
1242 3787 1382 3852 vocabilia
1403 3808 1457 3870 ap-

114 3916 141 3956 os
155 3893 320 3975 pellantur,
342 3901 375 3955 ut
395 3893 484 3954 homo
505 3890 594 3952 arbor
607 3890 622 3974 ll
635 3912 743 3973 pecus;
771 3892 825 3956 alia
846 3911 921 3972 quae
941 3912 959 3955 a
980 3891 1155 3973 quibusdam
1177 3890 1389 3973 appellationes
1411 3891 1456 3952 (li-

156 4004 265 4057 cuntur
284 4003 313 4057 et
334 4002 404 4056 sunt
426 3991 636 4073 incorporalia,
664 4009 739 4070 quae
760 3993 911 4057 intellectu
935 4002 1047 4057 mnmm
1065 3994 1152 4056 modo
1169 3995 1386 4076 percipiuntur,
1408 4013 1457 4056 vs-

154 4115 222 4158 rum
241 4113 337 4174 neque
357 4094 449 4156 rideri
469 4112 525 4155 nec
547 4094 627 4179 tangi
650 4103 791 4174 possunt,
820 4105 852 4158 ut
873 4103 921 4159 est
939 4095 1035 4175 pietas
1056 4096 1175 4158 iustitia.
1221 4114 1255 4159 ea
1277 4117 1333 4161 nos
1354 4095 1456 4177 appel·

154 4196 242 4257 latire
261 4196 396 4258 dicimus.
440 4195 653 4275 appellationes
675 4204 773 4259 tamen
794 4206 864 4259 sunt
883 4205 934 4259 aut
955 4196 1121 4272 naturales,
1142 4208 1174 4260 ut
1194 4206 1289 4272 terra,
1312 4205 1365 4261 aut
1383 4215 1456 4260 oon·

154 4306 329 4375 sequentes,
358 4305 391 4358 ut
411 4297 523 4370 iustus,
552 4306 602 4357 aut
625 4297 808 4371 adiecticiae,
837 4306 872 4360 ut
893 4297 979 4377 fingi.
1024 4299 1173 4361 naturales
1199 4300 1230 4361 in
1258 4299 1454 4362 conlationem

110 4423 139 4463 oo
154 4417 214 4457 non
240 4407 367 4476 possunt
388 4398 507 4471 referri,
534 4407 750 4477 consequentes
771 4407 800 4460 et
822 4399 990 4461 adiecticiae
1010 4409 1151 4478 possunt,
1180 4410 1213 4462 ut
1232 4384 1330 4463 iustus
1351 4400 1456 4463 iustior

152 4496 350 4572 iustissimus,
381 4498 457 4577 llugi
487 4498 599 4578 lrugior
628 4499 852 4578 frugalissimus.
902 4500 1014 4562 nonrini
1042 4501 1180 4563 accidunt
1207 4502 1297 4575 haec,
1329 4501 1455 4580 qualitas

222 4687 239 4735 2
263 4683 350 4735 Oratio
373 4709 408 4721 ·—
431 4682 498 4745 5³7,
526 4683 559 4735 14
581 4685 674 4736 dicitur
693 4686 792 4738 Choria
814 4704 842 4752 p.
864 4686 914 4738 1211
937 4704 993 4754 sqq.
1021 4688 1056 4754 es.
1077 4690 1159 4741 Dion.
1179 4704 1209 4754 p.
1227 4688 1279 4740 275
1301 4705 1358 4756 sqq.
1381 4697 1407 4741 ct
1425 4706 1455 4756 p.

150 4752 204 4806 305
222 4771 280 4821 sqq.
352 4752 431 4804 uelud
448 4754 474 4804 B
548 4752 584 4806 26
598 4754 752 4806 intellectum
770 4756 943 4808 tantummodo
961 4759 1107 4825 percipiunt
1126 4757 1153 4809 B
