3114 5356
135 246 198 311 488
694 244 878 308 lllOllElllS

134 362 457 516 neriguiif‘unum
478 430 647 494 cantricibus
674 450 729 512 pro
750 432 905 494 corollario
927 433 1066 508 dahatur,
1100 433 1192 497 ouius
1208 364 1438 523 ῗκιψῑκώῖἰκὼκκῑ

135 534 319 599 Lucilius’in
337 533 520 597 duodecimo.

221 637 379 700 Comoedia
405 643 452 697 est
478 635 606 715 privatae
631 632 782 712 civilisque
810 634 944 697 fortunae
971 635 1036 697 sine
1058 637 1195 717 periculo
1213 638 1296 700 vitae
1318 658 1436 720 conpre-

135 739 257 813 hensio,
293 738 371 818 apud
398 737 526 799 Graecos
554 736 592 797 ita
620 733 753 807 delinita,
789 733 931 818 κωμῳδία
957 732 1037 797 ἐστιν
1066 736 1233 799 ἰδιωτικῶν
1258 734 1434 819 πραγμάτων

136 830 297 911 ἀκίνδυνος
316 830 449 918 περιοχή.
492 833 651 924 οοΙωοκάἰκ
672 834 750 894 dieta
775 825 836 894 ἆκὸ
867 836 930 896 τῶν
950 838 1069 916 κωμῶν.
1111 839 1214 917 κῶμαι
1236 842 1321 902 eninr
1341 841 1452 923 appel-s

136 941 235 1003 lentur
253 940 336 1022 pagi,
361 937 457 1000 idest
478 935 676 1026 conuenticula
700 934 886 998 rusticorum.
930 938 1029 1018 itaque
1049 938 1188 1003 iuventus
1208 942 1325 1015 Attica,
1350 950 1381 1003 ut
1398 942 1431 1003 ait

136 1046 243 1115 Varro,
266 1041 376 1102 circum
398 1039 478 1099 vicos
500 1038 542 1099 ire
560 1036 645 1098 solita
663 1038 757 1098 luerat
777 1045 808 1098 ot
828 1047 969 1116 quaestus
990 1039 1037 1101 sui
1063 1058 1152 1102 causa
1173 1041 1235 1102 hoe
1257 1060 1355 1119 genus
1375 1060 1433 1102 car·

137 1143 226 1205 minis
251 1140 468 1222 pronuntiabat
510 1146 561 1201 aut
585 1146 664 1200 certe
693 1157 709 1199 a
737 1138 815 1199 ludis
844 1139 1024 1203 vicinalibus
1067 1159 1136 1202 uam
1156 1150 1266 1221 postea
1294 1162 1381 1222 quum
1400 1160 1432 1202 cr

138 1244 217 1324 agris
235 1244 365 1305 Athenas
385 1241 594 1331 conmigratum
613 1249 659 1300 est
680 1240 760 1302 ethi
782 1237 842 1300 ludi
864 1240 989 1313 instituti
1011 1250 1096 1317 sunt,
1131 1242 1211 1303 sicut
1231 1242 1349 1305 Romae
1367 1262 1432 1305 eou-

138 1327 274 1426 pitalieii,
303 1345 340 1405 ad
367 1340 527 1404 canendum
554 1339 725 1420 prodibant,
756 1349 786 1401 et
806 1340 843 1400 ah
865 1341 978 1403 urhana
998 1333 1086 1427 κώμῃ
1108 1340 1161 1404 καὶ
1186 1334 1257 1427 ᾠδῇ
1286 1343 1459 1405 comoediae

138 1445 217 1507 dieta
237 1452 298 1505 este
329 1444 375 1504 rel
395 1442 472 1521 qnod
492 1440 522 1501 in
547 1458 581 1501 ea
607 1440 783 1514 viculorum,
814 1439 844 1501 id
863 1450 912 1503 est
931 1441 1086 1504 humilium
1111 1442 1274 1520 domuum,
1304 1446 1430 1508 lortume

138 1544 427 1626 conprehendantur,
459 1560 518 1602 non
544 1548 578 1601 ut
604 1541 635 1601 in
663 1541 811 1620 tragoedia
835 1541 1019 1622 puhlieamm
1046 1544 1272 1623 regiammque:
1308 1547 1353 1608 rel
1373 1537 1430 1605 ώκὸ

138 1649 192 1706 τοῦ
210 1639 328 1723 κώμου,
356 1645 385 1705 id
405 1651 450 1705 est
470 1642 701 1725 comessatione,
724 1643 792 1721 quia
812 1642 882 1703 elim
907 1643 937 1704 in
959 1645 1121 1705 eiusmodi
1143 1644 1253 1706 lahrrlis
1277 1648 1428 1709 amantium
1460 1688 1476 1733 2

139 1746 275 1809 iuvenum
297 1749 389 1823 κῶμοι
408 1744 596 1805 canebantur.
621 1725 791 1843 [commedio
813 1762 830 1803 a
849 1744 996 1821 tragoedia
1020 1745 1132 1817 dinen,
1161 1747 1244 1822 quod
1268 1748 1301 1808 iu
1323 1758 1429 1826 tregue

137 1848 185 1908 dia
205 1849 428 1909 introducuntur
447 1846 553 1906 heroes
576 1844 667 1905 duces
688 1862 790 1923 reges,
818 1844 847 1904 in
870 1845 1021 1906 comoedia
1041 1844 1167 1906 humiles
1191 1854 1286 1924 atque
1308 1850 1428 1929 priuatae
1441 1868 1458 1907 e

136 1965 314 2027 personae,·
349 1949 377 2008 in
399 1944 446 2006 illa
467 1946 563 2007 luctus
586 1942 669 2006 exilia
697 1946 817 2019 caedes,
853 1945 883 2006 in
905 1946 961 2007 hae
982 1965 1115 2020 amores,
1148 1948 1299 2026 virginum
1319 1959 1430 2030 raptus:

138 2049 244 2108 deinde
266 2030 343 2126 qiiotl
365 2049 394 2108 in
418 2046 464 2107 illa
491 2048 660 2124 lrequeuter
687 2055 716 2107 ct
742 2066 836 2127 paene
858 2066 977 2128 semper
997 2047 1082 2109 laetis
1104 2047 1196 2108 rebus
1216 2050 1317 2113 exitus
1337 2052 1429 2112 tristes

138 2155 168 2207 et
194 2148 349 2209 lihcrorunr
377 2149 617 2225 fortunarumque
649 2148 780 2227 priorum
810 2148 840 2208 in
868 2149 952 2229 peius
983 2147 1111 2227 adgnitio
1135 2175 1168 2210 «κ.
1221 2167 1317 2228 quare
1336 2150 1340 2235 Ι
1359 2153 1428 2213 rana

138 2247 304 2310 dellnitione
330 2246 473 2309 discretae
503 2255 580 2308 sunt
625 2247 716 2308 altera
751 2248 829 2309 enim
856 2240 1031 2321 dulvdvvnc·
1047 2242 1187 2329 cecropii,
1222 2249 1317 2314 altera
1347 2246 1430 2331 τύχης

136 2352 303 2428 περίστασις
323 2347 399 2409 dieta
422 2358 475 2410 est.
521 2348 637 2410 tristitia
659 2344 785 2426 namque
811 2346 994 2431 trallgoediae
1015 2348 1207 2440 propr-iemps
1225 2350 1354 2433 ideoque
1375 2355 1459 2415 Ena·

136 2452 246 2531 ripides
267 2458 384 2532 petente
404 2449 545 2510 Archelao
566 2468 635 2527 roge
656 2457 688 2510 ut
709 2449 746 2510 de
764 2468 797 2511 se
815 2450 993 2529 tragoediam
1016 2450 1159 2512 scriberet
1179 2451 1287 2513 almnit
1310 2474 1345 2515 ae
1366 2475 1429 2536 pre·

137 2560 219 2613 catus
251 2558 294 2610 est
322 2570 359 2611 ne
386 2549 532 2629 accideret
557 2550 699 2612 Archelao
727 2550 835 2629 aliquid
865 2551 1031 2629 tragoediae
1057 2549 1240 2630 proprium,
1275 2555 1430 2616 ostendens

135 2652 206 2712 nihil
235 2651 311 2711 alind
344 2670 410 2711 esse
443 2651 620 2728 tragoediam
649 2669 738 2729 quani
768 2651 952 2713 miseriarum
987 2652 1285 2732 conprehensionem.
1304 2642 1430 2755 [poetae

135 2753 221 2830 prinei
250 2750 352 2811 comici
382 2751 499 2810 ltrerunt
528 2753 668 2813 Suserion
695 2752 802 2813 Mullus
831 2761 861 2813 et
887 2752 1017 2832 Magnes.
1070 2756 1099 2816 hi
1127 2753 1235 2817 icteris
1260 2757 1430 2839 disciplinae

136 2852 271 2913 iocularia
292 2850 433 2928 quaedem
452 2851 550 2912 minus
570 2853 643 2913 scite
663 2872 696 2913 ue
720 2863 840 2915 venuste
859 2855 1102 2935 pronuntiabant,
1133 2857 1163 2917 in
1184 2857 1296 2935 quihus
1319 2859 1348 2919 hi
1369 2871 1459 2919 rer-²³

136 2972 187 3012 sus
215 2953 341 3025 sumunt,

638 3057 862 3138 Σουσαρίων
884 3058 999 3118 ταῦτα
1021 3055 1133 3138 λέγει·

206 3283 216 3331 l
238 3283 369 3331 corollario
386 3297 427 3339 ηις
446 3284 577 3332 corellurio
598 3285 629 3333 Μ
645 3284 772 3335 colellario
792 3285 816 3334 Β
832 3288 978 3337 corellories
997 3287 1022 3335 A
1097 3288 1206 3339 dolentur
1222 3291 1297 3341 ABnr
1317 3293 1426 3341 tradeba-

692 3378 699 3405 l

134 3431 174 3470 tur
191 3420 220 3467 M
291 3419 326 3466 rci
345 3418 416 3466 testis
432 3418 456 3467 B
474 3420 510 3467 rei
529 3420 609 3485 gostis
623 3422 656 3471 Μ
671 3421 818 3485 regestioA
887 3423 1057 3472 tdimnteB
1132 3427 1265 3475 corrrordio
1286 3439 1325 3478 cst
1342 3429 1428 3478 inidio-

134 3491 199 3538 ticon
218 3496 369 3552 pragmeton
387 3488 505 3536 acindino
524 3488 677 3551 (uellindino
698 3490 747 3551 Μ)
766 3491 897 3555 spcrioehe
917 3493 1001 3542 ΑΒΜ
1087 3493 1104 3541 5
1127 3503 1222 3558 apolon
1240 3511 1331 3546 coinon
1352 3497 1430 3547 ΑΒΜ

204 3573 290 3605 connm
310 3558 366 3606 ΒΜ
384 3572 470 3605 comer
490 3557 514 3605 A
602 3560 617 3607 7
637 3560 731 3608 circum
750 3560 820 3607 tricos
837 3561 889 3609 ΑΒ
906 3562 999 3611 ciri-uni
1017 3578 1081 3627 (priris
1092 3564 1129 3613 Μ
1213 3565 1297 3615 irrorat
1315 3569 1340 3617 Β
1358 3568 1427 3616 lucr-ir

133 3628 191 3677 ΑΜ
277 3626 367 3677 illudi
384 3627 409 3675 Β
432 3627 483 3674 ludi
501 3626 560 3675 ΑΜ
644 3629 787 3694 roupitolici
806 3630 829 3676 A
856 3631 1006 3693 compitalici
1025 3632 1084 3682 ΒΜ
1171 3634 1204 3682 lo
1222 3637 1319 3685 cenrico
1338 3636 1426 3700 (cerrui-

134 3714 178 3747 cue
191 3693 233 3757 Μ)
246 3697 309 3744 oder
323 3695 407 3744 ΑΒΜ
424 3710 495 3744 come
508 3696 621 3770 erodes·
638 3688 715 3761 κώμῃ
735 3692 782 3745 καὶ
802 3688 861 3764 pido}
874 3701 1038 3761 Guisfordiue
1058 3706 1124 3752 conl.
1140 3703 1219 3754 schot.
1239 3706 1319 3757 Ilion.
1342 3707 1428 3756 Thrac.

109 3772 113 3779 '
130 3784 159 3830 p.
169 3766 229 3821 Adi,
242 3765 272 3814 ll
290 3760 398 3827 εἴρηται
415 3758 446 3812 δὲ
464 3778 541 3824 παρα
559 3756 590 3811 τὸ
604 3757 684 3829 κώμη
699 3762 747 3813 καὶ
759 3758 792 3815 τὸ
805 3756 866 3833 ᾠδή
937 3770 966 3819 ll
983 3771 1023 3819 uel
1033 3772 1100 3834 quod
1112 3772 1137 3819 in
1147 3786 1177 3818 ea
1190 3772 1214 3819 B
1226 3775 1286 3823 nola
1300 3790 1363 3823 cuca
1377 3772 1430 3822 All

206 3834 236 3882 12
255 3844 331 3897 npetu
350 3849 423 3883 coum
441 3833 492 3882 AB
508 3842 584 3896 epotu
604 3835 685 3883 cornuin
704 3835 739 3883 Μ
813 3836 844 3885 13
864 3841 1060 3889 conrcsatienenr
1074 3840 1098 3888 Β
1117 3842 1310 3892 comisationem
1324 3846 1348 3893 A
1365 3858 1428 3893 conr-

134 3903 290 3951 mirotioucrn
312 3901 341 3950 Μ
428 3903 487 3966 quia
506 3900 530 3948 B
548 3903 592 3964 qui
608 3904 666 3952 ΑΜ
754 3905 785 3955 lt
803 3920 890 3955 conioc
909 3908 967 3957 ΑΜ
983 3924 1070 3958 eomue
1088 3909 1113 3957 B
1189 3912 1315 3961 cernebant
1336 3914 1368 3963 Μ

136 3970 168 4019 15
186 3971 267 4031 adque
286 3971 310 4018 A
388 3972 420 4022 16
438 3984 562 4036 personne
579 3988 625 4022 orn.
646 3973 737 4033 ΑΒΜ,
755 3975 851 4030 adds
930 3977 961 4026 18
979 3978 1113 4027 liberorum
1129 3978 1314 4034 eterne-eruor
1333 3983 1366 4033 Μ
1381 3984 1429 4031 ihc-

134 4054 220 4089 roruru
240 4039 290 4087 AB
360 4040 519 4090 lurtnnarurn
538 4055 602 4103 quine
622 4041 655 4091 Μ
722 4044 834 4107 priorum
854 4059 870 4100 ς
889 4047 958 4111 prior
976 4047 1061 4096 ΑΒΜ
1135 4048 1160 4095 iu
1179 4051 1272 4112 poenis
1291 4053 1387 4116 agnitio
1405 4051 1427 4098 in

107 4170 110 4175 ‚
135 4108 182 4157 hue
197 4107 311 4157 tristibus
330 4109 432 4158 laetiora
450 4110 596 4159 sticccdnnt.
617 4112 829 4172 ‹priorellusclriuo
898 4116 979 4164 inerint
997 4118 1097 4178 (nerent
1108 4116 1179 4178 ΒΜ)
1198 4117 1340 4169 difinitione
1351 4118 1430 4169 ΑΒΜ

72 4182 75 4188 “
208 4176 239 4226 ro
257 4177 387 4227 nrindiuos
406 4177 673 4243 po1·ioclre(puripclre
693 4181 736 4243 Μ)
755 4182 834 4231 alteru
853 4183 934 4245 tychis
952 4186 1085 4250 periotosis
1104 4186 1185 4234 dictae
1205 4197 1265 4237 sunt
1282 4190 1368 4240 ΑΒΜ

135 4248 170 4297 ‘20
188 4247 297 4308 idcoquc
315 4261 332 4302 ς
349 4248 405 4297 idco
421 4248 488 4310 qrred
507 4247 592 4297 ΑΒΜ
659 4251 690 4299 'll
712 4251 826 4300 scriberit
841 4252 927 4301 ΑΒΜ
1003 4255 1096 4303 arbnuct
1114 4254 1174 4303 ΑΜ
1253 4260 1288 4306 22
1305 4259 1430 4307 accideret

136 4316 219 4365 ΑΒΜ
307 4319 438 4381 proprium
455 4334 502 4367 ουκ.
518 4317 618 4378 ΑΒΜ,
643 4320 702 4369 arrd.
723 4333 739 4374 ς
765 4328 852 4384 aptum
874 4324 958 4373 collem
980 4324 1114 4373 I'mieinms
1138 4324 1208 4375 7538
1229 4328 1302 4390 opred
1319 4327 1430 4389 διώκων-

136 4388 202 4436 ‹limn
273 4386 306 4433 24
325 4387 417 4434 nrullns
427 4384 479 4435 AB
498 4387 582 4436 mullus
601 4387 630 4435 M
650 4388 738 4437 Rullus
750 4391 885 4441 Caesarius
955 4391 989 4440 25
1006 4393 1137 4442 ioculatria
1149 4393 1201 4441 AB
1214 4395 1323 4447 loculus.
1336 4405 1392 4446 utra
1404 4395 1432 4444 Μ

137 4455 320 4509 ioculatoriae
408 4456 585 4520 prorruutiohat
604 4458 661 4506 All
748 4459 780 4508 27
805 4461 922 4510 susarion
941 4470 982 4510 tan
1002 4462 1110 4526 talogicu
1129 4477 1248 4528 congync
1267 4467 1432 4516 cecallmnoso

138 4525 253 4573 odcmote
273 4525 352 4574 ucesli
372 4526 443 4573 curiu
462 4526 553 4588 yciuuu
568 4541 616 4575 nen
635 4541 695 4574 caru
715 4527 739 4575 A
762 4530 877 4577 snserion
898 4539 966 4579 tautn
986 4530 1036 4595 legi
1054 4546 1131 4579 cacon
1156 4548 1225 4596 gyno
1249 4550 1294 4583 cruc
1312 4536 1433 4584 ullunroso

138 4593 254 4640 nrlcnretc
272 4595 368 4659 rictrsti
394 4596 462 4642 curin
489 4595 560 4657 pciun
580 4611 644 4644 cneu
668 4611 726 4643 curu
747 4597 771 4645 Β
796 4599 910 4647 srrsnrion
939 4600 1068 4664 teiutalcgi.
1093 4615 1169 4649 certon
1195 4618 1265 4667 gyne
1289 4606 1433 4653 cotalurnos.

139 4661 270 4733 oodenrote
289 4664 353 4711 unse
371 4665 460 4726 cnrpui
476 4679 564 4714 carran.
582 4680 675 4714 cuciicu
695 4665 727 4714 Μ
749 4656 868 4716 Ἀκούετε
893 4663 982 4732 λέξιν,
1008 4667 1176 4734 Σουσαρίων
1200 4666 1271 4731 λέξει
1296 4665 1364 4721 τάδε
1388 4686 1435 4719 κα·

137 4740 189 4774 nov
205 4745 294 4793 eppe
