3114 5356
149 286 151 290 ’
206 289 270 351 472
563 286 746 351 otounuts
766 283 848 350 ΛΒΤ.
872 286 1012 349 Gththb
1031 286 1107 350 Lus.
1128 287 1155 350 11

206 405 335 540 unm
349 402 438 535 ¹ibent
457 475 607 556 spondeus
629 482 658 537 et
675 466 855 538 successerit
874 474 1037 555 tribrachys
1058 474 1104 535 vel
1125 475 1310 555 pyrrichius,
1342 477 1401 539 erit
1422 486 1513 540 struc-

205 587 271 640 tura
300 574 402 638 incisa.
447 573 472 636 si
504 574 701 656 paenultimus
731 574 818 637 fucrit
847 576 1009 656 tribrachys
1041 574 1086 637 vel
1117 574 1283 656 pyrrichius
1317 586 1348 640 et
1382 598 1510 660 paeones

206 679 405 743 suceessetint
424 677 537 760 ptimus
559 684 589 738 et
610 676 802 752 notissimus,
824 677 880 740 erit
895 679 1014 757 anhqua
1032 685 1196 753 suucwra,
1218 695 1296 757 quae
1313 678 1428 742 dicitur
1443 699 1509 742 con·

205 780 337 859 tragosa3
359 797 416 858 qua
435 798 508 842 usus
530 786 575 841 est
595 779 676 841 Cato.
715 775 740 839 si
763 778 792 839 in
814 778 994 859 paenultimo
1011 778 1175 860 tribrachys
1197 779 1287 842 fuerit
1308 780 1358 841 vei
1379 780 1507 861 dactylus

204 880 250 942 vel
271 881 450 962 pyrrichius,
478 890 507 944 et
530 879 707 944 successerit
723 879 768 941 vel
790 879 953 960 tribrachys
973 881 1019 942 vei
1039 880 1186 943 molossus
1205 879 1251 941 vei
1273 880 1446 960 pyrrichius
1465 881 1526 942 ucis

205 990 397 1062 anapaestus,
427 985 483 1046 erit
506 991 653 1046 structura
676 998 751 1059 quac
779 982 824 1042 vel
851 981 995 1045 delumbis
1021 980 1066 1044 vel
1092 982 1169 1044 fluxa
1198 980 1244 1043 vol
1264 981 1367 1045 moltis
1388 982 1505 1058 dicitur3

204 1102 263 1163 qua
284 1104 357 1147 usus
378 1085 485 1149 dicitur
505 1085 649 1147 Munius
671 1078 787 1167 maior]
803 1080 818 1165 ΙΙ

276 1272 288 1323 l
315 1274 362 1323 crit
386 1279 511 1323 structura
527 1298 563 1308 -
580 1272 596 1320 2
613 1269 755 1336 pyrrichius
776 1287 823 1322 om.
840 1269 867 1320 B
948 1271 965 1320 2
987 1269 1125 1335 penultimo
1150 1270 1211 1320 Ant
1306 1288 1407 1339 peones
1430 1273 1499 1340 (poe

205 1357 251 1391 nes
269 1340 313 1403 Α)
332 1342 500 1392 successerint
516 1341 568 1391 AB
584 1354 651 1406 peon
671 1340 820 1389 successerit
838 1338 871 1387 M
943 1340 959 1389 7
979 1338 1012 1391 nt.
1032 1340 1159 1390 Antonius
1177 1340 1260 1391 maior
1278 1356 1298 1399 ς
