3114 5356
713 217 914 281 EXOERPPA
1405 224 1464 285 541

1287 337 1375 379 ιιι-ιι
1389 338 1417 383 v.

160 404 238 466 baec
257 411 288 463 et
308 403 366 469 hoc
384 421 450 482 pm
495 402 603 464 horum
623 412 722 471 anum
745 404 886 480 duanam,
907 404 987 486 pan‘s
1009 414 1039 467 et
1057 405 1187 486 inparis,
1208 349 1353 471 ablativus
1371 410 1470 492 dupli-

161 505 238 566 citer
256 505 391 576 etiertur,
411 503 447 564 ab
467 505 525 564 hoe
547 522 618 584 pare
640 515 670 565 et
689 504 762 584 pari.
807 507 965 589 praecipue
984 515 1082 569 autem
1104 508 1252 571 invenitur
1275 510 1306 571 in
1326 512 1468 574 neuhali·

161 606 222 668 bus
243 603 374 666 torcular
395 605 548 666 torcularis
577 612 606 666 et
634 605 768 685 pulvinar
789 606 949 687 pulvinaris
971 608 1116 687 pmducta
1144 628 1161 671 a
1185 610 1296 685 littera,
1330 618 1361 672 et
1385 611 1468 674 lucar

162 715 299 787 correpta
321 725 338 766 a
359 704 455 767 littera
476 706 605 771 cllortur.
635 707 749 768 scilicet
768 707 901 770 torcular
920 708 988 769 ideo
1011 710 1169 789 producta,
1194 712 1262 791 qnia
1289 712 1465 792 qubusdam

133 808 275 890 ,placuit
296 808 355 868 hoc
375 806 524 873 torculare
546 807 618 882 dici,
648 827 708 870 non
733 809 876 883 torcular,
905 817 935 870 et
956 810 1013 872 hoc
1038 810 1206 890 pulvinare,
1232 831 1292 874 non
1320 812 1462 894 pulvinar.

161 908 296 988 exempla
324 906 478 969 masculini
505 909 622 987 generis
648 910 679 971 in
702 930 751 985 ar,
784 910 833 971 hic
856 912 966 973 Caesar
990 910 1078 973 buius
1101 913 1252 989 Caesa&
1273 909 1287 996 ΙΙ
1307 932 1464 976 comminue

160 1011 252 1072 thum
272 1025 415 1087 generum
434 1008 466 1068 in
488 1027 536 1082 ar,
558 1008 607 1070 hic
629 1018 659 1071 ct
677 1011 752 1073 baec
776 1019 806 1072 et
826 1011 884 1074 boc
903 1031 958 1092 par
978 1012 1067 1075 huius
1089 1014 1186 1093 paris3
1214 1014 1284 1076 item
1310 1016 1464 1089 neutralia,

160 1112 221 1173 boc
242 1109 374 1171 torcular
393 1109 481 1171 huius
503 1101 669 1173 torcularis
712 1113 743 1174 ln
765 1131 799 1175 as
822 1113 984 1174 masculina
1005 1121 1119 1175 tantum
1149 1123 1179 1175 et
1204 1115 1361 1189 feminina,
1385 1116 1465 1177 relrrt

160 1212 316 1273 Maecenas
336 1210 530 1283 Maecenatis,
558 1211 685 1290 dignitas
707 1213 873 1294 dignitatis3
901 1214 972 1274 item
992 1215 1105 1275 Graeca
1127 1232 1202 1292 miae
1222 1216 1387 1294 genetivum
1402 1235 1465 1296 mer

117 1352 146 1394 ω
160 1333 213 1386 τος
232 1311 358 1385 iaciunt,
384 1310 464 1371 velut
484 1310 582 1373 Thoas
602 1313 760 1387 Thoantis,
789 1314 872 1393 gigas
893 1313 1026 1392 gigantis.
1072 1333 1140 1376 cnm
1161 1333 1232 1394 ergo
1253 1316 1352 1378 omnia
1375 1335 1464 1395 gene-

158 1414 254 1476 evum
282 1411 393 1474 iaciunt
419 1429 473 1491 per
494 1411 548 1486 tis,
581 1413 657 1474 haec
684 1413 747 1476 sola
775 1413 916 1494 disyllaba
943 1413 1057 1476 diverse
1085 1416 1263 1488 alienantur,
1293 1435 1345 1479 ras
1370 1417 1463 1488 radis,

160 1533 227 1576 mas
245 1512 353 1587 maris,
374 1531 408 1574 as
430 1511 514 1574 assis.
558 1513 748 1575 inveniuntur
767 1514 822 1575 alia
845 1515 916 1588 nia,
942 1515 1086 1576 oeunalia
1109 1516 1226 1594 quidem
1247 1516 1322 1589 duo,
1346 1515 1399 1577 sed
1420 1515 1465 1577 in·

158 1614 363 1689 declinabilia,
393 1615 439 1676 las
461 1621 490 1675 et
510 1615 605 1676 nelas.
648 1632 743 1693 nugas
765 1623 880 1689 annm,
909 1616 1027 1678 tametsi
1048 1617 1254 1679 indeclinabile
1275 1625 1338 1690 est,
1364 1625 1463 1678 nmen

160 1732 319 1778 commune
344 1715 433 1776 mium
458 1731 599 1792 generum
624 1723 680 1775 est.
724 1715 774 1776 hic
800 1715 879 1776 euim
905 1724 936 1776 et
963 1717 1037 1777 haec
1066 1727 1095 1779 et
1120 1719 1179 1779 hoc
1206 1736 1300 1796 nugas
1327 1716 1461 1777 dicimus.

118 1858 145 1898 ,5
160 1816 293 1897 exempla
317 1814 471 1878 masculini
491 1814 609 1891 generis
626 1814 657 1875 in
678 1832 727 1887 as,
746 1814 797 1876 bic
816 1814 970 1877 Maecenas
990 1817 1078 1879 huius
1099 1818 1276 1882 Maecenatis
1297 1818 1366 1879 hauc
1384 1812 1463 1877 Mae-

159 1920 309 1981 cenati·et
331 1922 498 1996 sermenter.
541 1915 613 2001 item
635 1914 789 1989 feminina,
816 1915 892 1977 haec
918 1916 1046 1995 dignitas
1074 1919 1163 1982 huius
1183 1917 1334 1998 dignitatis
1358 1924 1389 1978 et
1414 1935 1462 1977 se-

158 2027 296 2100 quenter.
339 2025 444 2083 neutra
462 2035 523 2076 nou
548 2014 736 2076 inveniuntur
762 2015 818 2077 nisi
844 2017 892 2078 illa
920 2035 996 2096 qnae
1025 2018 1242 2083 indeclinabilia
1263 2026 1352 2091 sont,
1376 2017 1460 2077 nefas

158 2130 190 2183 et
211 2122 266 2182 las.
309 2119 340 2180 in
361 2137 397 2179 ax
416 2115 578 2178 masculina
599 2121 712 2176 tantum
734 2122 763 2177 et
785 2116 938 2198 feminina,
965 2121 1108 2183 neutralia
1135 2120 1253 2202 propria
1281 2116 1377 2190 nulla,
1401 2116 1458 2177 nisi

157 2242 193 2285 ea
216 2239 292 2301 qnae
318 2217 353 2281 e‘x
380 2217 588 2280 commuuione
616 2217 752 2290 omniunt,
785 2217 864 2281 velut
890 2220 1052 2283 masculina
1078 2221 1128 2283 hic
1153 2221 1225 2283 Aiax
1243 2219 1333 2281 buius
1351 2217 1458 2289 masis,

114 2358 145 2399 ω
158 2323 301 2386 feminina
319 2323 367 2382 lax
387 2319 477 2392 lacis,
497 2317 731 2381 communiabic
749 2319 866 2381 ethaeo
882 2330 911 2382 et
928 2320 985 2382 boc
1000 2322 1104 2397 audax.
1137 2321 1190 2384 sed
1207 2321 1314 2383 borum
1328 2335 1460 2379 commu·

156 2425 240 2486 nium
252 2421 394 2484 ablativus
411 2420 566 2502 dupliciter
580 2420 710 2494 ellertur,
728 2438 782 2500 per
797 2440 813 2480 e
827 2429 856 2482 et
872 2420 956 2502 peri,
971 2400 1048 2484 ielnt
1061 2422 1098 2482 ab
1112 2404 1169 2483 hoc
1180 2421 1290 2482 audace
1303 2427 1333 2480 et
1345 2416 1458 2480 audaci.

244 2525 277 2586 ln
299 2524 326 2586 el
346 2524 505 2599 neutralia,
532 2523 590 2585 hoc
611 2522 670 2584 mel
691 2523 749 2583 hoc
768 2521 817 2583 lel.
861 2522 892 2583 in
912 2541 949 2583 en
971 2523 1133 2586 masculina
1159 2530 1272 2583 tamum
1293 2528 1324 2582 et
1341 2527 1460 2581 neutra·

156 2629 206 2690 lia.
242 2625 408 2689 masculina
426 2625 545 2704 ιιιιιάιιιι
567 2625 641 2686 haec
662 2623 741 2698 sola,
763 2624 812 2685 hic
831 2623 895 2687 rien
914 2624 1004 2687 sienis
1020 2616 1147 2701 νιφρός,
1170 2622 1229 2685 lien
1250 2619 1336 2683 benis
1351 2608 1460 2694 σπλήν,

157 2731 284 2799 damen,
313 2735 434 2808 peomn,
463 2727 584 2799 fidicen,
612 2724 737 2799 tibicen,
767 2724 901 2799 tubicen,
930 2724 1089 2798 cornicen,
1114 2723 1213 2784 liticen
1235 2738 1271 2783 ex
1290 2719 1380 2792 hura,
1407 2735 1459 2796 ge-

113 2863 142 2902 2.
157 2846 231 2890 nere
252 2828 341 2888 tubae
357 2827 489 2889 minoris
536 2820 600 2909 [et]
624 2834 722 2886 cetera
744 2843 814 2887 vern
836 2826 979 2888 neutralia
1001 2831 1088 2899 sunt,
1108 2831 1259 2885 certamen
1280 2818 1457 2883 certaminis.

157 2930 315 2992 declinatio
334 2927 489 2990 masculini
509 2927 627 3006 generis
644 2927 675 2987 in
697 2946 752 3001 en,
770 2926 820 2988 bic
840 2927 904 2991 rien
923 2927 1012 2989 huius
1030 2925 1121 2987 rienis
1137 2934 1168 2986 et
1185 2927 1353 3001 sequenter.
1387 2918 1458 2980 item

156 3039 311 3106 neutrum,
333 3031 391 3091 hoc
413 3038 561 3090 certamen
583 3027 671 3090 buius
692 3028 863 3091 certaminis
885 3037 916 3091 et
936 3035 1104 3106 manenter.
1148 3012 1178 3086 in
1200 3043 1235 3087 er
1255 3021 1387 3086 omniunt
1409 3037 1459 3098 ge·

157 3150 262 3195 neman
283 3139 368 3206 sunt;
396 3129 549 3193 mascidini
571 3129 619 3190 hic
638 3137 737 3209 pater,
759 3128 891 3190 leminini
909 3138 1022 3202 mater,
1044 3127 1141 3188 nentri
1163 3125 1259 3187 tuber.
1294 3139 1385 3187 ιιιιιιιιι
1407 3137 1459 3181 an-

156 3243 218 3295 tem
240 3232 389 3294 invenitur
411 3230 490 3309 quod
518 3232 651 3308 genetivo
680 3231 788 3293 crescit
814 3229 930 3292 duabus
956 3228 1092 3308 syllabis,
1127 3227 1185 3289 iter
1211 3223 1335 3287 itineris.
1379 3221 1457 3301 apud

111 3341 272 3405 „actaea
291 3342 391 3395 autem
412 3331 576 3394 invenimus
595 3333 654 3394 hcc
674 3332 770 3393 itiner.
814 3331 844 3392 in
866 3348 900 3392 es
921 3337 1055 3408 correpta
1077 3326 1238 3390 masculina
1257 3333 1287 3387 et
1307 3320 1457 3392 feminina,

155 3434 301 3498 neamlia
319 3434 399 3496 nulla
421 3422 475 3515 p'er
495 3453 545 3508 se,
572 3434 632 3521 nisi
655 3452 731 3514 qnae
752 3450 807 3514 per
826 3430 1066 3493 communionem
1093 3428 1229 3500 renium,
1255 3424 1336 3487 velut
1357 3422 1406 3485 hic
1427 3429 1458 3482 et

154 3541 230 3600 haec
249 3546 279 3598 et
299 3538 357 3598 hoc
378 3545 471 3613 teres,
499 3536 662 3599 masculina
683 3553 751 3596 aero
773 3532 875 3606 miles,
897 3530 1037 3594 feminina
1059 3549 1154 3610 seges.
1198 3534 1337 3608 quattuor
1356 3531 1456 3587 antem

153 3639 345 3702 inveniuntur
365 3657 441 3718 quaa
467 3637 633 3718 genetivum
656 3636 803 3698 diuersum
825 3632 944 3695 faciunt.
988 3651 1057 3695 nam
1079 3650 1148 3694 cum
1174 3627 1273 3692 omnia
1293 3625 1456 3687 effernntnr

153 3759 212 3823 per
228 3740 283 3813 tis,
310 3739 390 3801 velut
410 3757 511 3801 comes
537 3739 668 3812 comitis,
689 3736 782 3799 miles
803 3734 920 3808 mditis,
948 3734 1023 3795 haec
1051 3732 1114 3796 sola
1142 3730 1309 3811 genetivum
1331 3742 1387 3807 oet
1407 3722 1454 3785 die

112 3872 141 3912 ³5
152 3842 295 3923 susim,
324 3859 445 3922 praeses
466 3858 550 3902 reses
571 3839 659 3901 deses
681 3838 779 3899 obses.
800 3833 814 3922 ΙΙ
834 3837 865 3898 in
890 3855 923 3898 es
944 3835 1086 3916 producta
1108 3829 1271 3895 masculina
1291 3835 1406 3891 mntem
1426 3832 1456 3886 et

154 3943 312 4019 leuinina3
339 3941 518 4015 masculina,
539 3940 587 4003 hic
608 3937 750 4001 Hercules
771 3938 859 4000 huius
880 3937 1033 4011 Herculis,
1058 3934 1156 3996 Vlixes
1175 3931 1282 4006 Vlixis;
1305 3926 1454 3997 feminina,

154 4043 262 4107 caedes
282 4043 399 4116 caedis,
425 4041 521 4103 nubes
543 4041 640 4103 nubis.
685 4047 754 4101 sunt
774 4046 804 4099 et
832 4038 960 4109 Gmeca,
985 4053 1061 4113 qnae
1082 4033 1248 4112 genetivum
1270 4029 1382 4093 lanium
1402 4045 1456 4107 per

151 4168 208 4219 ους
226 4153 281 4209 aut
298 4163 352 4226 per
371 4165 420 4216 ος,
445 4136 607 4220 Σωκράτης
629 4133 808 4216 Σωκράτους
828 4138 967 4199 Sonam
984 4134 1132 4208 Socratis,
1161 4130 1281 4211 xoium
1301 4126 1456 4209 ΨΜ·

152 4249 299 4310 Chremes
329 4245 503 4308 Chremetis.
558 4242 713 4304 Terentius
746 4239 864 4303 Chremi
894 4237 1064 4309 declinavit,
1103 4242 1135 4295 ut
1170 4232 1327 4296 Sallustios
1359 4226 1453 4301 Persi,

222 4434 239 4483 2
263 4430 401 4497 praecipue
419 4436 503 4477 antem
522 4427 652 4490 quaeritur
669 4425 695 4474 in
714 4423 870 4474 neutralibus
889 4434 934 4469 cnr
952 4419 1063 4468 torcular
1082 4417 1212 4468 Charisius
1300 4410 1317 4463 3
1341 4410 1456 4475 torqular

149 4503 291 4568 torcularis
311 4500 337 4550 B
414 4498 447 4548 Μ
465 4497 568 4561 generis
588 4495 612 4545 B
692 4493 727 4545 bb
745 4492 842 4542 iaciunt
860 4507 908 4542 oar.
928 4489 954 4539 B
1023 4487 1099 4537 obses
1117 4498 1221 4536 aaaron
1239 4496 1310 4533 reses
1328 4494 1456 4533 aauxranc

148 4577 229 4625 deses
253 4581 374 4621 raernoo
398 4571 425 4619 in
443 4568 556 4631 marae
576 4566 710 4628 adempta
734 4575 792 4613 anat
813 4563 841 4611 in
864 4559 888 4609 B
957 4557 985 4607 in
1005 4570 1033 4605 es
1046 4582 1082 4591 -
1099 4554 1160 4615 542,
1180 4553 1213 4602 14
1233 4551 1339 4619 puberis
1356 4548 1454 4601 θλωιὶι.

145 4660 176 4710 ρ,
196 4639 227 4691 bl
246 4654 304 4706 sqq.
392 4635 427 4687 eo
450 4645 478 4685 ιιι
500 4635 570 4701 apud
587 4632 734 4683 Sallustium
758 4632 785 4680 iu
808 4629 892 4695 prima
910 4625 1016 4678 historia
1035 4623 1141 4674 ‘bellum
1160 4622 1231 4673 Persi
1251 4617 1455 4669 Macedonicnm’

148 4713 285 4764 motum
301 4725 328 4773 p.
344 4706 379 4757 52
461 4704 544 4769 spersi
562 4703 588 4752 B
