3114 5348
524 273 606 334 ΛΒΤ.
631 272 770 335 euleu.
796 271 868 332 LlB.
891 273 905 334 1
1303 271 1366 332 359

1156 414 1162 426 .
1177 385 1274 426 asa-ss
1287 384 1311 426 Ρ.

65 459 144 538 quod
165 469 211 520 est
232 461 330 534 dicas;
364 460 488 520 alterum
510 459 760 520 subiunctivorum
780 460 910 520 futurum
930 457 991 518 sive
1012 399 1190 537 perfectulu,
1218 457 1297 535 quod
1321 466 1367 520 est

65 559 183 620 dixeris
228 561 298 622 hine
325 580 394 638 erge
423 561 592 639 imperativa
623 562 719 622 verbis
748 577 822 638 quae
847 557 1056 640 proposuimus
1085 559 1255 637 adsignant,
1292 579 1367 637 quae
1406 635 1410 643 ι

66 680 126 721 nou
152 661 262 722 lrabere
284 648 464 735 notavimus,
492 670 525 723 ut
545 661 728 734 memineris,
763 660 842 738 quod
867 663 1009 738 figuratur
1031 660 1086 733 ita,
1121 662 1168 721 fac
1188 661 1366 726 memineris.

66 762 146 840 quod
170 763 267 842 ipsum
291 763 378 824 etiam
399 763 429 822 iu
447 763 584 823 omnibus
606 763 754 823 observari
777 763 873 824 verbis
894 769 1009 843 potest,
1038 763 1170 838 quamvis
1197 762 1366 842 imperativa

39 863 195 924 ahabeant
217 883 286 937 sua,
306 864 385 924 velut
405 882 506 937 ames,
526 873 558 925 ut
576 865 615 924 sit
636 865 683 924 fae
700 882 797 936 ames,
817 871 847 922 et
866 863 1024 937 amaveris,
1046 871 1078 924 ut
1100 864 1138 924 sit
1153 864 1199 923 fac
1213 864 1365 933 amaveris.

66 964 202 1025 similiter
224 973 253 1025 et
273 971 371 1025 cetera
400 962 534 1040 doceas,
556 966 602 1025 fac
624 965 741 1039 doceas,
765 963 918 1038 docueris,
941 965 987 1024 fac
1010 964 1161 1039 docueris,
1183 965 1298 1037 vineas,
1321 966 1367 1025 fac

66 1066 178 1139 vincas,
202 1065 315 1139 viceris,
338 1066 384 1125 fae
401 1066 513 1140 viceris,
535 1067 604 1126 item
627 1067 752 1141 munias,
776 1067 822 1127 fac
836 1065 961 1139 munias,
985 1066 1136 1139 munieris,
1154 1069 1201 1127 fac
1215 1066 1365 1128 munieris.

66 1175 290 1246 praeponuntur
310 1175 407 1227 autem
429 1168 607 1247 imperativis
628 1169 684 1230 alia
712 1168 818 1243 multa,
847 1167 927 1228 velut
942 1164 957 1251 ΙΙ
971 1167 1034 1229 volo
1063 1186 1135 1245 rogo
1164 1175 1232 1247 peto
1260 1159 1366 1228 uroneo

68 1284 179 1345 quaeso
201 1268 320 1341 hortor,
344 1269 373 1329 id
395 1279 440 1329 est
462 1270 534 1331 eolo
556 1269 663 1345 facias,
685 1289 763 1349 rupo
786 1270 867 1331 dicas
891 1279 920 1330 et
943 1277 1050 1330 cetera.
1076 1312 1080 1320 -

30 1390 53 1429 ru
152 1367 368 1430 Decliuatiuues
392 1355 461 1431 item
484 1390 585 1432 eorum
606 1371 762 1433 verbomm
790 1372 969 1434 inseruimus
995 1389 1071 1449 quae
1098 1370 1233 1431 ridentur
1254 1369 1367 1449 etipsa

67 1470 210 1530 defectiva
232 1489 298 1531 esse
321 1480 350 1531 et
367 1473 502 1551 ambigue
524 1473 673 1537 declinari.
718 1474 854 1535 instantis
880 1473 945 1533 volo
969 1473 1013 1534 ris
1038 1472 1099 1534 vult
1125 1471 1258 1532 colurnus
1281 1470 1367 1531 vultis

68 1569 186 1647 volunt3
215 1571 366 1648 inperfecti
389 1573 536 1649 uolebam
565 1576 688 1654 perfecti
710 1574 805 1649 volui;
824 1573 1103 1654 plusquamperfecti
1125 1573 1288 1646 volueram3
1322 1573 1368 1632 fu·
1427 1584 1433 1594 ·

68 1671 127 1732 turi
150 1670 244 1732 volam
264 1671 345 1733 uoles
367 1672 457 1746 volet,
488 1674 638 1752 pluraliter
656 1678 788 1738 volemus
807 1676 909 1735 voletis
928 1675 1033 1736 volent.
1050 1668 1240 1753 ‘imperativa
1257 1673 1369 1733 instau-

69 1773 107 1835 tis
130 1774 176 1834 fac
196 1773 267 1834 velis
289 1775 377 1850 uelit,
401 1773 551 1853 pluraliter
572 1776 693 1838 velimus
716 1776 799 1837 velite
826 1775 932 1850 ueliut;
962 1775 1051 1836 futmi
1079 1776 1166 1835 relito
1183 1775 1274 1848 uelit,
1303 1774 1365 1853 plu-

31 1875 172 1937 rsraliter
193 1874 314 1936 vedmus
338 1874 453 1935 relitote
473 1875 572 1936 velint.
617 1877 741 1956 optativa
771 1875 907 1937 instantis
937 1877 1048 1937 utinam
1076 1877 1177 1950 velim,
1214 1874 1367 1954 inperfecti

68 1976 192 2053 uellem,
219 1975 341 2057 perfecti
362 1975 516 2049 voluerim,
546 1978 825 2056 plusquamperfeeti
846 1976 1019 2050 voluissem,
1048 1977 1136 2038 futuri
1160 1976 1253 2036 velim.
1298 1975 1369 2037 srib-

69 2079 265 2139 iunctivorum
288 2079 417 2137 futurum
438 2097 504 2138 eum
524 2079 651 2140 voluero.
696 2079 836 2140 infinitiva
858 2076 994 2138 instantis
1017 2085 1046 2136 et
1065 2077 1215 2156 praeteriti
1239 2085 1368 2152 tanturm

69 2179 208 2241 instantis
227 2177 315 2250 velle,
342 2180 489 2256 praeteriti
517 2180 653 2240 voluisse.
698 2180 849 2261 partieipia
876 2178 1012 2240 distantis
1036 2186 1149 2238 tantum
1175 2179 1223 2240 lrie
1244 2188 1273 2238 et
1295 2178 1369 2238 llaec

70 2288 101 2340 et
122 2281 179 2340 hoc
199 2279 301 2340 voleus
323 2287 352 2338 et
381 2288 485 2339 cetera.
531 2281 664 2343 similiter
690 2291 720 2343 et
745 2283 813 2344 uolo
838 2267 924 2343 malo.
970 2296 1147 2356 quamquam
1172 2280 1260 2340 etiam
1290 2279 1368 2339 eirca

31 2402 56 2441 u
70 2381 146 2442 haee
165 2380 254 2442 verba
275 2380 409 2441 similiter
428 2381 595 2460 imperativa
615 2383 771 2445 observare
799 2385 940 2445 debemus
963 2380 1125 2443 secuudum
1150 2380 1367 2442 adnotationem

70 2480 307 2562 praecedentem.
352 2481 404 2543 sed
427 2493 496 2542 sunt
523 2484 571 2561 qui
599 2483 639 2544 ita
667 2484 784 2559 dicunt,
812 2485 895 2547 malis
923 2484 1014 2558 nolis,
1045 2491 1075 2544 ct
1102 2482 1229 2562 optativa
1257 2481 1368 2542 eduam

70 2583 171 2644 malim
191 2581 276 2643 malis
297 2581 378 2643 malit
398 2591 426 2643 et
445 2584 534 2645 nolim
556 2586 631 2647 nolis
653 2587 735 2647 nolit

157 2682 284 2744 Verbum
312 2684 437 2745 activum
465 2687 604 2748 finitivum
627 2687 731 2749 tertiae
757 2688 971 2767 coniugatiouis
999 2686 1068 2747 tollo
1099 2686 1175 2747 tollis
1203 2684 1289 2758 tollit,
1322 2683 1369 2744 in·

66 2783 206 2864 perfecti
237 2784 399 2860 tollebam,
439 2790 560 2865 perfecti
593 2789 714 2862 sustuli,
748 2788 1025 2869 plusquamperfecti
1051 2787 1244 2859 sustuleram,
1279 2786 1368 2848 futuri

31 2910 57 2949 τε
71 2887 183 2948 tollam.
227 2885 397 2965 imperativa
417 2887 485 2948 tolle
507 2889 605 2962 tollat,
635 2889 723 2950 futuri
745 2889 838 2950 tollito
860 2889 961 2951 tollito.
1006 2889 1133 2967 optativa
1155 2889 1265 2949 utinam
1285 2887 1369 2947 tolle·

70 3006 152 3063 rem,
182 2988 507 3067 perfeeti'sustulerim,
540 2989 818 3070 plusquamperfeoti
838 2990 1039 3062 sustulissem,
1068 2993 1159 3054 futuri
1181 2990 1291 3051 utinam
1316 2988 1370 3049 tol·

70 3093 141 3153 lam.
180 3088 362 3150 subiunctiva
384 3110 450 3151 cum
467 3090 581 3165 tollam,
604 3091 756 3172 inperfecti
771 3090 920 3164 tollerem,
945 3092 1066 3170 perfecti
1082 3091 1267 3164 sustulerim,
1288 3089 1370 3168 plus·

71 3191 285 3272 quamperfecti
304 3192 505 3265 sustulissem,
521 3194 608 3253 futuri
624 3194 778 3255 sustulero.
817 3191 955 3252 infinitiva
971 3192 1089 3265 tollere,
1108 3192 1256 3270 praeteriti
1272 3200 1371 3251 sustu-

69 3295 160 3366 lisse,
182 3292 272 3369 futuri
295 3293 442 3354 sublatum
465 3293 507 3353 ire
528 3294 571 3353 vel
591 3294 773 3355 sublaturum
795 3310 870 3352 esse.
916 3293 1068 3370 participia
1090 3291 1227 3353 instantis
1250 3290 1297 3350 lrie
1314 3289 1370 3350 tol-

32 3422 58 3461 eo
72 3397 156 3470 lens,
190 3394 280 3456 futuri
306 3396 355 3456 hic
384 3395 561 3456 sublaturus.
607 3395 710 3475 supina
741 3392 860 3453 tollendi
887 3391 1016 3452 tollendo
1046 3390 1215 3450 tollendum.
1261 3390 1368 3469 passivi

71 3496 229 3559 declinatio
251 3496 300 3556 ita.
345 3495 432 3556 tollor
453 3495 563 3555 tolleris
586 3495 708 3568 tollitur,
730 3493 882 3573 pluraliter
908 3491 1036 3554 tollimur
1054 3492 1188 3553 tollimini
1210 3491 1353 3551 tolluntur
1360 3509 1368 3565 ;

70 3597 228 3678 inperfecti
250 3596 388 3670 tollelrar3
417 3597 539 3675 perfecti
563 3595 694 3656 sublatus
715 3616 781 3657 sum
803 3605 832 3655 ot
854 3595 910 3669 fui;
938 3592 1216 3673 plusquamperfeeti
1236 3591 1369 3652 sublatus

72 3717 155 3760 eram
178 3705 206 3759 et
230 3699 358 3772 fueram;
397 3696 485 3757 futuri
509 3696 593 3758 tollar
615 3697 723 3758 tolleris
747 3696 879 3768 todetur,
901 3694 1052 3775 pluraliter
1071 3693 1207 3754 tollemur
1227 3692 1369 3752 tollemini

72 3801 223 3862 tollentur.
252 3797 420 3877 imperativa
441 3797 544 3858 tollere
566 3798 698 3871 tollatur,
722 3798 872 3878 pluraliter
893 3797 1031 3858 tudamur
1052 3796 1191 3858 tollamini
1216 3792 1369 3868 tollantur;

31 3901 158 3981 aequasi
181 3886 287 3982 fulituri
311 3899 428 3959 tollitur.
474 3900 599 3978 optativa
622 3900 732 3960 utinam
754 3899 872 3959 tellerer
893 3899 1036 3960 tollereris
1055 3897 1220 3969 tolleretur,
1247 3893 1369 3974 perfecti

71 4003 186 4063 utinam
208 3999 340 4061 sublatus
362 4000 417 4062 sim
439 4007 468 4059 et
482 4001 609 4072 fuerim,
632 4001 909 4079 plusquamperfeeti
928 3999 1060 4061 sublatus
1078 4018 1174 4058 essem
1190 4006 1220 4058 et
1237 3997 1368 4068 fuissem,

17 4102 21 4109 '
70 4102 162 4164 futuri
186 4101 296 4162 utinam
315 4100 400 4160 tollar
420 4099 540 4160 telluris.
586 4101 767 4162 subiunctiva
789 4119 855 4161 cum
878 4099 979 4172 tollar,
1002 4101 1155 4178 inperfecti
1177 4098 1293 4160 tollerer
1315 4096 1370 4157 tul-

137 4268 370 4336 2praepoauimus
388 4268 517 4318 Charisius
597 4268 702 4318 5utsit
715 4268 891 4317 facumuveris
906 4267 988 4318 om.B
1066 4266 1192 4316 ddoeeas
1206 4269 1297 4331 priore
1315 4269 1370 4315 loeo

69 4357 118 4395 on.
136 4335 231 4396 ΑΒΜ,
249 4339 309 4387 add.
322 4337 452 4386 Charisius
530 4336 570 4384 fae
588 4337 704 4386 docueris
724 4349 746 4386 et
765 4337 804 4385 fac
823 4338 909 4385 uinces
927 4346 950 4385 et
962 4335 1002 4384 fere
1014 4336 1135 4384 munieris
1154 4336 1238 4387 om.B
1306 4333 1323 4384 9
1343 4333 1370 4382 id

71 4418 113 4463 eut
131 4407 190 4460 volo
215 4405 296 4455 focius
313 4420 376 4470 rogo
401 4406 471 4455 dieas
496 4406 624 4455 Charisius
650 4407 674 4454 id
693 4414 731 4455 est
750 4404 828 4454 lucitus
847 4406 916 4453 dieas
932 4404 1016 4453 ΑΒΜ
1093 4405 1124 4452 lt
1145 4406 1203 4453 uelit
1222 4421 1267 4454 ont.
1288 4400 1372 4451 ΑΒΜ

143 4476 176 4529 17
193 4473 389 4526 neniuABM
460 4473 1167 4523 litsimiliterutuoleABMsimiliteruuloCdorisim
1236 4472 1370 4521 eldeum

43 4592 46 4597 .
70 4546 149 4599 ub
161 4543 230 4597 null!
243 4541 331 4593 malim
344 4542 418 4592 naulis
433 4544 501 4591 malit
518 4552 541 4590 et
555 4544 667 4606 optutina
679 4543 774 4591 utinum
791 4544 867 4591 nolim
880 4543 945 4590 nelis
958 4541 1112 4591 uolitABM
1128 4542 1214 4590 dieunt
1232 4539 1304 4589 malis
1325 4553 1371 4589 ne-

224 4612 298 4663 nuta
317 4618 415 4663 tuntum
436 4612 552 4661 instantis
571 4621 594 4659 et
612 4612 741 4675 praeteriti
763 4613 858 4660 utinam
881 4611 965 4658 nudim
984 4610 1056 4658 matis
1079 4611 1148 4658 malit
1167 4619 1191 4659 et
1209 4611 1287 4660 uelim
1305 4609 1370 4658 nolis

352 4678 389 4731 23
410 4679 522 4730 Verbum
539 4684 575 4714 '—
593 4678 652 4737 360,
673 4681 689 4728 d
709 4681 809 4728 sublatu
829 4680 926 4728 Charin.
942 4696 969 4742 p.
984 4679 1034 4726 222
1104 4679 1137 4727 29
1154 4679 1280 4727 subletum
1298 4677 1372 4726 ireB

336 4744 509 4799 emulatur
527 4747 589 4797 mire
608 4746 638 4795 M
709 4748 750 4795 uel
769 4747 895 4797 sublatum
914 4761 971 4795 esse
983 4745 1068 4795 ΑΒΜ
1136 4745 1171 4796 30
1188 4747 1293 4812 passiue
1310 4746 1335 4796 A
