<?xml version="1.0" encoding="UTF-8"?>
<!DOCTYPE html PUBLIC "-//W3C//DTD XHTML 1.0 Transitional//EN"
    "http://www.w3.org/TR/xhtml1/DTD/xhtml1-transitional.dtd">
<html xmlns="http://www.w3.org/1999/xhtml" xml:lang="en" lang="en">
 <head>
  <title>
</title>
<meta http-equiv="Content-Type" content="text/html;charset=utf-8" />
  <meta name='ocr-system' content='tesseract 3.04.00' />
  <meta name='ocr-capabilities' content='ocr_page ocr_carea ocr_par ocr_line ocrx_word'/>
</head>
<body>
  <div class='ocr_page' id='page_1' title='image "./grammaticilatin02keilgoog_0054.png"; bbox 0 0 3114 5356; ppageno 0'>
   <div class='ocr_carea' id='block_1_1' title="bbox 582 312 1345 376">
    <p class='ocr_par' dir='ltr' id='par_1_1' title="bbox 582 312 1345 376">
     <span class='ocr_line' id='line_1_1' title="bbox 582 312 1345 376; baseline -0.001 -1"><span class='ocrx_word' id='word_1_1' title='bbox 582 312 793 376; x_wconf 66' lang='lat' dir='ltr'>reauferre</span> <span class='ocrx_word' id='word_1_2' title='bbox 1292 332 1345 375; x_wconf 77' lang='grc'>111</span> 
     </span>
    </p>
   </div>
   <div class='ocr_carea' id='block_1_2' title="bbox 10 493 1458 4775">
    <p class='ocr_par' dir='ltr' id='par_1_2' title="bbox 10 493 1458 4775">
     <span class='ocr_line' id='line_1_2' title="bbox 54 493 1347 583; baseline -0.003 -17"><span class='ocrx_word' id='word_1_3' title='bbox 54 504 90 566; x_wconf 89' lang='lat' dir='ltr'>tis</span> <span class='ocrx_word' id='word_1_4' title='bbox 109 499 262 566; x_wconf 83' lang='lat' dir='ltr'>Caesarii</span> <span class='ocrx_word' id='word_1_5' title='bbox 283 499 370 583; x_wconf 87' lang='lat' dir='ltr'>(eius</span> <span class='ocrx_word' id='word_1_6' title='bbox 393 500 479 561; x_wconf 90' lang='lat' dir='ltr'>enim</span> <span class='ocrx_word' id='word_1_7' title='bbox 501 497 643 562; x_wconf 82' lang='lat' dir='ltr'>editione</span> <span class='ocrx_word' id='word_1_8' title='bbox 665 514 744 560; x_wconf 90' lang='lat' dir='ltr'>usus</span> <span class='ocrx_word' id='word_1_9' title='bbox 767 496 832 580; x_wconf 87' lang='lat' dir='ltr'>est)</span> <span class='ocrx_word' id='word_1_10' title='bbox 853 496 985 560; x_wconf 92' lang='lat' dir='ltr'>remotis</span> <span class='ocrx_word' id='word_1_11' title='bbox 1007 496 1054 559; x_wconf 91' lang='lat' dir='ltr'>ita</span> <span class='ocrx_word' id='word_1_12' title='bbox 1074 493 1117 558; x_wconf 85' lang='lat' dir='ltr'>ad</span> <span class='ocrx_word' id='word_1_13' title='bbox 1137 496 1236 562; x_wconf 91' lang='lat' dir='ltr'>fidem</span> <span class='ocrx_word' id='word_1_14' title='bbox 1258 496 1347 561; x_wconf 90' lang='lat' dir='ltr'>codi-</span> 
     </span>
     <span class='ocr_line' id='line_1_3' title="bbox 54 597 1458 690; baseline -0.004 -22"><span class='ocrx_word' id='word_1_15' title='bbox 54 627 117 668; x_wconf 87' lang='lat' dir='ltr'>cum</span> <span class='ocrx_word' id='word_1_16' title='bbox 139 624 281 690; x_wconf 88' lang='lat' dir='ltr'>quorum</span> <span class='ocrx_word' id='word_1_17' title='bbox 309 602 341 664; x_wconf 85' lang='lat' dir='ltr'>ei</span> <span class='ocrx_word' id='word_1_18' title='bbox 362 601 457 686; x_wconf 85' lang='lat' dir='ltr'>copia</span> <span class='ocrx_word' id='word_1_19' title='bbox 479 599 568 662; x_wconf 86' lang='lat' dir='ltr'>facta</span> <span class='ocrx_word' id='word_1_20' title='bbox 589 609 659 662; x_wconf 87' lang='lat' dir='ltr'>erat</span> <span class='ocrx_word' id='word_1_21' title='bbox 682 599 875 683; x_wconf 77' lang='lat' dir='ltr'><strong>scripturam</strong></span> <span class='ocrx_word' id='word_1_22' title='bbox 898 597 1066 661; x_wconf 87' lang='lat' dir='ltr'>revocavit</span> <span class='ocrx_word' id='word_1_23' title='bbox 1089 605 1126 659; x_wconf 91' lang='lat' dir='ltr'>ut</span> <span class='ocrx_word' id='word_1_24' title='bbox 1154 621 1220 665; x_wconf 92' lang='lat' dir='ltr'>non</span> <span class='ocrx_word' id='word_1_25' title='bbox 1241 599 1346 665; x_wconf 88' lang='lat' dir='ltr'>solum</span> <span class='ocrx_word' id='word_1_26' title='bbox 1455 635 1458 647; x_wconf 92' lang='lat'>·</span> 
     </span>
     <span class='ocr_line' id='line_1_4' title="bbox 55 696 1347 792; baseline -0.005 -22"><span class='ocrx_word' id='word_1_27' title='bbox 55 709 132 770; x_wconf 80' lang='lat' dir='ltr'>riam</span> <span class='ocrx_word' id='word_1_28' title='bbox 150 725 219 792; x_wconf 91' lang='lat' dir='ltr'>qua</span> <span class='ocrx_word' id='word_1_29' title='bbox 245 703 281 766; x_wconf 94' lang='lat' dir='ltr'>in</span> <span class='ocrx_word' id='word_1_30' title='bbox 305 700 505 765; x_wconf 85' lang='lat' dir='ltr'>recensendo</span> <span class='ocrx_word' id='word_1_31' title='bbox 529 699 744 784; x_wconf 87' lang='lat' dir='ltr'>grammatico</span> <span class='ocrx_word' id='word_1_32' title='bbox 766 696 1017 783; x_wconf 89' lang='lat' dir='ltr'>ingrediendum</span> <span class='ocrx_word' id='word_1_33' title='bbox 1039 708 1125 762; x_wconf 90' lang='lat' dir='ltr'>esset</span> <span class='ocrx_word' id='word_1_34' title='bbox 1147 697 1257 763; x_wconf 82' lang='lat' dir='ltr'>futuro</span> <span class='ocrx_word' id='word_1_35' title='bbox 1280 698 1347 763; x_wconf 93' lang='lat' dir='ltr'>edi·</span> 
     </span>
     <span class='ocr_line' id='line_1_5' title="bbox 54 798 1383 894; baseline -0.006 -23"><span class='ocrx_word' id='word_1_36' title='bbox 54 808 107 871; x_wconf 89' lang='lat' dir='ltr'>tori</span> <span class='ocrx_word' id='word_1_37' title='bbox 137 804 283 894; x_wconf 83' lang='lat' dir='ltr'>praeiret</span> <span class='ocrx_word' id='word_1_38' title='bbox 314 801 372 865; x_wconf 89' lang='lat' dir='ltr'>sed</span> <span class='ocrx_word' id='word_1_39' title='bbox 395 801 536 887; x_wconf 91' lang='lat' dir='ltr'>plurima</span> <span class='ocrx_word' id='word_1_40' title='bbox 562 801 660 863; x_wconf 88' lang='lat' dir='ltr'>etiam</span> <span class='ocrx_word' id='word_1_41' title='bbox 686 801 757 886; x_wconf 88' lang='lat' dir='ltr'>ipse</span> <span class='ocrx_word' id='word_1_42' title='bbox 785 799 998 884; x_wconf 88' lang='lat' dir='ltr'>praeciperet.</span> <span class='ocrx_word' id='word_1_43' title='bbox 1043 799 1119 863; x_wconf 89' lang='lat' dir='ltr'>binc</span> <span class='ocrx_word' id='word_1_44' title='bbox 1147 798 1348 885; x_wconf 87' lang='lat' dir='ltr'>intellegitur·</span> <span class='ocrx_word' id='word_1_45' title='bbox 1380 864 1383 869; x_wconf 79' lang='grc'>,</span> 
     </span>
     <span class='ocr_line' id='line_1_6' title="bbox 54 898 1430 995; baseline -0.006 -24"><span class='ocrx_word' id='word_1_46' title='bbox 54 930 110 995; x_wconf 92' lang='lat' dir='ltr'>quo</span> <span class='ocrx_word' id='word_1_47' title='bbox 130 908 205 970; x_wconf 87' lang='lat' dir='ltr'>iure</span> <span class='ocrx_word' id='word_1_48' title='bbox 227 902 418 969; x_wconf 89' lang='lat' dir='ltr'>Bondamus</span> <span class='ocrx_word' id='word_1_49' title='bbox 442 925 511 967; x_wconf 87' lang='lat' dir='ltr'>var.</span> <span class='ocrx_word' id='word_1_50' title='bbox 531 898 605 963; x_wconf 88' lang='lat' dir='ltr'>lect.</span> <span class='ocrx_word' id='word_1_51' title='bbox 623 921 655 985; x_wconf 91' lang='lat' dir='ltr'>p.</span> <span class='ocrx_word' id='word_1_52' title='bbox 677 903 738 964; x_wconf 88' lang='grc'>267</span> <span class='ocrx_word' id='word_1_53' title='bbox 756 899 949 964; x_wconf 79' lang='lat' dir='ltr'>Diomedem</span> <span class='ocrx_word' id='word_1_54' title='bbox 971 909 1044 986; x_wconf 88' lang='lat' dir='ltr'>post</span> <span class='ocrx_word' id='word_1_55' title='bbox 1064 898 1211 964; x_wconf 88' lang='lat' dir='ltr'>Putscbii</span> <span class='ocrx_word' id='word_1_56' title='bbox 1233 899 1348 965; x_wconf 92' lang='lat' dir='ltr'>editio·</span> <span class='ocrx_word' id='word_1_57' title='bbox 1421 968 1430 986; x_wconf 91' lang='lat'><strong>.</strong></span> 
     </span>
     <span class='ocr_line' id='line_1_7' title="bbox 54 999 1347 1088; baseline -0.006 -16"><span class='ocrx_word' id='word_1_58' title='bbox 54 1031 120 1072; x_wconf 88' lang='lat' dir='ltr'>nem</span> <span class='ocrx_word' id='word_1_59' title='bbox 135 1027 179 1071; x_wconf 86' lang='lat' dir='ltr'>ex</span> <span class='ocrx_word' id='word_1_60' title='bbox 197 1003 366 1071; x_wconf 86' lang='lat' dir='ltr'>veteribus</span> <span class='ocrx_word' id='word_1_61' title='bbox 388 1000 631 1088; x_wconf 82' lang='lat' dir='ltr'>exemplaribus</span> <span class='ocrx_word' id='word_1_62' title='bbox 652 999 797 1085; x_wconf 88' lang='lat' dir='ltr'>suppleri</span> <span class='ocrx_word' id='word_1_63' title='bbox 819 1021 915 1084; x_wconf 88' lang='lat' dir='ltr'>posse</span> <span class='ocrx_word' id='word_1_64' title='bbox 938 1002 1189 1067; x_wconf 78' lang='lat' dir='ltr'>existimaverit.</span> <span class='ocrx_word' id='word_1_65' title='bbox 1232 1002 1266 1064; x_wconf 94' lang='lat' dir='ltr'>ni</span> <span class='ocrx_word' id='word_1_66' title='bbox 1287 1003 1347 1064; x_wconf 93' lang='lat' dir='ltr'>mi·</span> 
     </span>
     <span class='ocr_line' id='line_1_8' title="bbox 54 1100 1347 1195; baseline -0.005 -23"><span class='ocrx_word' id='word_1_67' title='bbox 54 1132 117 1172; x_wconf 89' lang='lat' dir='ltr'>rum</span> <span class='ocrx_word' id='word_1_68' title='bbox 131 1128 220 1195; x_wconf 87' lang='lat' dir='ltr'>quae</span> <span class='ocrx_word' id='word_1_69' title='bbox 244 1126 288 1169; x_wconf 83' lang='lat' dir='ltr'>ex</span> <span class='ocrx_word' id='word_1_70' title='bbox 308 1105 382 1168; x_wconf 92' lang='lat' dir='ltr'>istis</span> <span class='ocrx_word' id='word_1_71' title='bbox 402 1105 470 1190; x_wconf 91' lang='lat' dir='ltr'>peti</span> <span class='ocrx_word' id='word_1_72' title='bbox 492 1111 629 1188; x_wconf 89' lang='lat' dir='ltr'>possunt</span> <span class='ocrx_word' id='word_1_73' title='bbox 645 1103 690 1165; x_wconf 92' lang='lat' dir='ltr'>ita</span> <span class='ocrx_word' id='word_1_74' title='bbox 706 1111 882 1187; x_wconf 88' lang='lat' dir='ltr'>conparata</span> <span class='ocrx_word' id='word_1_75' title='bbox 900 1114 977 1169; x_wconf 88' lang='lat' dir='ltr'>sunt</span> <span class='ocrx_word' id='word_1_76' title='bbox 993 1105 1102 1169; x_wconf 89' lang='lat' dir='ltr'>omnia</span> <span class='ocrx_word' id='word_1_77' title='bbox 1113 1111 1164 1182; x_wconf 89' lang='lat' dir='ltr'>ut,</span> <span class='ocrx_word' id='word_1_78' title='bbox 1186 1100 1347 1188; x_wconf 74' lang='lat' dir='ltr'>siquando</span> 
     </span>
     <span class='ocr_line' id='line_1_9' title="bbox 54 1202 1347 1292; baseline -0.006 -18"><span class='ocrx_word' id='word_1_79' title='bbox 54 1220 135 1273; x_wconf 84' lang='lat' dir='ltr'>recte</span> <span class='ocrx_word' id='word_1_80' title='bbox 157 1205 338 1273; x_wconf 90' lang='lat' dir='ltr'>emendata</span> <span class='ocrx_word' id='word_1_81' title='bbox 359 1214 410 1268; x_wconf 91' lang='lat' dir='ltr'>est</span> <span class='ocrx_word' id='word_1_82' title='bbox 431 1203 580 1268; x_wconf 82' lang='lat' dir='ltr'>codicum</span> <span class='ocrx_word' id='word_1_83' title='bbox 604 1205 783 1290; x_wconf 87' lang='lat' dir='ltr'>scriptura,</span> <span class='ocrx_word' id='word_1_84' title='bbox 805 1202 886 1266; x_wconf 88' lang='lat' dir='ltr'>baec</span> <span class='ocrx_word' id='word_1_85' title='bbox 908 1204 1048 1282; x_wconf 80' lang='lat' dir='ltr'>faciles</span> <span class='ocrx_word' id='word_1_86' title='bbox 1067 1206 1185 1292; x_wconf 92' lang='lat' dir='ltr'>quovis</span> <span class='ocrx_word' id='word_1_87' title='bbox 1205 1204 1347 1268; x_wconf 87' lang='lat' dir='ltr'>inveniri</span> 
     </span>
     <span class='ocr_line' id='line_1_10' title="bbox 54 1299 1347 1398; baseline -0.005 -24"><span class='ocrx_word' id='word_1_88' title='bbox 54 1311 194 1398; x_wconf 82' lang='lat' dir='ltr'>possint3</span> <span class='ocrx_word' id='word_1_89' title='bbox 225 1308 279 1370; x_wconf 91' lang='lat' dir='ltr'>sin</span> <span class='ocrx_word' id='word_1_90' title='bbox 300 1307 425 1369; x_wconf 86' lang='lat' dir='ltr'>rariora</span> <span class='ocrx_word' id='word_1_91' title='bbox 448 1316 480 1368; x_wconf 91' lang='lat' dir='ltr'>et</span> <span class='ocrx_word' id='word_1_92' title='bbox 501 1326 521 1367; x_wconf 88' lang='lat' dir='ltr'>a</span> <span class='ocrx_word' id='word_1_93' title='bbox 536 1306 699 1368; x_wconf 89' lang='lat' dir='ltr'>communi</span> <span class='ocrx_word' id='word_1_94' title='bbox 717 1303 884 1368; x_wconf 88' lang='lat' dir='ltr'>intellectu</span> <span class='ocrx_word' id='word_1_95' title='bbox 907 1307 1012 1391; x_wconf 89' lang='lat' dir='ltr'>magis</span> <span class='ocrx_word' id='word_1_96' title='bbox 1029 1299 1157 1369; x_wconf 81' lang='lat' dir='ltr'>&#39;remota</span> <span class='ocrx_word' id='word_1_97' title='bbox 1177 1303 1347 1392; x_wconf 82' lang='lat' dir='ltr'>praebent,</span> 
     </span>
     <span class='ocr_line' id='line_1_11' title="bbox 54 1404 1348 1492; baseline -0.005 -17"><span class='ocrx_word' id='word_1_98' title='bbox 54 1433 86 1474; x_wconf 85' lang='lat' dir='ltr'>ea</span> <span class='ocrx_word' id='word_1_99' title='bbox 99 1409 257 1475; x_wconf 88' lang='lat' dir='ltr'>licentius</span> <span class='ocrx_word' id='word_1_100' title='bbox 277 1427 374 1492; x_wconf 89' lang='lat' dir='ltr'>quam</span> <span class='ocrx_word' id='word_1_101' title='bbox 393 1415 429 1468; x_wconf 92' lang='lat' dir='ltr'>ut</span> <span class='ocrx_word' id='word_1_102' title='bbox 448 1404 580 1490; x_wconf 88' lang='lat' dir='ltr'>probari</span> <span class='ocrx_word' id='word_1_103' title='bbox 600 1407 728 1491; x_wconf 81' lang='lat' dir='ltr'>possint</span> <span class='ocrx_word' id='word_1_104' title='bbox 750 1406 937 1489; x_wconf 85' lang='lat' dir='ltr'>excogitata</span> <span class='ocrx_word' id='word_1_105' title='bbox 957 1407 1034 1469; x_wconf 91' lang='lat' dir='ltr'>sint.</span> <span class='ocrx_word' id='word_1_106' title='bbox 1064 1404 1226 1491; x_wconf 81' lang='lat' dir='ltr'>adscripsi</span> <span class='ocrx_word' id='word_1_107' title='bbox 1239 1414 1348 1469; x_wconf 76' lang='grc'>11111111</span> 
     </span>
     <span class='ocr_line' id='line_1_12' title="bbox 55 1505 1348 1592; baseline -0.005 -17"><span class='ocrx_word' id='word_1_108' title='bbox 55 1511 150 1575; x_wconf 87' lang='lat' dir='ltr'>multa</span> <span class='ocrx_word' id='word_1_109' title='bbox 165 1531 211 1572; x_wconf 86' lang='lat' dir='ltr'>ex</span> <span class='ocrx_word' id='word_1_110' title='bbox 224 1508 276 1573; x_wconf 91' lang='lat' dir='ltr'>bis</span> <span class='ocrx_word' id='word_1_111' title='bbox 284 1557 294 1590; x_wconf 92' lang='lat'>,</span> <span class='ocrx_word' id='word_1_112' title='bbox 315 1528 380 1571; x_wconf 92' lang='lat' dir='ltr'>non</span> <span class='ocrx_word' id='word_1_113' title='bbox 392 1529 456 1592; x_wconf 93' lang='lat' dir='ltr'>quo</span> <span class='ocrx_word' id='word_1_114' title='bbox 468 1507 509 1570; x_wconf 90' lang='lat' dir='ltr'>iis</span> <span class='ocrx_word' id='word_1_115' title='bbox 523 1508 663 1591; x_wconf 84' lang='lat' dir='ltr'>cognitis</span> <span class='ocrx_word' id='word_1_116' title='bbox 678 1528 798 1592; x_wconf 88' lang='lat' dir='ltr'>magno</span> <span class='ocrx_word' id='word_1_117' title='bbox 816 1529 914 1592; x_wconf 84' lang='lat' dir='ltr'>opere</span> <span class='ocrx_word' id='word_1_118' title='bbox 926 1507 1075 1572; x_wconf 90' lang='lat' dir='ltr'>adiuvari</span> <span class='ocrx_word' id='word_1_119' title='bbox 1090 1505 1348 1577; x_wconf 87' lang='lat' dir='ltr'>emendationem</span> 
     </span>
     <span class='ocr_line' id='line_1_13' title="bbox 55 1607 1348 1700; baseline -0.006 -22"><span class='ocrx_word' id='word_1_120' title='bbox 55 1625 217 1700; x_wconf 87' lang='lat' dir='ltr'>putarem,</span> <span class='ocrx_word' id='word_1_121' title='bbox 240 1608 300 1672; x_wconf 93' lang='lat' dir='ltr'>sed</span> <span class='ocrx_word' id='word_1_122' title='bbox 317 1609 396 1694; x_wconf 90' lang='lat' dir='ltr'>quia</span> <span class='ocrx_word' id='word_1_123' title='bbox 419 1630 490 1671; x_wconf 89' lang='lat' dir='ltr'>eam</span> <span class='ocrx_word' id='word_1_124' title='bbox 515 1609 742 1672; x_wconf 87' lang='lat' dir='ltr'>auctoritatem</span> <span class='ocrx_word' id='word_1_125' title='bbox 766 1608 842 1673; x_wconf 93' lang='lat' dir='ltr'>olim</span> <span class='ocrx_word' id='word_1_126' title='bbox 864 1617 962 1672; x_wconf 86' lang='lat' dir='ltr'>nacta</span> <span class='ocrx_word' id='word_1_127' title='bbox 980 1617 1055 1672; x_wconf 88' lang='lat' dir='ltr'>sunt</span> <span class='ocrx_word' id='word_1_128' title='bbox 1076 1607 1271 1694; x_wconf 86' lang='lat' dir='ltr'>interpolata</span> <span class='ocrx_word' id='word_1_129' title='bbox 1293 1628 1348 1670; x_wconf 88' lang='lat' dir='ltr'>ex·</span> 
     </span>
     <span class='ocr_line' id='line_1_14' title="bbox 55 1707 1348 1801; baseline -0.002 -24"><span class='ocrx_word' id='word_1_130' title='bbox 55 1714 227 1801; x_wconf 81' lang='lat' dir='ltr'>emptoria,</span> <span class='ocrx_word' id='word_1_131' title='bbox 261 1719 299 1774; x_wconf 92' lang='lat' dir='ltr'>ut</span> <span class='ocrx_word' id='word_1_132' title='bbox 325 1731 391 1775; x_wconf 89' lang='lat' dir='ltr'>uon</span> <span class='ocrx_word' id='word_1_133' title='bbox 418 1708 535 1773; x_wconf 87' lang='lat' dir='ltr'>inutile</span> <span class='ocrx_word' id='word_1_134' title='bbox 558 1710 601 1771; x_wconf 91' lang='lat' dir='ltr'>sit</span> <span class='ocrx_word' id='word_1_135' title='bbox 624 1710 708 1773; x_wconf 89' lang='lat' dir='ltr'>scire</span> <span class='ocrx_word' id='word_1_136' title='bbox 730 1709 808 1797; x_wconf 93' lang='lat' dir='ltr'>quid</span> <span class='ocrx_word' id='word_1_137' title='bbox 841 1711 875 1772; x_wconf 93' lang='lat' dir='ltr'>in</span> <span class='ocrx_word' id='word_1_138' title='bbox 897 1707 965 1774; x_wconf 92' lang='lat' dir='ltr'>illis</span> <span class='ocrx_word' id='word_1_139' title='bbox 985 1709 1119 1788; x_wconf 83' lang='lat' dir='ltr'>feratur.</span> <span class='ocrx_word' id='word_1_140' title='bbox 1163 1707 1222 1772; x_wconf 89' lang='lat' dir='ltr'>sed</span> <span class='ocrx_word' id='word_1_141' title='bbox 1247 1730 1348 1795; x_wconf 91' lang='lat' dir='ltr'>aquo</span> 
     </span>
     <span class='ocr_line' id='line_1_15' title="bbox 54 1808 1348 1902; baseline -0.002 -24"><span class='ocrx_word' id='word_1_142' title='bbox 54 1836 200 1902; x_wconf 87' lang='lat' dir='ltr'>quaeque</span> <span class='ocrx_word' id='word_1_143' title='bbox 220 1812 361 1897; x_wconf 90' lang='lat' dir='ltr'>primum</span> <span class='ocrx_word' id='word_1_144' title='bbox 384 1811 518 1874; x_wconf 85' lang='lat' dir='ltr'>inventa</span> <span class='ocrx_word' id='word_1_145' title='bbox 539 1819 650 1874; x_wconf 88' lang='lat' dir='ltr'>essent</span> <span class='ocrx_word' id='word_1_146' title='bbox 670 1819 821 1874; x_wconf 89' lang='lat' dir='ltr'>accurate</span> <span class='ocrx_word' id='word_1_147' title='bbox 840 1808 1059 1875; x_wconf 70' lang='lat' dir='ltr'>&#39;indicandum</span> <span class='ocrx_word' id='word_1_148' title='bbox 1078 1832 1143 1874; x_wconf 89' lang='lat' dir='ltr'>non</span> <span class='ocrx_word' id='word_1_149' title='bbox 1162 1809 1348 1875; x_wconf 86' lang='lat' dir='ltr'>videbatur.</span> 
     </span>
     <span class='ocr_line' id='line_1_16' title="bbox 55 1910 1350 2002; baseline -0.002 -23"><span class='ocrx_word' id='word_1_150' title='bbox 55 1917 160 2002; x_wconf 80' lang='lat' dir='ltr'>itaque</span> <span class='ocrx_word' id='word_1_151' title='bbox 195 1912 360 1977; x_wconf 90' lang='lat' dir='ltr'>communi</span> <span class='ocrx_word' id='word_1_152' title='bbox 396 1911 491 1995; x_wconf 90' lang='lat' dir='ltr'>signo</span> <span class='ocrx_word' id='word_1_153' title='bbox 526 1932 590 1998; x_wconf 90' lang='lat' dir='ltr'>quo</span> <span class='ocrx_word' id='word_1_154' title='bbox 623 1910 890 1997; x_wconf 83' lang='lat' dir='ltr'>interpolatorum</span> <span class='ocrx_word' id='word_1_155' title='bbox 921 1912 1155 2000; x_wconf 83' lang='lat' dir='ltr'>exemplarium</span> <span class='ocrx_word' id='word_1_156' title='bbox 1188 1913 1350 1997; x_wconf 90' lang='lat' dir='ltr'>scriptura</span> 
     </span>
     <span class='ocr_line' id='line_1_17' title="bbox 55 2013 1348 2101; baseline -0.003 -21"><span class='ocrx_word' id='word_1_157' title='bbox 55 2013 296 2101; x_wconf 88' lang='lat' dir='ltr'>significaretur</span> <span class='ocrx_word' id='word_1_158' title='bbox 317 2034 396 2075; x_wconf 92' lang='lat' dir='ltr'>usus</span> <span class='ocrx_word' id='word_1_159' title='bbox 417 2034 500 2076; x_wconf 85' lang='lat' dir='ltr'>sum.</span> <span class='ocrx_word' id='word_1_160' title='bbox 545 2013 688 2075; x_wconf 90' lang='lat' dir='ltr'>maxima</span> <span class='ocrx_word' id='word_1_161' title='bbox 707 2024 815 2078; x_wconf 87' lang='lat' dir='ltr'>autem</span> <span class='ocrx_word' id='word_1_162' title='bbox 839 2037 916 2101; x_wconf 89' lang='lat' dir='ltr'>pars</span> <span class='ocrx_word' id='word_1_163' title='bbox 939 2036 1049 2079; x_wconf 89' lang='lat' dir='ltr'>eorum</span> <span class='ocrx_word' id='word_1_164' title='bbox 1073 2034 1093 2077; x_wconf 91' lang='lat' dir='ltr'>a</span> <span class='ocrx_word' id='word_1_165' title='bbox 1113 2014 1262 2100; x_wconf 85' lang='lat' dir='ltr'>principe</span> <span class='ocrx_word' id='word_1_166' title='bbox 1282 2013 1348 2076; x_wconf 90' lang='lat' dir='ltr'>edi·</span> 
     </span>
     <span class='ocr_line' id='line_1_18' title="bbox 54 2112 1349 2204; baseline -0.003 -24"><span class='ocrx_word' id='word_1_167' title='bbox 54 2118 139 2182; x_wconf 87' lang='lat' dir='ltr'>tione</span> <span class='ocrx_word' id='word_1_168' title='bbox 157 2123 359 2202; x_wconf 88' lang='lat' dir='ltr'>propagata,</span> <span class='ocrx_word' id='word_1_169' title='bbox 394 2113 556 2201; x_wconf 88' lang='lat' dir='ltr'>quaedam</span> <span class='ocrx_word' id='word_1_170' title='bbox 583 2135 604 2176; x_wconf 93' lang='lat' dir='ltr'>a</span> <span class='ocrx_word' id='word_1_171' title='bbox 624 2112 767 2179; x_wconf 91' lang='lat' dir='ltr'>Buschio</span> <span class='ocrx_word' id='word_1_172' title='bbox 790 2117 990 2204; x_wconf 85' lang='lat' dir='ltr'>reliquisque</span> <span class='ocrx_word' id='word_1_173' title='bbox 1011 2113 1191 2178; x_wconf 88' lang='lat' dir='ltr'>editoribus</span> <span class='ocrx_word' id='word_1_174' title='bbox 1214 2115 1349 2178; x_wconf 85' lang='lat' dir='ltr'>inventa</span> 
     </span>
     <span class='ocr_line' id='line_1_19' title="bbox 55 2215 1349 2303; baseline 0.001 -24"><span class='ocrx_word' id='word_1_175' title='bbox 55 2229 137 2283; x_wconf 83' lang='lat' dir='ltr'>sunt.</span> <span class='ocrx_word' id='word_1_176' title='bbox 183 2238 259 2281; x_wconf 91' lang='lat' dir='ltr'>raro</span> <span class='ocrx_word' id='word_1_177' title='bbox 279 2223 377 2301; x_wconf 90' lang='lat' dir='ltr'>atque</span> <span class='ocrx_word' id='word_1_178' title='bbox 399 2224 468 2278; x_wconf 91' lang='lat' dir='ltr'>tum</span> <span class='ocrx_word' id='word_1_179' title='bbox 491 2215 632 2277; x_wconf 87' lang='lat' dir='ltr'>maxime</span> <span class='ocrx_word' id='word_1_180' title='bbox 653 2236 726 2278; x_wconf 90' lang='lat' dir='ltr'>cum</span> <span class='ocrx_word' id='word_1_181' title='bbox 749 2219 854 2302; x_wconf 90' lang='lat' dir='ltr'>magis</span> <span class='ocrx_word' id='word_1_182' title='bbox 885 2215 1087 2303; x_wconf 88' lang='lat' dir='ltr'>exemplaria</span> <span class='ocrx_word' id='word_1_183' title='bbox 1109 2215 1349 2280; x_wconf 87' lang='lat' dir='ltr'>dissentiebant</span> 
     </span>
     <span class='ocr_line' id='line_1_20' title="bbox 55 2315 1347 2406; baseline -0.002 -22"><span class='ocrx_word' id='word_1_184' title='bbox 55 2319 214 2406; x_wconf 86' lang='lat' dir='ltr'>quaedam</span> <span class='ocrx_word' id='word_1_185' title='bbox 235 2315 423 2380; x_wconf 90' lang='lat' dir='ltr'>nominibus</span> <span class='ocrx_word' id='word_1_186' title='bbox 446 2337 556 2380; x_wconf 85' lang='lat' dir='ltr'>eorum</span> <span class='ocrx_word' id='word_1_187' title='bbox 572 2338 592 2379; x_wconf 91' lang='lat' dir='ltr'>a</span> <span class='ocrx_word' id='word_1_188' title='bbox 613 2316 730 2402; x_wconf 88' lang='lat' dir='ltr'>quibus</span> <span class='ocrx_word' id='word_1_189' title='bbox 754 2320 887 2382; x_wconf 87' lang='lat' dir='ltr'>inventa</span> <span class='ocrx_word' id='word_1_190' title='bbox 902 2326 978 2383; x_wconf 92' lang='lat' dir='ltr'>sunt</span> <span class='ocrx_word' id='word_1_191' title='bbox 1000 2316 1158 2403; x_wconf 86' lang='lat' dir='ltr'>adpositis</span> <span class='ocrx_word' id='word_1_192' title='bbox 1176 2317 1347 2404; x_wconf 88' lang='lat' dir='ltr'>adscripsi.</span> 
     </span>
     <span class='ocr_line' id='line_1_21' title="bbox 138 2416 1350 2508; baseline -0.002 -23"><span class='ocrx_word' id='word_1_193' title='bbox 138 2420 207 2485; x_wconf 89' lang='lat' dir='ltr'>Res</span> <span class='ocrx_word' id='word_1_194' title='bbox 236 2440 257 2481; x_wconf 91' lang='lat' dir='ltr'>a</span> <span class='ocrx_word' id='word_1_195' title='bbox 284 2416 412 2483; x_wconf 90' lang='lat' dir='ltr'>duobus</span> <span class='ocrx_word' id='word_1_196' title='bbox 439 2418 662 2502; x_wconf 87' lang='lat' dir='ltr'>grammaticis</span> <span class='ocrx_word' id='word_1_197' title='bbox 690 2419 827 2483; x_wconf 83' lang='lat' dir='ltr'>traditas</span> <span class='ocrx_word' id='word_1_198' title='bbox 854 2428 1052 2508; x_wconf 84' lang='lat' dir='ltr'>pertractare</span> <span class='ocrx_word' id='word_1_199' title='bbox 1081 2427 1113 2482; x_wconf 88' lang='lat' dir='ltr'>et</span> <span class='ocrx_word' id='word_1_200' title='bbox 1140 2418 1350 2485; x_wconf 89' lang='lat' dir='ltr'>adnotatione</span> 
     </span>
     <span class='ocr_line' id='line_1_22' title="bbox 55 2518 1349 2609; baseline -0.002 -23"><span class='ocrx_word' id='word_1_201' title='bbox 55 2521 233 2609; x_wconf 83' lang='lat' dir='ltr'>explanare</span> <span class='ocrx_word' id='word_1_202' title='bbox 255 2542 276 2583; x_wconf 92' lang='lat' dir='ltr'>a</span> <span class='ocrx_word' id='word_1_203' title='bbox 290 2543 365 2586; x_wconf 91' lang='lat' dir='ltr'>meo</span> <span class='ocrx_word' id='word_1_204' title='bbox 385 2519 520 2585; x_wconf 88' lang='lat' dir='ltr'>consilio</span> <span class='ocrx_word' id='word_1_205' title='bbox 537 2519 680 2582; x_wconf 85' lang='lat' dir='ltr'>alienum</span> <span class='ocrx_word' id='word_1_206' title='bbox 700 2518 771 2582; x_wconf 87' lang='lat' dir='ltr'>fuit.</span> <span class='ocrx_word' id='word_1_207' title='bbox 803 2519 860 2583; x_wconf 92' lang='lat' dir='ltr'>sed</span> <span class='ocrx_word' id='word_1_208' title='bbox 878 2522 956 2606; x_wconf 89' lang='lat' dir='ltr'>quia</span> <span class='ocrx_word' id='word_1_209' title='bbox 973 2541 1099 2584; x_wconf 89' lang='lat' dir='ltr'>omnem</span> <span class='ocrx_word' id='word_1_210' title='bbox 1117 2519 1232 2584; x_wconf 91' lang='lat' dir='ltr'>borum</span> <span class='ocrx_word' id='word_1_211' title='bbox 1248 2522 1349 2609; x_wconf 88' lang='lat' dir='ltr'>scrip·</span> 
     </span>
     <span class='ocr_line' id='line_1_23' title="bbox 57 2620 1350 2707; baseline 0 -19"><span class='ocrx_word' id='word_1_212' title='bbox 57 2639 160 2688; x_wconf 87' lang='lat' dir='ltr'>torum</span> <span class='ocrx_word' id='word_1_213' title='bbox 177 2623 417 2703; x_wconf 87' lang='lat' dir='ltr'>auctoritatem,</span> <span class='ocrx_word' id='word_1_214' title='bbox 437 2623 521 2684; x_wconf 88' lang='lat' dir='ltr'>sicut</span> <span class='ocrx_word' id='word_1_215' title='bbox 538 2620 736 2707; x_wconf 90' lang='lat' dir='ltr'>reliquorum</span> <span class='ocrx_word' id='word_1_216' title='bbox 749 2621 805 2705; x_wconf 90' lang='lat' dir='ltr'>qui</span> <span class='ocrx_word' id='word_1_217' title='bbox 827 2643 869 2684; x_wconf 87' lang='lat' dir='ltr'>ex</span> <span class='ocrx_word' id='word_1_218' title='bbox 886 2620 948 2686; x_wconf 92' lang='lat' dir='ltr'>hoc</span> <span class='ocrx_word' id='word_1_219' title='bbox 966 2644 1086 2707; x_wconf 88' lang='lat' dir='ltr'>genere</span> <span class='ocrx_word' id='word_1_220' title='bbox 1101 2621 1282 2687; x_wconf 87' lang='lat' dir='ltr'>litterarum</span> <span class='ocrx_word' id='word_1_221' title='bbox 1306 2622 1350 2688; x_wconf 87' lang='lat' dir='ltr'>ad</span> 
     </span>
     <span class='ocr_line' id='line_1_24' title="bbox 56 2722 1348 2813; baseline 0 -25"><span class='ocrx_word' id='word_1_222' title='bbox 56 2734 197 2789; x_wconf 65' lang='lat' dir='ltr'>nontam</span> <span class='ocrx_word' id='word_1_223' title='bbox 221 2731 361 2813; x_wconf 86' lang='lat' dir='ltr'>aetatem</span> <span class='ocrx_word' id='word_1_224' title='bbox 383 2730 616 2808; x_wconf 89' lang='lat' dir='ltr'>pervenerunt,</span> <span class='ocrx_word' id='word_1_225' title='bbox 640 2742 683 2785; x_wconf 88' lang='lat' dir='ltr'>ex</span> <span class='ocrx_word' id='word_1_226' title='bbox 695 2722 935 2808; x_wconf 90' lang='lat' dir='ltr'>antiquioribus</span> <span class='ocrx_word' id='word_1_227' title='bbox 950 2724 1182 2809; x_wconf 87' lang='lat' dir='ltr'>grammaticis,</span> <span class='ocrx_word' id='word_1_228' title='bbox 1202 2746 1283 2811; x_wconf 90' lang='lat' dir='ltr'>quos</span> <span class='ocrx_word' id='word_1_229' title='bbox 1299 2723 1348 2788; x_wconf 92' lang='lat' dir='ltr'>illi</span> 
     </span>
     <span class='ocr_line' id='line_1_25' title="bbox 56 2821 1350 2908; baseline -0.002 -17"><span class='ocrx_word' id='word_1_230' title='bbox 56 2831 87 2891; x_wconf 91' lang='lat' dir='ltr'>in</span> <span class='ocrx_word' id='word_1_231' title='bbox 120 2825 219 2890; x_wconf 90' lang='lat' dir='ltr'>libris</span> <span class='ocrx_word' id='word_1_232' title='bbox 246 2821 430 2888; x_wconf 88' lang='lat' dir='ltr'>scribendis</span> <span class='ocrx_word' id='word_1_233' title='bbox 457 2823 561 2886; x_wconf 89' lang='lat' dir='ltr'>secuti</span> <span class='ocrx_word' id='word_1_234' title='bbox 591 2831 682 2903; x_wconf 87' lang='lat' dir='ltr'>sunt,</span> <span class='ocrx_word' id='word_1_235' title='bbox 709 2823 852 2908; x_wconf 88' lang='lat' dir='ltr'>pendere</span> <span class='ocrx_word' id='word_1_236' title='bbox 882 2834 1009 2889; x_wconf 90' lang='lat' dir='ltr'>constat</span> <span class='ocrx_word' id='word_1_237' title='bbox 1016 2872 1026 2907; x_wconf 97' lang='lat'>,</span> <span class='ocrx_word' id='word_1_238' title='bbox 1059 2846 1124 2888; x_wconf 91' lang='lat' dir='ltr'>non</span> <span class='ocrx_word' id='word_1_239' title='bbox 1149 2824 1282 2890; x_wconf 83' lang='lat' dir='ltr'>videtur</span> <span class='ocrx_word' id='word_1_240' title='bbox 1310 2847 1350 2889; x_wconf 89' lang='lat' dir='ltr'>ea</span> 
     </span>
     <span class='ocr_line' id='line_1_26' title="bbox 56 2922 1349 3017; baseline -0.003 -23"><span class='ocrx_word' id='word_1_241' title='bbox 56 2931 202 3017; x_wconf 84' lang='lat' dir='ltr'>quaestio</span> <span class='ocrx_word' id='word_1_242' title='bbox 228 2926 290 2991; x_wconf 93' lang='lat' dir='ltr'>boc</span> <span class='ocrx_word' id='word_1_243' title='bbox 325 2923 398 2988; x_wconf 90' lang='lat' dir='ltr'>loco</span> <span class='ocrx_word' id='word_1_244' title='bbox 425 2922 717 3009; x_wconf 87' lang='lat' dir='ltr'>praetermittenda</span> <span class='ocrx_word' id='word_1_245' title='bbox 747 2945 830 2988; x_wconf 85' lang='lat' dir='ltr'>esse.</span> <span class='ocrx_word' id='word_1_246' title='bbox 874 2947 1069 3012; x_wconf 90' lang='lat' dir='ltr'>quamquam</span> <span class='ocrx_word' id='word_1_247' title='bbox 1091 2924 1174 2990; x_wconf 91' lang='lat' dir='ltr'>illud</span> <span class='ocrx_word' id='word_1_248' title='bbox 1202 2926 1249 2989; x_wconf 90' lang='lat' dir='ltr'>ita</span> <span class='ocrx_word' id='word_1_249' title='bbox 1275 2948 1349 2990; x_wconf 84' lang='lat' dir='ltr'>cum</span> 
     </span>
     <span class='ocr_line' id='line_1_27' title="bbox 56 3022 1350 3115; baseline -0.005 -19"><span class='ocrx_word' id='word_1_250' title='bbox 56 3033 125 3096; x_wconf 84' lang='lat' dir='ltr'>aliis</span> <span class='ocrx_word' id='word_1_251' title='bbox 144 3026 372 3115; x_wconf 87' lang='lat' dir='ltr'>grammaticis</span> <span class='ocrx_word' id='word_1_252' title='bbox 392 3024 449 3112; x_wconf 91' lang='lat' dir='ltr'>qui</span> <span class='ocrx_word' id='word_1_253' title='bbox 463 3024 586 3088; x_wconf 67' lang='lat' dir='ltr'>«iisdem</span> <span class='ocrx_word' id='word_1_254' title='bbox 609 3022 754 3088; x_wconf 80' lang='lat' dir='ltr'>fdntibus</span> <span class='ocrx_word' id='word_1_255' title='bbox 775 3027 826 3088; x_wconf 93' lang='lat' dir='ltr'>usi</span> <span class='ocrx_word' id='word_1_256' title='bbox 843 3036 919 3088; x_wconf 90' lang='lat' dir='ltr'>sunt</span> <span class='ocrx_word' id='word_1_257' title='bbox 938 3027 1147 3091; x_wconf 88' lang='lat' dir='ltr'>coniunctum</span> <span class='ocrx_word' id='word_1_258' title='bbox 1162 3036 1263 3090; x_wconf 89' lang='lat' dir='ltr'>estut</span> <span class='ocrx_word' id='word_1_259' title='bbox 1278 3028 1350 3091; x_wconf 89' lang='lat' dir='ltr'>siue</span> 
     </span>
     <span class='ocr_line' id='line_1_28' title="bbox 57 3123 1349 3216; baseline -0.002 -21"><span class='ocrx_word' id='word_1_260' title='bbox 57 3132 152 3216; x_wconf 88' lang='lat' dir='ltr'>longa</span> <span class='ocrx_word' id='word_1_261' title='bbox 180 3126 402 3214; x_wconf 86' lang='lat' dir='ltr'>disputatione</span> <span class='ocrx_word' id='word_1_262' title='bbox 430 3147 482 3190; x_wconf 90' lang='lat' dir='ltr'>res</span> <span class='ocrx_word' id='word_1_263' title='bbox 509 3123 624 3189; x_wconf 81' lang='lat' dir='ltr'>confici</span> <span class='ocrx_word' id='word_1_264' title='bbox 652 3135 802 3211; x_wconf 88' lang='lat' dir='ltr'>nequeat.</span> <span class='ocrx_word' id='word_1_265' title='bbox 847 3128 958 3213; x_wconf 87' lang='lat' dir='ltr'>itaque</span> <span class='ocrx_word' id='word_1_266' title='bbox 990 3148 1076 3190; x_wconf 89' lang='lat' dir='ltr'>nunc</span> <span class='ocrx_word' id='word_1_267' title='bbox 1108 3149 1267 3191; x_wconf 89' lang='lat' dir='ltr'>summam</span> <span class='ocrx_word' id='word_1_268' title='bbox 1299 3130 1349 3192; x_wconf 88' lang='lat' dir='ltr'>rei</span> 
     </span>
     <span class='ocr_line' id='line_1_29' title="bbox 58 3227 1349 3317; baseline -0.002 -21"><span class='ocrx_word' id='word_1_269' title='bbox 58 3234 212 3317; x_wconf 85' lang='lat' dir='ltr'>attingam</span> <span class='ocrx_word' id='word_1_270' title='bbox 240 3237 272 3292; x_wconf 92' lang='lat' dir='ltr'>et</span> <span class='ocrx_word' id='word_1_271' title='bbox 299 3248 383 3315; x_wconf 89' lang='lat' dir='ltr'>quae</span> <span class='ocrx_word' id='word_1_272' title='bbox 405 3228 546 3290; x_wconf 87' lang='lat' dir='ltr'>maxime</span> <span class='ocrx_word' id='word_1_273' title='bbox 568 3227 603 3289; x_wconf 92' lang='lat' dir='ltr'>in</span> <span class='ocrx_word' id='word_1_274' title='bbox 624 3235 775 3311; x_wconf 89' lang='lat' dir='ltr'>promptu</span> <span class='ocrx_word' id='word_1_275' title='bbox 803 3237 879 3289; x_wconf 93' lang='lat' dir='ltr'>sunt</span> <span class='ocrx_word' id='word_1_276' title='bbox 899 3227 1071 3315; x_wconf 87' lang='lat' dir='ltr'>explicabo</span> <span class='ocrx_word' id='word_1_277' title='bbox 1100 3250 1197 3316; x_wconf 89' lang='lat' dir='ltr'>quam</span> <span class='ocrx_word' id='word_1_278' title='bbox 1223 3230 1349 3295; x_wconf 88' lang='lat' dir='ltr'>brevis·</span> 
     </span>
     <span class='ocr_line' id='line_1_30' title="bbox 60 3328 1350 3418; baseline -0.001 -21"><span class='ocrx_word' id='word_1_279' title='bbox 60 3336 145 3397; x_wconf 89' lang='lat' dir='ltr'>sime.</span> <span class='ocrx_word' id='word_1_280' title='bbox 191 3329 363 3394; x_wconf 87' lang='lat' dir='ltr'>Charisius</span> <span class='ocrx_word' id='word_1_281' title='bbox 389 3328 491 3412; x_wconf 86' lang='lat' dir='ltr'>igitur</span> <span class='ocrx_word' id='word_1_282' title='bbox 517 3337 585 3391; x_wconf 89' lang='lat' dir='ltr'>tres</span> <span class='ocrx_word' id='word_1_283' title='bbox 614 3328 845 3414; x_wconf 89' lang='lat' dir='ltr'>grammaticos</span> <span class='ocrx_word' id='word_1_284' title='bbox 867 3332 1029 3413; x_wconf 90' lang='lat' dir='ltr'>nominat,</span> <span class='ocrx_word' id='word_1_285' title='bbox 1064 3351 1200 3418; x_wconf 92' lang='lat' dir='ltr'>quorum</span> <span class='ocrx_word' id='word_1_286' title='bbox 1226 3352 1261 3394; x_wconf 89' lang='lat' dir='ltr'>se</span> <span class='ocrx_word' id='word_1_287' title='bbox 1282 3352 1350 3396; x_wconf 91' lang='lat' dir='ltr'>non</span> 
     </span>
     <span class='ocr_line' id='line_1_31' title="bbox 60 3429 1350 3521; baseline -0.002 -23"><span class='ocrx_word' id='word_1_288' title='bbox 60 3434 184 3521; x_wconf 88' lang='lat' dir='ltr'>singula</span> <span class='ocrx_word' id='word_1_289' title='bbox 206 3429 368 3519; x_wconf 89' lang='lat' dir='ltr'>quaedam</span> <span class='ocrx_word' id='word_1_290' title='bbox 387 3439 563 3515; x_wconf 88' lang='lat' dir='ltr'>praecepta</span> <span class='ocrx_word' id='word_1_291' title='bbox 587 3430 743 3516; x_wconf 89' lang='lat' dir='ltr'>probasse</span> <span class='ocrx_word' id='word_1_292' title='bbox 766 3431 824 3496; x_wconf 88' lang='lat' dir='ltr'>sed</span> <span class='ocrx_word' id='word_1_293' title='bbox 857 3432 1020 3517; x_wconf 88' lang='lat' dir='ltr'>longiores</span> <span class='ocrx_word' id='word_1_294' title='bbox 1045 3432 1283 3519; x_wconf 86' lang='lat' dir='ltr'>disputationes</span> <span class='ocrx_word' id='word_1_295' title='bbox 1306 3454 1350 3496; x_wconf 85' lang='lat' dir='ltr'>ex</span> 
     </span>
     <span class='ocr_line' id='line_1_32' title="bbox 49 3530 1350 3622; baseline -0.002 -24"><span class='ocrx_word' id='word_1_296' title='bbox 49 3536 148 3601; x_wconf 83' lang='lat' dir='ltr'>libris</span> <span class='ocrx_word' id='word_1_297' title='bbox 167 3556 278 3600; x_wconf 87' lang='lat' dir='ltr'>sorum</span> <span class='ocrx_word' id='word_1_298' title='bbox 301 3530 515 3614; x_wconf 86' lang='lat' dir='ltr'>transcriptos</span> <span class='ocrx_word' id='word_1_299' title='bbox 537 3531 571 3594; x_wconf 91' lang='lat' dir='ltr'>in</span> <span class='ocrx_word' id='word_1_300' title='bbox 593 3552 687 3595; x_wconf 88' lang='lat' dir='ltr'>suum</span> <span class='ocrx_word' id='word_1_301' title='bbox 708 3555 804 3596; x_wconf 88' lang='lat' dir='ltr'>usum</span> <span class='ocrx_word' id='word_1_302' title='bbox 821 3536 1022 3598; x_wconf 85' lang='lat' dir='ltr'>convertisse</span> <span class='ocrx_word' id='word_1_303' title='bbox 1036 3533 1216 3622; x_wconf 87' lang='lat' dir='ltr'>profitetur,</span> <span class='ocrx_word' id='word_1_304' title='bbox 1240 3531 1278 3596; x_wconf 85' lang='lat' dir='ltr'>C.</span> <span class='ocrx_word' id='word_1_305' title='bbox 1295 3532 1350 3595; x_wconf 89' lang='lat' dir='ltr'>Iu·</span> 
     </span>
     <span class='ocr_line' id='line_1_33' title="bbox 62 3630 1349 3714; baseline -0.002 -14"><span class='ocrx_word' id='word_1_306' title='bbox 62 3635 133 3700; x_wconf 90' lang='lat' dir='ltr'>lium</span> <span class='ocrx_word' id='word_1_307' title='bbox 170 3634 371 3713; x_wconf 89' lang='lat' dir='ltr'>Romanum,</span> <span class='ocrx_word' id='word_1_308' title='bbox 404 3630 649 3714; x_wconf 86' lang='lat' dir='ltr'>Oominianum,</span> <span class='ocrx_word' id='word_1_309' title='bbox 678 3632 918 3701; x_wconf 85' lang='lat' dir='ltr'>Palaemonem.</span> <span class='ocrx_word' id='word_1_310' title='bbox 965 3644 997 3698; x_wconf 92' lang='lat' dir='ltr'>et</span> <span class='ocrx_word' id='word_1_311' title='bbox 1021 3657 1041 3698; x_wconf 94' lang='lat' dir='ltr'>a</span> <span class='ocrx_word' id='word_1_312' title='bbox 1071 3633 1108 3698; x_wconf 83' lang='lat' dir='ltr'>C.</span> <span class='ocrx_word' id='word_1_313' title='bbox 1140 3633 1249 3698; x_wconf 91' lang='lat' dir='ltr'>Iulio</span> <span class='ocrx_word' id='word_1_314' title='bbox 1274 3633 1349 3698; x_wconf 90' lang='lat' dir='ltr'>Ro-</span> 
     </span>
     <span class='ocr_line' id='line_1_34' title="bbox 62 3731 1349 3822; baseline -0.002 -21"><span class='ocrx_word' id='word_1_315' title='bbox 62 3758 170 3801; x_wconf 86' lang='lat' dir='ltr'>mano</span> <span class='ocrx_word' id='word_1_316' title='bbox 190 3733 324 3822; x_wconf 91' lang='lat' dir='ltr'>quidem</span> <span class='ocrx_word' id='word_1_317' title='bbox 344 3731 425 3795; x_wconf 90' lang='lat' dir='ltr'>baec</span> <span class='ocrx_word' id='word_1_318' title='bbox 446 3740 578 3816; x_wconf 86' lang='lat' dir='ltr'>recepta</span> <span class='ocrx_word' id='word_1_319' title='bbox 601 3743 686 3815; x_wconf 86' lang='lat' dir='ltr'>sunt,</span> <span class='ocrx_word' id='word_1_320' title='bbox 709 3734 749 3797; x_wconf 91' lang='lat' dir='ltr'>de</span> <span class='ocrx_word' id='word_1_321' title='bbox 771 3734 925 3819; x_wconf 86' lang='lat' dir='ltr'>analogia</span> <span class='ocrx_word' id='word_1_322' title='bbox 950 3740 1021 3819; x_wconf 89' lang='grc'>116,</span> <span class='ocrx_word' id='word_1_323' title='bbox 1044 3739 1210 3818; x_wconf 80' lang='grc'>29-147,</span> <span class='ocrx_word' id='word_1_324' title='bbox 1237 3737 1285 3817; x_wconf 95' lang='grc'>16,</span> <span class='ocrx_word' id='word_1_325' title='bbox 1308 3734 1349 3799; x_wconf 91' lang='lat' dir='ltr'>de</span> 
     </span>
     <span class='ocr_line' id='line_1_35' title="bbox 62 3830 1348 3924; baseline -0.001 -23"><span class='ocrx_word' id='word_1_326' title='bbox 62 3835 211 3901; x_wconf 79' lang='lat' dir='ltr'>adverbio</span> <span class='ocrx_word' id='word_1_327' title='bbox 235 3837 311 3916; x_wconf 87' lang='grc'>196,</span> <span class='ocrx_word' id='word_1_328' title='bbox 334 3835 483 3914; x_wconf 82' lang='grc'>8-224,</span> <span class='ocrx_word' id='word_1_329' title='bbox 502 3833 559 3914; x_wconf 86' lang='grc'>22,</span> <span class='ocrx_word' id='word_1_330' title='bbox 579 3833 619 3896; x_wconf 91' lang='lat' dir='ltr'>de</span> <span class='ocrx_word' id='word_1_331' title='bbox 642 3835 870 3899; x_wconf 81' lang='lat' dir='ltr'>coniunctione</span> <span class='ocrx_word' id='word_1_332' title='bbox 893 3839 965 3921; x_wconf 87' lang='grc'>229,</span> <span class='ocrx_word' id='word_1_333' title='bbox 986 3830 1122 3919; x_wconf 54' lang='grc'>64236,</span> <span class='ocrx_word' id='word_1_334' title='bbox 1145 3839 1175 3919; x_wconf 89' lang='grc'>2,</span> <span class='ocrx_word' id='word_1_335' title='bbox 1196 3836 1237 3900; x_wconf 92' lang='lat' dir='ltr'>de</span> <span class='ocrx_word' id='word_1_336' title='bbox 1256 3858 1348 3924; x_wconf 88' lang='lat' dir='ltr'>prae·</span> 
     </span>
     <span class='ocr_line' id='line_1_36' title="bbox 62 3933 1347 4028; baseline -0.002 -25"><span class='ocrx_word' id='word_1_337' title='bbox 62 3940 215 4024; x_wconf 89' lang='lat' dir='ltr'>positione</span> <span class='ocrx_word' id='word_1_338' title='bbox 231 3938 304 4017; x_wconf 87' lang='grc'>236,</span> <span class='ocrx_word' id='word_1_339' title='bbox 329 3934 481 4015; x_wconf 89' lang='grc'>16-238,</span> <span class='ocrx_word' id='word_1_340' title='bbox 506 3939 552 4016; x_wconf 88' lang='grc'>16,</span> <span class='ocrx_word' id='word_1_341' title='bbox 575 3933 615 3998; x_wconf 90' lang='lat' dir='ltr'>de</span> <span class='ocrx_word' id='word_1_342' title='bbox 629 3936 855 4028; x_wconf 80' lang='lat' dir='ltr'>interiectione</span> <span class='ocrx_word' id='word_1_343' title='bbox 870 3940 942 4022; x_wconf 89' lang='grc'>239,</span> <span class='ocrx_word' id='word_1_344' title='bbox 961 3941 1094 4019; x_wconf 83' lang='grc'>1-242,</span> <span class='ocrx_word' id='word_1_345' title='bbox 1113 3941 1161 4002; x_wconf 92' lang='grc'>12.</span> <span class='ocrx_word' id='word_1_346' title='bbox 1181 3938 1245 4002; x_wconf 91' lang='lat' dir='ltr'>buc</span> <span class='ocrx_word' id='word_1_347' title='bbox 1257 3959 1347 4002; x_wconf 89' lang='lat' dir='ltr'>acce·</span> 
     </span>
     <span class='ocr_line' id='line_1_37' title="bbox 61 4034 1349 4128; baseline -0.002 -24"><span class='ocrx_word' id='word_1_348' title='bbox 61 4039 133 4104; x_wconf 89' lang='lat' dir='ltr'>dunt</span> <span class='ocrx_word' id='word_1_349' title='bbox 154 4058 262 4127; x_wconf 89' lang='lat' dir='ltr'>pauca</span> <span class='ocrx_word' id='word_1_350' title='bbox 280 4034 441 4123; x_wconf 91' lang='lat' dir='ltr'>quaedam</span> <span class='ocrx_word' id='word_1_351' title='bbox 462 4035 607 4099; x_wconf 90' lang='lat' dir='ltr'>ciusdem</span> <span class='ocrx_word' id='word_1_352' title='bbox 628 4035 766 4101; x_wconf 87' lang='lat' dir='ltr'>Romani</span> <span class='ocrx_word' id='word_1_353' title='bbox 790 4041 920 4104; x_wconf 89' lang='lat' dir='ltr'>nomine</span> <span class='ocrx_word' id='word_1_354' title='bbox 946 4042 1119 4128; x_wconf 87' lang='lat' dir='ltr'>inscripta,</span> <span class='ocrx_word' id='word_1_355' title='bbox 1149 4043 1185 4102; x_wconf 80' lang='lat' dir='ltr'>st</span> <span class='ocrx_word' id='word_1_356' title='bbox 1198 4087 1207 4120; x_wconf 91' lang='lat'><em>‚</em></span> <span class='ocrx_word' id='word_1_357' title='bbox 1236 4044 1266 4103; x_wconf 84' lang='lat'>5.</span> <span class='ocrx_word' id='word_1_358' title='bbox 1298 4041 1349 4119; x_wconf 82' lang='lat'>53,</span> 
     </span>
     <span class='ocr_line' id='line_1_38' title="bbox 64 4139 1348 4224; baseline 0 -24"><span class='ocrx_word' id='word_1_359' title='bbox 64 4143 190 4207; x_wconf 80' lang='lat' dir='ltr'>n-re.</span> <span class='ocrx_word' id='word_1_360' title='bbox 214 4141 267 4221; x_wconf 78' lang='lat' dir='ltr'>se,</span> <span class='ocrx_word' id='word_1_361' title='bbox 287 4143 383 4202; x_wconf 82' lang='lat'><strong>4-7.</strong></span> <span class='ocrx_word' id='word_1_362' title='bbox 407 4141 459 4220; x_wconf 82' lang='grc'>61,</span> <span class='ocrx_word' id='word_1_363' title='bbox 481 4143 589 4201; x_wconf 68' lang='lat'><strong>5-14.</strong></span> <span class='ocrx_word' id='word_1_364' title='bbox 616 4141 685 4220; x_wconf 88' lang='grc'>111,</span> <span class='ocrx_word' id='word_1_365' title='bbox 709 4144 807 4222; x_wconf 77' lang='grc'>1-11,</span> <span class='ocrx_word' id='word_1_366' title='bbox 830 4143 957 4207; x_wconf 78' lang='lat' dir='ltr'>as-as.</span> <span class='ocrx_word' id='word_1_367' title='bbox 985 4145 1057 4224; x_wconf 79' lang='lat' dir='ltr'>aaa,</span> <span class='ocrx_word' id='word_1_368' title='bbox 1077 4143 1192 4204; x_wconf 86' lang='lat'><strong>7-10.</strong></span> <span class='ocrx_word' id='word_1_369' title='bbox 1237 4162 1255 4204; x_wconf 73' lang='grc' dir='ltr'><strong>ο</strong></span> <span class='ocrx_word' id='word_1_370' title='bbox 1279 4139 1348 4224; x_wconf 81' lang='lat' dir='ltr'>qui-</span> 
     </span>
     <span class='ocr_line' id='line_1_39' title="bbox 61 4237 1348 4327; baseline 0 -25"><span class='ocrx_word' id='word_1_371' title='bbox 61 4237 113 4305; x_wconf 85' lang='lat' dir='ltr'>bus</span> <span class='ocrx_word' id='word_1_372' title='bbox 136 4241 220 4306; x_wconf 92' lang='lat' dir='ltr'>illud</span> <span class='ocrx_word' id='word_1_373' title='bbox 243 4240 331 4327; x_wconf 85' lang='lat' dir='ltr'>quod</span> <span class='ocrx_word' id='word_1_374' title='bbox 357 4249 523 4327; x_wconf 90' lang='lat' dir='ltr'>postremo</span> <span class='ocrx_word' id='word_1_375' title='bbox 544 4237 616 4303; x_wconf 89' lang='lat' dir='ltr'>loco</span> <span class='ocrx_word' id='word_1_376' title='bbox 641 4242 736 4326; x_wconf 90' lang='lat' dir='ltr'>posui</span> <span class='ocrx_word' id='word_1_377' title='bbox 758 4240 832 4305; x_wconf 79' lang='lat' dir='ltr'>olins</span> <span class='ocrx_word' id='word_1_378' title='bbox 855 4242 889 4305; x_wconf 93' lang='lat' dir='ltr'>in</span> <span class='ocrx_word' id='word_1_379' title='bbox 910 4244 1141 4308; x_wconf 85' lang='lat' dir='ltr'>commentario</span> <span class='ocrx_word' id='word_1_380' title='bbox 1157 4240 1198 4304; x_wconf 90' lang='lat' dir='ltr'>de</span> <span class='ocrx_word' id='word_1_381' title='bbox 1214 4260 1348 4326; x_wconf 87' lang='lat' dir='ltr'>praepo·</span> 
     </span>
     <span class='ocr_line' id='line_1_40' title="bbox 62 4339 1351 4431; baseline 0 -28"><span class='ocrx_word' id='word_1_382' title='bbox 62 4344 171 4408; x_wconf 86' lang='lat' dir='ltr'>sitione</span> <span class='ocrx_word' id='word_1_383' title='bbox 193 4343 353 4429; x_wconf 90' lang='lat' dir='ltr'>scriptum</span> <span class='ocrx_word' id='word_1_384' title='bbox 376 4341 479 4405; x_wconf 84' lang='lat' dir='ltr'>fuisse</span> <span class='ocrx_word' id='word_1_385' title='bbox 499 4339 638 4423; x_wconf 89' lang='lat' dir='ltr'>videtur,</span> <span class='ocrx_word' id='word_1_386' title='bbox 662 4340 793 4428; x_wconf 86' lang='lat' dir='ltr'>reliqua</span> <span class='ocrx_word' id='word_1_387' title='bbox 812 4365 854 4407; x_wconf 88' lang='lat' dir='ltr'>ex</span> <span class='ocrx_word' id='word_1_388' title='bbox 872 4343 923 4407; x_wconf 89' lang='lat' dir='ltr'>bis</span> <span class='ocrx_word' id='word_1_389' title='bbox 940 4345 1021 4431; x_wconf 90' lang='lat' dir='ltr'>ipsis</span> <span class='ocrx_word' id='word_1_390' title='bbox 1044 4366 1128 4431; x_wconf 87' lang='lat' dir='ltr'>quae</span> <span class='ocrx_word' id='word_1_391' title='bbox 1148 4352 1246 4407; x_wconf 87' lang='lat' dir='ltr'>antea</span> <span class='ocrx_word' id='word_1_392' title='bbox 1266 4339 1351 4404; x_wconf 93' lang='lat' dir='ltr'>indi·</span> 
     </span>
     <span class='ocr_line' id='line_1_41' title="bbox 62 4441 1348 4530; baseline -0.001 -25"><span class='ocrx_word' id='word_1_393' title='bbox 62 4446 125 4508; x_wconf 84' lang='lat' dir='ltr'>cari</span> <span class='ocrx_word' id='word_1_394' title='bbox 137 4445 280 4530; x_wconf 87' lang='lat' dir='ltr'>repetita</span> <span class='ocrx_word' id='word_1_395' title='bbox 290 4450 375 4506; x_wconf 88' lang='lat' dir='ltr'>sunt.</span> <span class='ocrx_word' id='word_1_396' title='bbox 398 4441 490 4511; x_wconf 81' lang='lat' dir='ltr'>vario</span> <span class='ocrx_word' id='word_1_397' title='bbox 499 4450 606 4505; x_wconf 88' lang='lat' dir='ltr'>autem</span> <span class='ocrx_word' id='word_1_398' title='bbox 615 4442 745 4506; x_wconf 91' lang='lat' dir='ltr'>dicendi</span> <span class='ocrx_word' id='word_1_399' title='bbox 760 4464 880 4527; x_wconf 89' lang='lat' dir='ltr'>genere</span> <span class='ocrx_word' id='word_1_400' title='bbox 889 4443 1062 4509; x_wconf 80' lang='lat' dir='ltr'>Charisius</span> <span class='ocrx_word' id='word_1_401' title='bbox 1077 4447 1111 4510; x_wconf 90' lang='lat' dir='ltr'>in</span> <span class='ocrx_word' id='word_1_402' title='bbox 1125 4445 1176 4509; x_wconf 88' lang='lat' dir='ltr'>bis</span> <span class='ocrx_word' id='word_1_403' title='bbox 1185 4442 1348 4527; x_wconf 85' lang='lat' dir='ltr'>excerptis</span> 
     </span>
     <span class='ocr_line' id='line_1_42' title="bbox 62 4534 1340 4627; baseline 0.002 -23"><span class='ocrx_word' id='word_1_404' title='bbox 62 4545 237 4611; x_wconf 83' lang='lat' dir='ltr'>indicandis</span> <span class='ocrx_word' id='word_1_405' title='bbox 252 4565 334 4608; x_wconf 89' lang='lat' dir='ltr'>usus</span> <span class='ocrx_word' id='word_1_406' title='bbox 347 4551 407 4624; x_wconf 87' lang='lat' dir='ltr'>cst,</span> <span class='ocrx_word' id='word_1_407' title='bbox 422 4545 494 4621; x_wconf 85' lang='grc'>230,</span> <span class='ocrx_word' id='word_1_408' title='bbox 513 4545 523 4601; x_wconf 90' lang='grc'>1</span> <span class='ocrx_word' id='word_1_409' title='bbox 542 4547 618 4605; x_wconf 77' lang='lat' dir='ltr'>libro</span> <span class='ocrx_word' id='word_1_410' title='bbox 631 4534 796 4627; x_wconf 76' lang='grc' dir='ltr'><em>ἀφορμῶν</em></span> <span class='ocrx_word' id='word_1_411' title='bbox 809 4550 864 4608; x_wconf 83' lang='lat' dir='ltr'>sub</span> <span class='ocrx_word' id='word_1_412' title='bbox 884 4553 966 4610; x_wconf 76' lang='lat' dir='ltr'>titulo</span> <span class='ocrx_word' id='word_1_413' title='bbox 987 4552 1025 4610; x_wconf 84' lang='lat' dir='ltr'>de</span> <span class='ocrx_word' id='word_1_414' title='bbox 1045 4537 1263 4622; x_wconf 39' lang='lat' dir='ltr'>coniunctione</span> <span class='ocrx_word' id='word_1_415' title='bbox 1277 4545 1340 4607; x_wconf 85' lang='grc'>236</span> 
     </span>
     <span class='ocr_line' id='line_1_43' title="bbox 10 4637 1351 4775; baseline 0.004 -71"><span class='ocrx_word' id='word_1_416' title='bbox 10 4651 15 4775; x_wconf 47' lang='grc' dir='ltr'><strong><em>ᾗ</em></strong></span> <span class='ocrx_word' id='word_1_417' title='bbox 65 4649 148 4712; x_wconf 82' lang='grc'>16111</span> <span class='ocrx_word' id='word_1_418' title='bbox 161 4649 439 4729; x_wconf 72' lang='lat' dir='ltr'>praepositionibus</span> <span class='ocrx_word' id='word_1_419' title='bbox 460 4647 536 4708; x_wconf 82' lang='lat' dir='ltr'>libro</span> <span class='ocrx_word' id='word_1_420' title='bbox 554 4637 730 4728; x_wconf 77' lang='grc' dir='ltr'>ἀφορμῶν,</span> <span class='ocrx_word' id='word_1_421' title='bbox 752 4646 825 4727; x_wconf 84' lang='grc'>238,</span> <span class='ocrx_word' id='word_1_422' title='bbox 850 4649 889 4709; x_wconf 93' lang='grc'>16</span> <span class='ocrx_word' id='word_1_423' title='bbox 909 4652 985 4711; x_wconf 79' lang='lat' dir='ltr'>libro</span> <span class='ocrx_word' id='word_1_424' title='bbox 1004 4638 1169 4729; x_wconf 74' lang='grc' dir='ltr'><em>ἀφορμῶν</em></span> <span class='ocrx_word' id='word_1_425' title='bbox 1190 4649 1244 4708; x_wconf 80' lang='lat' dir='ltr'>sab</span> <span class='ocrx_word' id='word_1_426' title='bbox 1268 4649 1351 4709; x_wconf 81' lang='lat' dir='ltr'>titula</span> 
     </span>
    </p>
   </div>
   <div class='ocr_carea' id='block_1_3' title="bbox 10 4739 1349 4843">
    <p class='ocr_par' dir='ltr' id='par_1_3' title="bbox 10 4739 1349 4843">
     <span class='ocr_line' id='line_1_44' title="bbox 10 4739 1349 4843; baseline 0.001 -34"><span class='ocrx_word' id='word_1_427' title='bbox 10 4806 15 4843; x_wconf 60' lang='grc' dir='ltr'>Ι</span> <span class='ocrx_word' id='word_1_428' title='bbox 63 4750 92 4809; x_wconf 81' lang='lat' dir='ltr'>de</span> <span class='ocrx_word' id='word_1_429' title='bbox 107 4756 343 4831; x_wconf 82' lang='lat' dir='ltr'>praepositione,</span> <span class='ocrx_word' id='word_1_430' title='bbox 371 4748 440 4828; x_wconf 86' lang='grc'>196,</span> <span class='ocrx_word' id='word_1_431' title='bbox 461 4747 534 4809; x_wconf 74' lang='grc'>8111</span> <span class='ocrx_word' id='word_1_432' title='bbox 555 4750 695 4811; x_wconf 71' lang='lat' dir='ltr'>adverbio</span> <span class='ocrx_word' id='word_1_433' title='bbox 713 4752 863 4812; x_wconf 78' lang='lat' dir='ltr'>subtituto</span> <span class='ocrx_word' id='word_1_434' title='bbox 880 4739 1055 4829; x_wconf 69' lang='grc' dir='ltr'>ἀφορμῶν,</span> <span class='ocrx_word' id='word_1_435' title='bbox 1079 4749 1148 4828; x_wconf 82' lang='grc'>114,</span> <span class='ocrx_word' id='word_1_436' title='bbox 1164 4747 1205 4809; x_wconf 89' lang='grc'>28</span> <span class='ocrx_word' id='word_1_437' title='bbox 1227 4752 1258 4809; x_wconf 79' lang='lat' dir='ltr'>ia</span> <span class='ocrx_word' id='word_1_438' title='bbox 1271 4750 1349 4810; x_wconf 81' lang='lat' dir='ltr'>libre</span> 
     </span>
    </p>
   </div>
   <div class='ocr_carea' id='block_1_4' title="bbox 64 4838 1349 4929">
    <p class='ocr_par' dir='ltr' id='par_1_4' title="bbox 64 4838 1349 4929">
     <span class='ocr_line' id='line_1_45' title="bbox 64 4838 1349 4929; baseline 0.001 -18"><span class='ocrx_word' id='word_1_439' title='bbox 64 4852 92 4911; x_wconf 80' lang='lat' dir='ltr'>de</span> <span class='ocrx_word' id='word_1_440' title='bbox 108 4857 265 4929; x_wconf 71' lang='lat' dir='ltr'>adverbiis,</span> <span class='ocrx_word' id='word_1_441' title='bbox 289 4838 348 4928; x_wconf 78' lang='lat'>56,</span> <span class='ocrx_word' id='word_1_442' title='bbox 368 4850 388 4908; x_wconf 83' lang='lat'>4</span> <span class='ocrx_word' id='word_1_443' title='bbox 407 4855 440 4909; x_wconf 91' lang='lat' dir='ltr'>et</span> <span class='ocrx_word' id='word_1_444' title='bbox 459 4849 530 4925; x_wconf 86' lang='grc'>114,</span> <span class='ocrx_word' id='word_1_445' title='bbox 552 4851 563 4909; x_wconf 89' lang='grc'>1</span> <span class='ocrx_word' id='word_1_446' title='bbox 588 4854 620 4911; x_wconf 80' lang='lat' dir='ltr'>ia</span> <span class='ocrx_word' id='word_1_447' title='bbox 639 4853 716 4912; x_wconf 79' lang='lat' dir='ltr'>libro</span> <span class='ocrx_word' id='word_1_448' title='bbox 731 4854 769 4912; x_wconf 84' lang='lat' dir='ltr'>de</span> <span class='ocrx_word' id='word_1_449' title='bbox 785 4855 935 4926; x_wconf 71' lang='grc' dir='ltr'>11111111ῃὶ11,</span> <span class='ocrx_word' id='word_1_450' title='bbox 955 4849 1024 4928; x_wconf 89' lang='grc'>116,</span> <span class='ocrx_word' id='word_1_451' title='bbox 1046 4846 1185 4913; x_wconf 80' lang='grc'>2910111.</span> <span class='ocrx_word' id='word_1_452' title='bbox 1208 4852 1258 4925; x_wconf 77' lang='lat'>51,</span> <span class='ocrx_word' id='word_1_453' title='bbox 1277 4851 1296 4909; x_wconf 83' lang='lat'>5</span> <span class='ocrx_word' id='word_1_454' title='bbox 1314 4856 1349 4912; x_wconf 88' lang='lat' dir='ltr'>et</span> 
     </span>
    </p>
   </div>
   <div class='ocr_carea' id='block_1_5' title="bbox 0 0 1570 5356">
    <p class='ocr_par' dir='ltr' id='par_1_5' title="bbox 0 0 1570 5356">
     <span class='ocr_line' id='line_1_46' title="bbox 0 0 1570 5356; baseline 0 0"><span class='ocrx_word' id='word_1_455' title='bbox 0 0 1570 5356; x_wconf 95' lang='lat' dir='ltr'> </span> 
     </span>
    </p>
   </div>
  </div>
 </body>
</html>
