3114 5356
614 269 813 333 sxcunrra
1256 226 1260 231 ¹
1298 271 1361 333 sss

1145 399 1167 441 p.
1181 387 1267 429 ra-sr
1280 388 1309 429 v.

59 455 177 531 retulit,
198 455 335 517 Latinum
357 456 505 535 eloquium
527 457 557 519 in
580 457 709 535 quodam
728 455 817 518 rerbo
836 456 944 529 delicit,
967 457 1096 519 velutin
1118 456 1179 533 illo,
1200 449 1288 532 ὄντος
1309 451 1361 521 oi-

59 578 116 637 σης
134 546 231 617 ὄντων
253 547 359 616 οὐσῶν.
395 558 520 619 dicimus
538 558 617 619 enim
638 555 721 618 nullo
741 557 847 618 timore
867 557 995 619 hostium
1015 568 1111 621 castra
1134 558 1260 640 inrupit,
1281 560 1361 622 nulla

61 677 119 740 spe
145 677 200 739 per
226 658 283 718 rim
310 658 443 738 potiundi
469 658 544 719 vallo
572 659 711 736 fossaque
735 660 852 721 moenia
879 659 1045 733 circundat,
1078 659 1166 722 nullis
1190 640 1362 723 custodibus

61 759 224 843 palladium
260 769 393 840 ereptum
429 770 490 834 est,
525 759 614 822 nullis
641 758 754 821 insidiis
784 760 880 840 palam
908 759 1000 821 rictus
1031 771 1075 823 cst
1106 761 1208 823 bostis
1253 762 1362 842 ubique

29 863 144 930 aenim
163 861 263 923 deficit
283 861 405 924 Laduus
428 881 541 939 sermm
576 860 688 924 scilicet
715 860 781 922 ideo
807 862 944 941 quoniam
973 863 1032 925 duo
1058 863 1175 925 ablativi
1197 863 1362 927 nominales

60 972 134 1027 sunt
161 962 300 1043 copulati.
345 963 449 1041 quodsi
485 983 561 1026 nnus
590 981 692 1024 eorum
720 962 910 1044 participialia
937 963 990 1036 sit,
1023 984 1082 1025 non
1116 965 1216 1027 delicit
1240 966 1362 1028 Latinus

61 1083 162 1127 sermo
184 1064 237 1125 sed
258 1063 364 1145 plenus
383 1073 444 1138 est,
470 1074 614 1146 utsupra
639 1063 762 1126 relatum
785 1073 846 1137 est,
874 1064 1000 1126 ducente
1023 1066 1076 1126 dea
1098 1065 1217 1145 elapsus
1240 1075 1287 1128 est
1307 1071 1362 1128 he·

61 1184 152 1240 neas,
174 1173 202 1226 et
222 1173 319 1226 cetera
338 1182 414 1243 quae
436 1167 567 1230 seeundo
587 1167 675 1229 modo
698 1167 897 1247 exposuimus
923 1151 931 1167 ’

151 1266 301 1339 Quaedam
323 1266 410 1328 etiarn
430 1267 618 1330 inveniuntur
638 1286 713 1347 quae
739 1267 815 1329 lleeti
843 1286 903 1328 non
931 1274 1072 1346 possunt,
1104 1277 1136 1329 ut
1163 1269 1238 1348 lrugi
1263 1270 1361 1333 nihili:

19 1391 47 1433 re
62 1369 208 1449 quaedam
229 1368 344 1430 duobus
366 1367 411 1428 vel
431 1369 524 1431 tribus
545 1370 663 1433 casibus
682 1377 812 1441 tantum,
835 1376 866 1428 ut
889 1365 1021 1448 luppiter
1040 1369 1219 1431 nominativo
1239 1390 1310 1433 casu
1333 1381 1363 1434 et

62 1489 157 1552 opes3
195 1470 261 1549 opis
282 1470 360 1531 enim
384 1479 413 1532 et
435 1489 522 1551 opem
545 1479 575 1532 et
596 1489 653 1551 ope
676 1469 849 1531 invenimus.
870 1464 885 1552 ΙΙ
906 1475 976 1530 sunt
1001 1468 1118 1530 nomina
1146 1486 1221 1547 quae
1243 1481 1361 1551 gentem

63 1572 249 1651 significant,
272 1580 304 1633 ut
322 1572 391 1633 hier
408 1572 575 1653 Hispanum
609 1573 665 1635 alia
687 1588 858 1643 numerum,
886 1577 920 1631 ut
940 1588 1017 1631 unus
1037 1569 1111 1646 duo;
1142 1569 1198 1635 alia
1219 1573 1362 1650 ordinem,

63 1682 100 1735 ut
122 1673 236 1755 primus
256 1673 422 1748 seeundus;
454 1673 510 1739 alia
535 1674 724 1753 qualitatem,
754 1680 786 1733 ut
813 1669 910 1732 honus
938 1669 1035 1732 malus
1063 1669 1146 1733 albus
1174 1671 1275 1750 niger;
1307 1676 1362 1738 alia

64 1773 274 1854 quantitatem,
306 1781 338 1835 ut
358 1772 435 1835 altus
456 1794 580 1854 magnus
602 1774 737 1849 bumilis;
767 1771 909 1851 quaedam
931 1771 1115 1843 amoribus,
1149 1782 1182 1833 ut
1202 1774 1363 1851 remissus3

20 1894 49 1937 ιι
63 1875 124 1937 alia
152 1873 188 1937 ab
216 1874 417 1937 accidentibus
444 1876 489 1937 rel
516 1875 767 1956 consequentibus
794 1881 902 1947 macta,
932 1879 965 1934 ut
996 1871 1100 1935 beatus
1129 1872 1210 1935 diues
1241 1895 1361 1956 pauper.

63 1986 137 2040 sunt
155 1976 298 2057 quaedam
319 1976 432 2058 primae
452 1979 622 2058 positionis,
645 1986 678 2041 ut
693 1977 799 2059 Peleus
819 1992 906 2037 mons
927 1975 1010 2049 ions3
1033 1974 1175 2051 quaedam
1197 1974 1362 2053 derivativa,

62 2087 97 2140 ut
124 2077 239 2138 Pelides
266 2087 424 2141 montanus
451 2081 591 2143 lonmnus
620 2107 640 2143 a
670 2100 707 2142 ea
739 2080 796 2141 hac
829 2075 928 2156 speeie
961 2076 1112 2137 ‘Aeneia
1146 2078 1301 2157 puppis'
1333 2090 1362 2141 et

63 2177 340 2258 ‘Romuleoque
361 2199 496 2243 recens
517 2183 701 2245 horrebat
724 2179 829 2259 regia
851 2176 990 2240 culmo’
1013 2185 1043 2237 et
1061 2176 1234 2239 ‘Phineia
1257 2189 1362 2260 post·

63 2298 173 2361 quam
201 2280 338 2342 Clausa
365 2281 523 2345 domus’.
568 2285 642 2347 haee
663 2283 766 2346 Graeci
786 2271 911 2358 armasti
932 2277 1089 2358 appellant
1133 2287 1203 2339 sunt
1228 2279 1362 2345 deminu-

16 2400 50 2441 ιι
65 2383 124 2444 tiva
150 2399 225 2460 quae
251 2381 283 2445 in
310 2383 510 2446 deminutione
536 2383 737 2447 absolutorum
764 2382 916 2444 nominum
944 2381 1018 2441 dunt
1044 2379 1108 2441 sine
1132 2378 1191 2441 ulla
1219 2401 1362 2463 conpara-

63 2468 218 2559 tionesut
242 2502 350 2563 parvus
372 2486 526 2564 parrulos,
555 2486 729 2548 adulescens
753 2480 1000 2547 adulescentulus.
1044 2478 1114 2543 illud
1132 2499 1201 2543 reru
1220 2485 1361 2547 memine-

62 2587 106 2649 ris
135 2585 213 2666 quod
241 2603 360 2665 semper
387 2586 603 2651 deminutiones
631 2587 789 2666 generibus
823 2585 884 2647 suis
918 2582 997 2643 tmde
1025 2582 1160 2645 oriuntur
1188 2597 1361 2662 consonant,

63 2706 159 2771 panca
181 2687 351 2761 dissonant,
377 2696 409 2749 ut
426 2704 499 2751 rana
519 2688 717 2771 muuucrdus,
744 2687 894 2768 glandium
914 2682 1096 2762 glandicula,
1122 2682 1191 2746 beta
1211 2685 1361 2764 betaceus,

62 2789 158 2855 malm
179 2787 362 2865 maltacena,
384 2790 540 2871 pistrinum
560 2789 699 2870 pistrilla,
726 2797 761 2852 ut
778 2786 937 2875 Terentius
953 2785 983 2847 in
1006 2783 1160 2864 Adelphis,
1182 2788 1263 2850 ensis
1284 2790 1363 2851 ensi

15 2903 49 2948 aa
63 2890 131 2953 cula
154 2897 182 2951 et
204 2886 371 2951 ensiculus:
398 2888 520 2952 Plautus
544 2886 698 2975 [enrricula]
721 2891 751 2953 in
774 2890 917 2958 Rudente.
960 2893 1132 2966 monoptota
1155 2907 1224 2950 vero
1244 2892 1363 2955 nomina

63 3003 95 3053 et
122 2992 195 3052 baec
221 3007 297 3069 quae
323 3000 426 3052 natura
453 2990 611 3069 singularia
639 3001 724 3069 sunt,
752 2994 822 3055 item
853 2990 1012 3062 elementa,
1045 2986 1116 3049 item
1144 2990 1297 3055 huminum
1333 3003 1364 3056 et

62 3093 207 3156 montium
230 3091 362 3167 nomina,
385 3092 519 3167 urbium,
541 3093 611 3155 item
628 3094 750 3157 deorum
773 3093 891 3156 nomina
910 3090 1026 3172 propria
1047 3097 1077 3148 et
1098 3089 1162 3151 dies
1182 3091 1265 3167 festi,
1287 3093 1364 3156 litte·

62 3213 165 3271 rarum
182 3193 345 3270 meato,
366 3194 436 3255 item
458 3193 571 3256 numeri
590 3193 846 3269 deminutionem,
859 3211 946 3273 quam
969 3191 1071 3261 Graeci
1088 3180 1293 3270 duoeoprupo'v
1315 3214 1363 3255 ro-

64 3303 153 3371 cant,
184 3314 244 3357 oon
265 3295 420 3376 recipiunt
465 3305 535 3359 sunt
555 3297 643 3378 etiam
664 3314 739 3376 quae
758 3296 795 3359 ab
816 3296 863 3358 his
884 3281 1034 3371 ὁηματικᾶ
1052 3290 1204 3366 dicuntur,
1237 3294 1363 3359 anobis

18 3418 50 3460 aa
64 3396 209 3472 verbalia,
241 3407 275 3459 ut
297 3417 313 3458 a
334 3396 422 3458 verbo
443 3397 522 3477 quod
544 3406 589 3460 est
611 3398 677 3477 lego
697 3400 730 3461 dt
749 3398 851 3471 lectio,
891 3397 957 3458 dieo
985 3392 1091 3467 dictio,
1120 3411 1172 3453 oro
1194 3393 1303 3469 oratio,
1334 3405 1363 3456 et

62 3508 166 3581 raptor
183 3507 213 3560 et
233 3516 392 3578 percussor
412 3496 450 3558 ab
470 3516 505 3558 co
528 3499 606 3577 quod
628 3507 674 3560 est
694 3500 777 3579 rapio
804 3507 835 3560 et
860 3495 1002 3578 percutio.
1047 3494 1189 3573 quaedam
1216 3495 1362 3573 generalia

62 3607 150 3674 sunt,
172 3598 279 3678 quihus
298 3592 390 3661 multa
408 3600 595 3661 continentur
617 3599 784 3677 disshnilia,
805 3608 838 3662 ut
859 3597 966 3661 animal
983 3596 1079 3659 arbor.
1114 3615 1149 3657 ex
1170 3594 1216 3656 his
1235 3614 1362 3657 nascun-

62 3712 112 3764 tur
133 3699 289 3781 specialia,
309 3718 383 3779 qnae
400 3708 496 3761 tarum
513 3701 614 3763 insunt
631 3700 792 3780 originibus
814 3701 877 3763 suis
895 3698 1096 3779 generalibus,
1118 3707 1150 3760 ut
1163 3697 1251 3758 homo
1268 3715 1362 3776 equus

61 3811 166 3864 taums
187 3799 288 3865 larmrs
309 3801 405 3881 pinus
422 3797 436 3886 ΙΙ
450 3800 592 3880 quaedam
615 3801 682 3862 dcta
704 3811 811 3891 sunta
833 3801 915 3864 sonis
936 3798 982 3861 rel
1002 3820 1019 3861 a
1039 3798 1175 3873 uocibus,
1198 3806 1231 3860 nt
1254 3799 1363 3863 strider

18 3922 50 3962 aa
63 3902 188 3982 clangor
212 3901 336 3965 tinnitus
359 3903 489 3981 mugitus
509 3901 637 3963 ululatus
660 3902 793 3966 hinnitus
814 3902 968 3965 mussitas.
1015 3900 1158 3983 quaedam
1180 3900 1363 3963 descendunt

62 4002 102 4065 ab
122 4002 286 4080 adverbiis,
316 4012 349 4066 ut
368 4005 528 4065 hesternus
547 4003 708 4066 hodiernus
730 4003 878 4066 crastinus
905 4022 990 4065 senis
1011 4002 1118 4065 nimius
1139 4002 1223 4065 citus
1268 4004 1324 4067 alia
1345 4022 1363 4065 a

62 4103 228 4185 participiis
243 4105 383 4184 ligurata,
403 4113 435 4167 ut
456 4104 636 4168 ludibundus
659 4105 862 4168 laudabundus
882 4105 1121 4168 lacrimabundus
1143 4104 1364 4167 anhelabundus

132 4290 213 4356 3per
231 4286 292 4355 rim]
311 4306 394 4341 rerum
411 4294 546 4344 Diornedes
624 4290 731 4357 dquam
750 4292 773 4342 sl
790 4292 817 4342 B
895 4288 1094 4359 participalisB
1177 4288 1207 4341 tt
1225 4299 1361 4345 montanus

60 4358 186 4409 fontanus
203 4359 251 4412 lue
267 4363 323 4413 loeo
341 4364 433 4412 onmes
448 4369 508 4427 port
527 4361 560 4413 to
576 4362 706 4428 appellant
721 4360 796 4413 hahet
814 4360 847 4412 B.
876 4369 1015 4426 praeterea
1032 4364 1144 4413 laeam
1167 4377 1218 4426 qus
1232 4364 1361 4427 poneret·

59 4444 149 4481 norrun
166 4429 279 4492 metm
296 4432 392 4483 werde
407 4432 518 4483 ederat
603 4429 717 4496 Aeneia]
755 4433 833 4496 Ver-g.
851 4431 918 4482 Aera.
936 4430 962 4481 Χ
983 4431 1031 4483 ted
1124 4430 1155 4481 18
1176 4426 1362 4548 ΕοιιιιιΙιοφιῖ

63 4499 145 4564 Verp.
164 4497 229 4548 Aen.
247 4498 306 4549 Vlll
324 4499 389 4551 654·
462 4499 539 4549 tineis
563 4500 596 4553 B.
636 4502 715 4565 Verg.
736 4501 790 4550 Aera
824 4501 858 4550 lll
877 4500 928 4550 212
1016 4498 1050 4550 ²0
1075 4500 1100 4548 in
1119 4499 1316 4549 deminutionem

131 4564 165 4619 23
182 4567 311 4619 ranicnlm
330 4569 355 4618 B
431 4569 553 4635 glandula
571 4570 702 4621 Charisius
779 4570 813 4620 24
831 4570 857 4617 in
875 4567 1011 4635 Adelphis}
1029 4569 1075 4619 llll
1092 4571 1118 4629 ’2,
1135 4568 1170 4619 45
1248 4567 1283 4619 25
1299 4583 1359 4633 pru—

56 4638 138 4687 dente
156 4652 228 4688 corr.
246 4636 355 4688 rudente
372 4638 406 4691 B.
434 4640 518 4690 Pleuit.
539 4639 606 4690 llud.
620 4639 672 4689 llll
689 4640 715 4699 d,
732 4638 780 4689 112
865 4639 900 4689 211
918 4638 984 4688 idern
1008 4639 1132 4689 elementa
1149 4634 1175 4687 B
1257 4636 1292 4688 28
1310 4637 1361 4687 ele-

56 4715 148 4756 menta
165 4721 212 4758 our.
228 4704 265 4769 B,
282 4722 319 4759 ea:
336 4707 563 4761 decretorem
638 4708 673 4758 211
691 4723 708 4759 ιι
726 4708 800 4758 nobis
819 4707 975 4757 oduerbialia
992 4708 1019 4758 B
1101 4707 1132 4759 111
1154 4703 1280 4774 percutio]
1302 4722 1361 4773 per-

52 4774 185 4827 muare
254 4772 452 4829 sammon
520 4774 1081 4843 aeon-otd‚tpeructars.p.tta
