3114 5356
196 299 252 361 140
742 293 904 357 eutulsu

257 413 347 456 .mn
1265 407 1417 462 smum

197 428 344 549 ‘omneis
360 483 527 546 homiues
548 482 609 561 qui
631 499 717 542 sese
736 482 891 577 student
911 489 1107 561 proestare
1134 480 1275 542 ceteris
1296 481 1472 543 animati-

196 588 292 664 bus';
316 587 387 666 (pud
408 584 519 648 ratione
546 584 643 665 potius
671 602 737 645 esse
761 583 916 645 subnixum
944 582 998 643 sub
1024 582 1038 642 1
1064 589 1093 643 et
1114 581 1168 644 sub
1192 601 1220 643 m
1233 570 1339 643 'littera
1361 582 1472 663 poterit

196 688 310 753 ostendi.
351 687 400 751 sed
413 689 521 768 Aspen,
543 686 568 749 si
586 684 755 767 penatium,
776 685 885 765 iuquit,
907 684 1036 747 omniurn
1055 684 1066 745 i
1085 683 1212 746 litteram
1231 691 1335 746 notura
1350 684 1470 759 retinet,

197 800 225 854 et
244 791 271 853 in
292 789 445 853 aecmntiro
467 807 533 850 esse
553 789 733 851 seruandum.

277 892 424 966 Poenutis,
452 890 581 971 quamuis
608 890 681 952 ratio
709 889 893 971 poematibus
921 887 1015 949 saciat.
1065 905 1133 948 num
1156 885 1200 947 sic
1222 886 1356 948 inscribit
1377 887 1499 948 Varros

196 995 267 1057 libro
292 1014 341 1059 suo
364 994 403 1057 de
430 992 631 1076 poematis3
658 998 689 1053 ct
707 991 818 1054 Annius
839 990 943 1053 Florus
968 989 1006 1050 ad
1033 988 1130 1049 divum
1151 987 1332 1050 Hadrianum
1362 992 1473 1070 ‘poe-

197 1095 303 1159 matis
321 1096 512 1159 deiector'.

276 1199 363 1260 Pecus
379 1198 403 1260 si
425 1198 519 1259 neutri
541 1197 580 1260 sit
601 1196 733 1277 generis,
752 1196 867 1275 pecoris
886 1194 1005 1271 dieitur;
1026 1193 1163 1275 pecudis,
1185 1193 1211 1254 si
1233 1191 1373 1255 feminini.
1419 1213 1473 1275 pe·

197 1298 296 1363 eudem
316 1298 426 1363 Plautus
447 1299 479 1360 iu
505 1296 704 1371 Truculento,

509 1400 551 1461 ob
572 1416 686 1461 meum
705 1397 931 1479 scripturam
950 1398 1129 1480 pecudem
1150 1397 1262 1478 cepit
1491 1419 1516 1458 ro

274 1500 351 1562 Peau
376 1500 575 1580 Pomponius,
604 1501 615 1531 ‘
623 1545 756 1561 .....
786 1519 803 1561 e
830 1518 937 1563 careo
965 1508 1035 1562 tum
1062 1500 1221 1580 pulchre
1247 1503 1373 1579 penu'.
1418 1520 1473 1580 pe-

198 1624 249 1665 nus
270 1603 347 1684 peni,
370 1603 393 1664 si
414 1602 600 1679 semininum3
622 1603 740 1682 penoris
759 1611 791 1665 ut
812 1603 941 1684 pecoris,
971 1603 996 1665 si
1015 1602 1139 1683 pencris
1160 1600 1256 1665 neutri
1278 1601 1333 1676 sit,
1355 1610 1389 1663 ut
1404 1603 1473 1681 qui·

198 1705 260 1767 dun
280 1712 384 1785 putent

272 1805 457 1867 Pniumbes
477 1804 556 1867 biaro
578 1805 625 1868 ait.
655 1806 805 1888 palumbes
825 1827 842 1870 a
861 1827 918 1888 quo
940 1807 1115 1871 nominativo
1136 1807 1233 1868 ueniat
1252 1805 1352 1885 quaeri
1374 1806 1472 1891 soleti

273 1908 383 1971 Pometu
403 1908 450 1970 ubi
472 1926 559 1989 poma
579 1907 735 1987 gignuntur
756 1917 790 1971 ut
811 1910 929 1988 oliveto3
950 1910 1079 1992 pomaria
1101 1917 1198 1971 autem
1218 1927 1275 1988 quo
1298 1918 1469 1990 ponuntur;
1488 1931 1514 1972 rs

195 2011 315 2093 pomuu'u
337 2009 489 2090 inquibus
513 2010 706 2072 continentur.

270 2113 359 2174 Patris
383 2112 498 2187 matris,
522 2132 581 2174 nou
610 2119 645 2174 ut
666 2112 741 2193 apri
759 2115 854 2195 cupri,
883 2113 949 2192 quia
970 2120 1053 2194 puter
1076 2120 1106 2174 et
1126 2120 1219 2173 mater
1238 2113 1359 2174 Graeca
1380 2114 1473 2177 deeli-

194 2213 306 2278 notione
325 2214 497 2277 adtinentur.

273 2316 373 2379 Pubes.
416 2315 442 2378 si
462 2316 654 2405 verendorum
674 2336 743 2397 pars
763 2316 807 2378 vei
828 2317 973 2397 lanuginis
994 2318 1219 2397 significabitur,
1243 2318 1394 2397 genetivus
1417 2339 1473 2403 pu,-

192 2418 236 2481 bis
255 2419 334 2496 iacit3
360 2418 383 2480 si
410 2416 540 2481 iuventus
569 2426 619 2479 aut
647 2426 741 2492 aetus,
768 2419 896 2500 puberis.
950 2419 1033 2481 cuius
1058 2420 1211 2499 utriusque
1237 2421 1364 2484 nominis
1386 2421 1469 2484 Maro
1485 2440 1513 2481 uo

192 2521 329 2596 meminit,

346 2621 440 2682 baud
461 2620 575 2682 aliter
597 2639 818 2701 puppesque
839 2630 925 2683 tuoe
943 2623 1138 2703 pubesque
1159 2633 1319 2699 tuorum;

192 2731 218 2784 et
240 2740 302 2783 cum
322 2721 351 2781 iu
372 2724 454 2784 tertio

194 2941 205 2991 1
220 2968 250 2978 -
261 2941 292 2991 li]
310 2942 336 2990 N

189 3028 247 3079 stib:
261 3029 327 3092 quod
339 3029 434 3078 ratione
451 3030 537 3094 potius
556 3031 585 3081 ἴε
601 3030 712 3080 subnixu
729 3031 775 3081 sub
792 3031 803 3080 1
817 3039 842 3082 ct
860 3032 907 3090 sub
924 3049 948 3081 m
964 3032 1046 3081 tittern
1063 3033 1156 3099 poterit
1170 3035 1267 3084 ostendi
1282 3051 1305 3087 s.
1322 3039 1435 3102 aspersi

222 3117 266 3167 tiu:
284 3117 364 3178 iuquit
381 3116 491 3165 omniurn
509 3117 517 3164 i
532 3114 641 3167 litterum
660 3124 748 3167 unturn
766 3120 856 3183 retinet
873 3127 898 3168 et
915 3119 939 3168 in
958 3119 1102 3170 uocusutiuo
1120 3117 1150 3172 «Te
1167 3122 1318 3173 seruandum
1340 3139 1357 3172 :·
1375 3121 1401 3189 ll
1420 3127 1451 3177 tis

223 3204 294 3254 mutis
318 3202 407 3266 quiuis
431 3203 494 3252 rutio
516 3204 653 3270 poematib:
675 3203 752 3255 faciut
770 3222 828 3256 uum
852 3209 890 3258 sie
913 3207 1028 3256 inscribit
1053 3222 1127 3257 uarro
1152 3206 1216 3256 libro
1235 3223 1281 3258 suo
1304 3209 1335 3261 de
1359 3227 1452 3278 poemn
1504 3218 1520 3266 5

221 3344 308 3393 annuo
328 3341 404 3391 dorus
427 3341 460 3391 nd
482 3287 673 3394 diudhadrinniu
697 3344 821 3410 poematis
844 3342 955 3394 detector
979 3358 995 3392 :·
1017 3340 1043 3410 ll
1060 3345 1211 3410 scripturum
1239 3345 1363 3409 pecudem
1392 3311 1451 3416 cepit

220 3430 251 3480 P.
261 3465 268 3478 .
278 3464 285 3478 .
295 3429 328 3480 .si
338 3429 418 3479 uentri
427 3429 460 3478 sit
471 3429 572 3496 generis
586 3429 686 3495 peeoris
698 3430 791 3480 dicitur
800 3430 906 3495 pecudis
919 3431 940 3480 si
952 3429 1065 3481 feminini
1076 3432 1177 3497 pecudd
1188 3431 1288 3497 plautus
1299 3431 1323 3480 iu
1332 3432 1373 3482 ob.
1385 3447 1469 3483 meum
1489 3438 1521 3490 lo

221 3513 240 3563 Ρ
245 3550 473 3566 ..............
487 3532 502 3566 e
529 3530 602 3566 careo
631 3522 682 3566 tem
718 3516 824 3582 pulchro
847 3532 913 3583 penu
934 3532 1015 3583 penus
1046 3518 1105 3582 peni
1136 3520 1158 3568 si
1188 3518 1334 3568 femininum
1363 3522 1468 3584 penoris

205 3608 233 3650 ut
248 3602 345 3666 pecoris
363 3603 385 3652 si
402 3638 512 3652 .......
526 3605 608 3653 nentri
626 3604 659 3653 sit
676 3611 704 3652 ut
720 3604 798 3667 quidsi
814 3609 902 3670 putnut
919 3618 936 3652 :-
954 3600 979 3673 ll
990 3618 1066 3670 poma
1080 3606 1218 3671 gignuntur
1236 3613 1262 3654 ut
1281 3605 1376 3656 otiuetn
1390 3623 1469 3674 pomo

203 3686 334 3737 Pulnmbes
352 3703 421 3739 ruere
439 3693 477 3741 ait
495 3688 625 3755 palumbes
643 3705 658 3739 n
675 3706 724 3754 quo
741 3691 895 3742 nominatiuo
914 3691 1000 3740 ueniet
1018 3691 1089 3753 queri
1105 3691 1168 3742 soiet
1186 3707 1203 3740 ε·
1223 3688 1247 3757 ‘i
1263 3690 1287 3755 f
1303 3693 1407 3745 Pometn
1424 3696 1468 3747 ubi
1488 3699 1520 3749 15

203 3774 241 3825 rin
265 3776 294 3824 W
317 3790 365 3839 quo
390 3784 517 3843 ponuntur
537 3777 652 3840 pomario
673 3777 699 3825 tu
723 3778 816 3841 quibus
837 3778 996 3828 eontinentur

203 3877 283 3928 Patris
306 3879 392 3928 metris
418 3878 435 3928 ri
459 3915 666 3931 .......
694 3881 750 3946 apri
773 3898 790 3945 q
812 3864 861 3947 put
879 3889 903 3931 et
927 3863 983 3931 mut
999 3898 1038 3949 gr.
1124 3882 1304 3934 declinationes
1326 3884 1472 3936 adtinentur

189 3981 214 4031 N
229 3988 248 4031 u
264 3986 322 4037 Μ
337 3981 419 4031 Pubes

256 4121 472 4204 {animalibusto
551 4120 707 4172 5Poemntis
725 4137 746 4172 to
823 4121 889 4173 ode
902 4080 1035 4189 poematis,
1057 4125 1160 4173 Annuus
1178 4124 1266 4175 Florus
1283 4144 1304 4178 ω
1392 4127 1472 4179 8Pe-

188 4206 232 4242 ous
249 4206 273 4245 st
291 4207 313 4243 ω

254 4398 332 4449 Psub
351 4397 402 4448 Pet
416 4392 467 4448 'sub
486 4412 510 4447 m
529 4393 622 4462 littero]
641 4413 669 4461 p.
690 4395 739 4449 lus
755 4414 778 4451 a.
795 4398 888 4462 fonteio
907 4409 933 4451 et
950 4415 978 4464 p.
1000 4399 1047 4450 111
1066 4415 1089 4452 u.
1109 4401 1209 4449 ceuceu
1296 4401 1312 4453 3
1335 4402 1357 4451 si
1380 4404 1474 4470 geniti·

186 4482 234 4519 uus
250 4468 382 4519 Fabricius
449 4466 622 4533 5Poeruntis]
641 4466 738 4521 Goaris.
754 4482 781 4530 p.
802 4467 835 4520 38
903 4469 1062 4534 8peeudem
1076 4467 1180 4520 Plautus
1197 4485 1217 4518 ω
1286 4470 1472 4523 PTruculento

186 4538 247 4593 add.
265 4538 406 4601 fabricius,
423 4536 571 4587 Trinummo
589 4552 619 4587 ω.
641 4536 727 4592 Plaut.
749 4537 823 4587 Truc.
844 4540 949 4602 1242
1037 4538 1067 4589 11
1086 4539 1178 4590 Penus.
1197 4538 1225 4588 Si
1244 4540 1413 4591 masculinnm
1430 4545 1474 4601 sit,

187 4607 279 4659 dicitur
297 4622 386 4673 penus.
405 4614 442 4669 ut,
463 4606 542 4658 Curso
559 4614 611 4657 tum
629 4607 733 4673 puicbro
751 4623 818 4674 peuu
836 4608 977 4660 Fabricius.
995 4610 1052 4661 mibi
1067 4610 1257 4672 supptementum
1275 4613 1382 4662 lacunae
1395 4627 1474 4676 prae-

187 4676 239 4728 buit
254 4678 388 4729 Giedooius
401 4693 429 4742 p.
450 4675 525 4742 1896,
544 4676 608 4728 bueo
622 4692 717 4743 penus3
736 4678 891 4744 Pomponius
909 4685 970 4744 ‘quo
989 4688 1063 4746 poeto
1081 4693 1181 4728 caream
1200 4689 1252 4729 tarn
1270 4682 1375 4746 pulchra
1393 4688 1473 4748 peuu’

257 4748 290 4798 14
307 4744 452 4812 Palumbes]
469 4748 567 4801 auaro
585 4763 611 4811 p.
633 4748 667 4799 82
749 4749 781 4799 lo
798 4748 911 4815 Pometa]
930 4748 1030 4800 Charis.
1045 4763 1074 4812 p.
1093 4748 1127 4799 85
1211 4749 1242 4800 17
1260 4750 1353 4818 Putris]
1372 4752 1473 4803 conse.

183 4829 212 4878 ρ.
228 4815 262 4869 63
332 4817 367 4868 20
385 4816 464 4883 dioro]
485 4817 547 4868 Aea.
566 4816 644 4872 1399
713 4817 747 4870 23
765 4817 892 4886 intortio]
911 4819 975 4870 Aea.
994 4817 1097 4870 111426
