3114 5356
511 279 646 341 vvsuv.
669 279 782 341 cnm.
806 280 913 345 ema
1026 258 1032 270 '
1317 286 1359 347 cs

102 392 264 450 aaa&
1179 400 1308 444 ‚amn

53 465 198 541 lnrrnici3
227 473 354 546 excepto
382 465 440 526 boc
468 486 526 527 uno
552 467 670 529 nomine
695 466 795 547 quies,
824 468 904 546 quod
927 470 994 531 lacit
1018 470 1133 549 quietis.
1161 415 1360 554 pquamquam

53 569 173 649 requies
199 567 238 628 ab
259 586 297 628 cc
319 567 504 646 conpositum
533 569 644 647 requiei
669 565 674 652 Ι
699 571 787 632 iaciat
806 570 969 633 secundum
990 570 1132 634 rationem
1156 594 1173 637 a
1194 575 1281 638 uobis
1308 577 1360 638 dc·

55 671 270 744 manetem,
291 676 325 730 ut
341 668 420 749 apud
444 669 600 748 Vergilium
621 670 652 730 in
672 672 725 734 llll
756 684 759 688 ’

544 772 710 849 requiem
731 774 965 854 spatiumque
988 776 1118 838 furori.

30 876 135 956 sqncd
149 876 176 938 si
189 882 271 937 esset
280 873 432 953 genetivus
444 870 593 950 requietis,
606 875 767 952 requietem
779 879 896 952 laceret,
911 896 971 939 non
981 879 1121 958 requiem.
1146 881 1248 943 Cicero
1259 891 1356 946 autern

56 978 142 1039 alita·
164 975 322 1037 declinavit
345 983 465 1036 secutus
489 993 643 1036 numerum
662 977 861 1057 syllabarum,
883 979 971 1040 huius
988 981 1143 1060 pernicies,
1164 984 1277 1045 ratione
1295 985 1356 1060 illa,

56 1078 150 1159 qnod,
172 1096 241 1139 cum
262 1075 457 1139 nominativus
477 1076 598 1156 pluralis
617 1097 633 1139 a
658 1081 791 1162 genetivo
811 1080 950 1159 singulari
972 1083 1175 1161 proficiscatur
1195 1086 1290 1165 sitque
1305 1096 1360 1148 ant

58 1181 133 1244 idern
142 1189 195 1243 ant
207 1178 368 1241 earundem
382 1177 567 1257 syllabarum,
584 1180 714 1250 uthuius
734 1182 853 1243 scholae
867 1178 882 1266 ΙΙ
896 1183 951 1243 bae
964 1182 1092 1259 scholae,
1114 1195 1145 1247 et
1163 1188 1251 1250 buius
1265 1189 1353 1251 lilarci

57 1284 86 1345 bi
106 1283 215 1357 ldarci,
241 1266 312 1344 item
335 1279 423 1342 huius
445 1279 537 1341 felicis
558 1280 589 1340 bi
611 1281 727 1356 felices,
756 1292 786 1344 et
806 1283 894 1344 buius
916 1285 1097 1346 damnabas
1119 1287 1241 1363 domus,
1262 1308 1354 1369 aeque

27 1383 209 1465 egenetivns
237 1384 320 1464 sequi
345 1382 432 1444 debet
459 1382 668 1446 nominativum
694 1384 852 1464 pluralem
881 1392 912 1446 et
931 1386 998 1449 ideo
1019 1389 1120 1450 Cicero
1142 1391 1354 1470 ‘pernicies

58 1489 191 1549 cansa'
216 1483 382 1565 genetivum
409 1484 518 1547 extulit.
562 1502 643 1565 quae
665 1493 766 1547 autem
787 1487 795 1547 i
818 1495 885 1548 ante
907 1507 939 1549 es
964 1488 1136 1569 productam
1157 1510 1217 1551 non
1235 1490 1353 1566 babent,

58 1589 130 1651 besa
149 1588 317 1668 genetivum
341 1588 451 1651 facium
472 1605 526 1667 per
547 1588 590 1662 is,
617 1587 703 1650 veluti
727 1588 821 1650 nubes
844 1589 947 1664 nubis,
970 1590 1058 1652 aedes
1080 1593 1177 1675 aedis,
1200 1592 1286 1654 sedes
1308 1611 1357 1655 se·

58 1690 120 1764 dis,
141 1690 273 1770 exceptis
286 1689 345 1752 ¹his
368 1708 459 1768 quae,
482 1708 550 1750 cum
574 1691 782 1752 nominativum
802 1691 931 1752 habeant
955 1711 1061 1771 peres
1082 1695 1272 1773 productam,
1294 1714 1354 1757 non

60 1798 155 1853 tanim
172 1797 241 1852 ante
259 1810 292 1853 es
317 1792 457 1872 syllabam
476 1790 486 1852 i
507 1790 633 1853 litteram
653 1792 796 1867 habeant,
819 1792 909 1854 nihilo
931 1793 1028 1856 minus
1054 1796 1219 1873 genetivum
1243 1797 1358 1858 iaciunt

30 1891 1353 1978 swmmmmmstmmfflmfflfflbmmmmmmwe

63 1997 189 2074 genetivo
217 2014 287 2058 casn
309 2003 455 2057 crescunt
485 1996 549 2056 sinc
580 1996 706 2069 ratione,
743 1996 831 2057 Ceres
858 2015 973 2059 merces
1001 1998 1104 2078 pubes.
1143 2018 1211 2060 nam
1237 2001 1352 2062 Cereris

63 2097 201 2159 mercedis
224 2097 343 2178 puberis
364 2098 481 2160 iaciunt.

140 2200 218 2279 Ergo
240 2200 318 2263 scire
341 2201 482 2262 debemus
503 2199 581 2278 quod
607 2199 679 2261 bdes
699 2207 728 2260 ct
749 2198 842 2279 pubes
863 2198 1009 2280 duplicem
1030 2199 1351 2278 genetivum'lrabeant.

66 2303 147 2377 tides,
168 2321 235 2365 cum
252 2302 398 2382 significat
415 2301 520 2381 lyram,
543 2301 609 2361 tidis
629 2301 714 2376 lacit,
736 2308 769 2362 ut

38 2423 60 2465 n
469 2402 560 2464 lidis
586 2402 890 2480 [selintcndisse
916 2402 1089 2476 Latinae,

68 2629 116 2679 l-
171 2632 199 2680 N

126 2632 155 2777 l?
171 2715 314 2782 exceptoh.
323 2713 481 2764 nnonomine
492 2712 564 2775 qnies
574 2709 643 2774 quod
656 2708 718 2760 facit
727 2710 821 2773 qnietis
831 2724 985 2773 quamquam
996 2710 1097 2771 requies
1109 2709 1141 2759 ab
1151 2725 1180 2760 eo
1194 2714 1299 2777 conposi

277 2802 355 2852 iaciat
407 2799 547 2850 secundum
599 2800 723 2848 rationem
767 2812 782 2846 a
829 2798 904 2847 nobis
953 2797 1150 2847 demonstratam
1196 2809 1223 2849 ut
1268 2803 1302 2867 ap

79 2893 93 2941 5
279 2889 334 2939 llll.
363 2888 477 2953 requiem
502 2885 641 2952 spatiumq,
665 2885 746 2936 lurori
772 2882 841 2949 quod
869 2883 892 2931 si
923 2893 991 2936 essct
1019 2885 1080 2950 geni
1114 2884 1244 2948 requietis.
1272 2901 1300 2935 re

282 2975 377 3025 laceret
410 2988 460 3022 non
495 2972 608 3034 requiem
635 2973 717 3021 cicero
747 2973 777 3020 W
808 2969 881 3020 aliter
910 2971 1047 3021 declinauit
1077 2982 1178 3022 secutus
1206 2973 1301 3021 eunici

254 3063 270 3110 f
295 3061 372 3112 butus
398 3059 523 3126 pernicies
551 3057 648 3107 ratione
673 3056 717 3106 illa
746 3057 814 3120 quod
841 3072 898 3106 curn
926 3059 1049 3108 nominati
1072 3060 1117 3124 plir
1140 3075 1155 3109 a
1179 3060 1297 3124 gernetiuo

255 3149 383 3199 liciseatur
409 3147 469 3208 sitq,
499 3147 516 3195 it
545 3143 613 3194 idem
643 3145 659 3192 a
690 3144 828 3192 earundem
860 3142 1017 3208 syllabarum
1047 3153 1075 3194 ut
1106 3145 1184 3196 huius
1209 3145 1298 3212 schole

255 3254 272 3303 q
300 3244 325 3285 et
353 3233 429 3282 huius
458 3232 538 3281 marci
564 3229 591 3279 hi
618 3230 697 3279 marci
721 3231 781 3279 item
804 3229 880 3279 huius
904 3229 986 3280 felicis
1008 3231 1034 3281 lii
1062 3231 1150 3283 leliccs
1173 3240 1198 3282 et
1221 3231 1297 3282 huius

64 3323 91 3375 lb
254 3340 271 3389 q
312 3321 403 3371 domus
444 3334 509 3386 eque
550 3317 683 3384 genetibus
723 3319 797 3381 sequi
837 3317 911 3368 debet
951 3321 1134 3372 nominatiuum
1173 3320 1298 3387 pluralem

249 3424 265 3459 o
302 3407 427 3473 pernicies
463 3419 541 3455 causa
576 3404 722 3470 genetiuum
757 3404 848 3455 extulit
885 3402 912 3472 l(
947 3408 1023 3457 aedes
1059 3408 1100 3458 dis
1136 3408 1221 3458 sedes.
1257 3409 1298 3457 dis

256 3504 298 3544 nte
318 3511 346 3544 es
364 3494 512 3558 productam
534 3491 550 3540 ri
570 3490 666 3541 habent
689 3489 706 3538 lt
729 3494 795 3557 gene
817 3490 913 3542 iaciunt
934 3509 979 3558 per
1001 3494 1023 3542 is
1048 3495 1102 3543 iruti
1122 3495 1202 3545 nubes
1222 3495 1296 3543 nubis

239 3584 291 3648 ptis
320 3580 361 3629 his
398 3581 414 3644 q
453 3594 509 3628 cum
546 3577 730 3628 nominatiuum
760 3578 870 3629 habeant
903 3593 948 3644 per
982 3597 1009 3629 es
1041 3581 1190 3645 productam
1223 3581 1241 3628 ri
1271 3581 1298 3629 ῑιῑ

193 3679 236 3720 nte
263 3684 291 3719 es
315 3666 439 3732 syllabam
460 3667 468 3714 i
487 3665 595 3716 litteram
616 3665 710 3716 habent
732 3666 812 3717 nihilo
831 3666 915 3716 minna
934 3671 1022 3732 gencti
1039 3665 1135 3716 faciunt
1154 3682 1200 3731 per
1218 3668 1242 3716 ci
1260 3669 1294 3716 uir

60 3757 88 3809 15
172 3773 217 3807 res

120 3897 209 3947 Omria
222 3894 282 3957 sere
300 3895 398 3959 integra
416 3893 476 3956 legit
492 3891 593 3942 Pieriae
693 3892 895 3955 beompositnm
913 3891 1010 3953 requiei
1030 3891 1107 3943 iaciat
1124 3908 1145 3942 ω
1244 3893 1261 3943 3
1279 3893 1348 3956 apud

57 3969 134 4034 Virgi.
155 3968 181 4016 in
200 3965 246 4015 llll
265 3979 286 4012 ω
371 3963 539 4025 brequietent
558 3962 651 4011 laceret
668 3977 689 4010 ω
789 3961 955 4011 deuinctum
974 3978 1059 4012 carnin
1079 3979 1100 4012 ω
1200 3963 1347 4026 lgenitiuo

56 4038 178 4104 singulari
196 4033 372 4102 proficiscatur
390 4046 412 4081 ω
515 4034 532 4082 8
552 4031 664 4093 scholae,
683 4032 730 4081 hae
749 4029 852 4080 scholae
874 4049 895 4081 ω
996 4031 1013 4083 9
1033 4033 1109 4083 liuius
1129 4034 1219 4084 doinus
1238 4032 1285 4080 bae
1304 4031 1349 4079 do.

56 4124 107 4159 inus
125 4124 147 4157 ω
221 4102 254 4153 10
272 4103 407 4168 pluralem.
430 4102 490 4153 ldec
507 4102 594 4153 Cicero
613 4118 634 4151 ω
704 4100 741 4151 ·ll
761 4100 860 4153 ntulit.
881 4103 890 4150 l
909 4109 967 4152 ante
982 4119 1003 4152 ω
1092 4103 1124 4154 12
1141 4103 1215 4153 sedes
1234 4103 1283 4166 dis,
1303 4115 1348 4149 ex-

55 4179 132 4244 ceptis
149 4195 171 4228 ω
239 4171 277 4223 ,14
297 4181 379 4222 tamen
397 4179 455 4222 ante
473 4189 494 4223 ω

120 4385 137 4436 3
154 4379 310 4449 Vergilium]
330 4381 396 4431 Aea.
416 4379 463 4429 llll
478 4376 529 4430 433
599 4379 616 4429 5
634 4377 722 4428 Cicero
740 4405 772 4412 —
793 4375 822 4426 ll
846 4374 936 4425 extulit
953 4392 1013 4430 exc.
1032 4376 1096 4427 Bcb.
1115 4392 1142 4440 p.
1162 4377 1196 4428 96
1274 4375 1291 4425 6
1309 4389 1349 4424 se-

56 4463 125 4506 cntus
139 4468 275 4503 nnmerum
292 4454 439 4515 (numerum
457 4448 612 4516 syllabarum
629 4445 782 4510 Palaebisca),
801 4446 941 4508 requietem
959 4447 1027 4495 euim
1045 4446 1125 4509 dixit,
1149 4445 1183 4495 ad
1201 4443 1347 4494 Hostilium.

55 4527 133 4575 Huius
147 4524 272 4589 pernities
291 4521 423 4571 Fabricius
441 4528 465 4569 ct
483 4517 630 4579 Patrobios,
647 4518 815 4581 supplemento
835 4517 913 4579 petito
935 4531 970 4565 ex
988 4515 1101 4566 Obaririo
1117 4530 1145 4577 p.
1164 4515 1208 4565 85.
1230 4512 1279 4564 114

57 4596 88 4645 10
103 4604 128 4645 ct
146 4593 205 4644 ideo
224 4592 308 4642 cicero
328 4590 454 4656 pernicies
472 4603 559 4639 essum
576 4588 723 4653 genetiuum
741 4585 833 4636 extulit
851 4586 890 4635 B.-
915 4585 966 4637 Cic.
984 4600 1013 4648 p.
1031 4586 1107 4636 llosc.
1126 4583 1214 4633 Aruer.
1234 4584 1277 4645 45,
1298 4582 1347 4635 131
1444 4598 1449 4606 ·

55 4681 159 4728 quornm
183 4662 250 4712 nihil
274 4662 382 4727 pernicii
406 4672 496 4716 eausa,
525 4657 568 4707 nbi
587 4665 669 4707 tamen
697 4656 806 4722 pernicii
835 4661 935 4706 tueatur
956 4654 1050 4705 Nonius
1070 4668 1099 4716 p.
1120 4652 1173 4704 486
1196 4660 1222 4703 et
1254 4653 1349 4722 Gelliam

54 4736 110 4786 Vlll
128 4736 161 4786 14
236 4732 266 4781 ll
285 4732 404 4796 genetiuo
420 4727 519 4781 extulit.
546 4726 616 4786 Quae
632 4736 716 4778 antem
732 4726 742 4774 l
760 4734 817 4775 ente
832 4740 861 4774 es
878 4723 1011 4774 Putscbbcs
1082 4723 1114 4775 19
1131 4722 1195 4772 tides
1213 4722 1274 4774 iacit
1289 4739 1346 4774 curn

53 4806 178 4871 significet
198 4803 281 4868 lyram
295 4800 355 4850 lidie
371 4808 400 4848 ut
412 4798 438 4847 N
455 4796 518 4848 isses
535 4797 594 4849 lldis
612 4796 673 4847 lacit
689 4812 747 4847 oum
763 4795 889 4862 signifieat
907 4795 994 4860 lgrap
1075 4792 1110 4844 20
1126 4792 1203 4844 latine
1219 4793 1245 4843 N
