3114 5356
134 247 196 310 320
692 242 875 307 ntomsms

191 359 363 493 amm
379 447 454 508 qnae
476 436 590 491 soteres
609 429 726 508 quidem
750 448 804 511 per
824 431 1025 492 accusativum
1050 431 1234 508 crtnleumt,
1260 452 1318 496 nos
1339 445 1426 499 antem

137 552 190 614 per
216 533 344 595 datimm
369 529 530 592 secundnm
559 530 686 592 Graecos
705 530 878 611 ‚efferimusz
915 530 1007 591 activa
1033 533 1162 610 primae,
1192 534 1318 615 oblongo
1346 537 1426 605 fllium

137 642 252 697 veteres
272 633 424 704 dicebant,
447 630 612 709 obiurgavi3
635 650 690 691 nos
708 639 807 695 autern
824 631 947 708 obiurga
965 630 1025 693 lilio
1042 650 1096 711 per
1110 632 1251 710 dadrruu,
1270 645 1304 699 ut
1318 637 1425 713 Graeci3

75 726 80 734 ’
138 743 260 798 encauto
280 743 310 795 te
332 742 362 797 et
380 735 509 807 incanto,
531 750 587 794 nos
609 739 731 792 excanto
750 732 802 795 tibi
821 749 875 812 per
893 730 1037 792 dativum:
1060 734 1218 809 secundae,
1232 736 1275 809 illi
1289 738 1425 818 inpendeo

140 845 186 911 te,
208 854 264 897 nos
281 834 428 916 inpendeo
450 831 517 895 tibi:
540 831 657 907 tertiae,
679 832 805 895 adtcudo
829 833 990 911 legentem,
1015 850 1071 893 nos
1090 832 1217 894 adtende
1238 836 1364 916 legenti,
1382 839 1444 901 ads

140 944 220 998 verto
243 945 288 1012 tc,
311 956 367 998 nos
384 935 503 997 adverto
525 932 591 1008 tibi,
622 932 725 996 adside
749 934 877 1008 socium,
900 952 955 995 nos
973 931 1076 995 adsido
1098 932 1196 1009 socio,
1220 935 1325 998 inludo
1341 939 1427 1001 honri·

138 1056 224 1113 nem,
246 1056 304 1100 coe
321 1037 422 1101 inludo
444 1036 571 1109 homini,
591 1034 756 1114 praestolor
774 1035 934 1110 nutricem,
959 1054 1015 1096 nos
1037 1034 1201 1115 praestolor
1223 1037 1341 1101 nutrici
1381 1040 1426 1106 sad

138 1141 196 1202 hoc
225 1149 338 1203 veteres
365 1137 527 1201 secundum
553 1136 695 1210 Graecos,
725 1136 795 1214 qnid
822 1136 874 1198 tihi
896 1136 1108 1211 futurumst,
1137 1156 1192 1200 nos
1214 1136 1286 1215 quid
1311 1145 1340 1198 te
1359 1138 1428 1200 luto·

138 1250 281 1307 mmest
327 1316 332 1325 .

677 1418 727 1480 nn
749 1417 896 1481 nouus
1440 1466 1457 1505 ,ο

225 1543 337 1602 Nomen
368 1540 437 1620 quid
464 1537 531 1602 esti
567 1556 673 1600 nomen
701 1545 836 1617 estpars
858 1540 998 1603 orationis
1027 1556 1094 1600 cum
1116 1556 1186 1601 casu
1211 1539 1277 1600 sine
1305 1549 1430 1621 tempore

140 1663 203 1707 rem
225 1642 407 1722 corporalem
434 1648 483 1702 aut
507 1636 721 1720 incorporalem
751 1640 868 1719 proprie
899 1641 1127 1703 communiterve
1153 1639 1340 1719 significans,
1369 1660 1430 1720 pm

141 1746 218 1827 prio,
246 1738 281 1805 nt*
299 1744 391 1803 Roma
413 1741 543 1815 Tiberis,
575 1739 783 1815 communiter,
812 1748 844 1801 ut
865 1741 936 1803 urbs
956 1742 1075 1802 [lumen.
1119 1741 1171 1801 sed
1194 1760 1229 1802 ex
1257 1741 1314 1802 hac
1337 1741 1431 1802 delini·

142 1848 221 1908 tione
241 1847 369 1907 Scamas
392 1843 536 1905 dissentit
581 1849 698 1920 separat
720 1840 834 1902 enimn
857 1839 991 1924 ncllmine
1011 1840 1238 1922 appellationem
1260 1852 1291 1903 et
1312 1841 1431 1903 vocabu·

140 1949 208 2009 lum.
254 1955 283 2006 et
305 1953 350 2006 est
369 1945 474 2006 horum
496 1943 571 2004 trina
594 1942 723 2003 delinitio
751 1942 831 2003 talis:
871 1960 979 2004 nomon
1008 1952 1053 2004 est
1080 1960 1138 2020 quo
1167 1943 1241 2005 deus
1269 1951 1321 2003 aut
1348 1944 1461 2004 hamon

105 2084 109 2092 ·
140 2049 258 2130 propria
281 2049 430 2109 dumtaxat
450 2043 699 2110 discriminationc
720 2042 904 2118 enuntiatur,
929 2062 997 2106 cnm
1020 2045 1126 2106 dicitur
1146 2042 1196 2105 ille
1219 2044 1366 2123 luppiter,
1388 2044 1432 2105 liic

140 2151 256 2230 Apollo,
279 2150 348 2210 item
370 2147 441 2208 Cato
463 2145 534 2219 iste,
554 2145 602 2205 lric
623 2144 742 2205 Brutus.
787 2142 942 2224 appellatio
961 2163 1086 2237 qnoqrm·
1100 2154 1145 2206 est
1168 2144 1336 2206 communis
1358 2145 1432 2206 simi-

140 2251 211 2312 lium
232 2269 330 2312 rernm
353 2246 512 2311 enuntiatio
533 2245 633 2327 specie
659 2244 801 2319 nominis,
826 2254 858 2306 nt
885 2246 973 2314 homo
994 2247 1037 2308 vir
1058 2245 1164 2308 iemina
1187 2245 1369 2327 mancipium
1389 2246 1432 2308 leo

141 2361 250 2414 tauros.
301 2351 358 2411 hoc
388 2352 466 2413 enim
497 2349 593 2410 animo
625 2346 804 2422 auribusque
832 2345 977 2407 audientis
1008 2347 1138 2409 adfertur
1168 2346 1341 2410 animalium
1371 2366 1433 2409 esse

140 2453 258 2533 quidem
284 2453 342 2513 ‹lno
371 2459 483 2512 tantum
509 2466 633 2528 genera,
663 2447 716 2507 sed
742 2446 805 2507 sine
835 2446 954 2526 speciali
982 2447 1239 2510 discriminatione
1284 2469 1355 2514 nam
1380 2469 1465 2512 necao

141 2555 207 2633 quis
228 2554 316 2616 homo
339 2571 395 2614 nec
415 2552 480 2629 quis
503 2549 545 2609 vir
568 2566 623 2608 uec
643 2566 717 2625 quae
745 2547 854 2608 semina
883 2566 938 2608 nec
965 2549 1043 2627 quod
1065 2549 1243 2630 mancipium
1265 2569 1322 2613 nec
1343 2551 1433 2630 qrialis

139 2655 186 2716 leo
209 2661 344 2714 taurnsve
366 2660 411 2712 est
433 2650 579 2711 delinitur.
617 2643 808 2726 appellationi
827 2638 963 2710 accidunt
979 2649 1080 2711 eadem
1095 2650 1157 2712 lere
1173 2670 1249 2729 quae
1266 2661 1296 2715 ct
1315 2653 1432 2717 nomini.

139 2755 209 2816 item
232 2751 402 2813 vocabulum
422 2758 467 2812 est
494 2768 552 2829 qno
580 2767 628 2809 res
655 2749 826 2810 inanimales
847 2749 927 2810 vocis
949 2751 1161 2827 significatione
1185 2755 1286 2833 specie
1309 2754 1433 2817 nominis

141 2852 342 2922 enuntiamus,
373 2860 405 2911 ut
431 2851 517 2912 arbor
544 2849 618 2928 lapis
645 2848 735 2909 herba
758 2859 825 2928 toga
853 2859 882 2910 et
908 2851 955 2912 his
978 2852 1091 2913 similia.
1137 2855 1279 2916 vocabulo
1301 2856 1435 2918 accidunt

140 2953 242 3013 eadem
263 2970 337 3029 quae
360 2950 555 3030 appellationi.
601 2970 708 3011 nonren
727 2960 824 3012 autem
848 2951 968 3028 dicitur,
998 2954 1075 3032 qrrod
1097 2974 1184 3016 unam
1204 2975 1354 3037 quamque
1372 2976 1467 3021 remu

141 3061 284 3114 monstret
312 3072 347 3113 ac
374 3060 471 3125 notet,
504 3052 588 3129 quasi
615 3060 753 3114 notamen
781 3053 875 3115 media
897 3053 1007 3134 syllaba
1026 3074 1080 3134 per
1102 3075 1250 3137 syncopen
1276 3058 1434 3130 subtracta,

141 3154 185 3214 acl
206 3174 222 3213 a
246 3154 355 3214 Graeca
378 3154 489 3232 origine
511 3145 592 3231 παρὰ
615 3143 648 3214 τὸ
676 3145 779 3231 ὄνομα.
823 3154 934 3216 nomini
960 3156 1098 3219 accidunt
1125 3157 1346 3221 obscurationes
1372 3159 1434 3229 hac,

143 3244 236 3334 genos
258 3273 398 3316 numerus
420 3254 512 3332 figura
532 3272 617 3317 casus
640 3256 772 3334 qualitas.

227 3369 356 3441 Qualitas
378 3369 528 3430 nominum
557 3371 693 3452 bipertita
721 3382 775 3434 est,
820 3380 870 3433 aut
898 3373 975 3433 enirn
1003 3375 1120 3453 propria
1149 3384 1218 3435 sont
1242 3378 1363 3438 nomina
1387 3386 1436 3439 aut

141 3470 328 3549 appellativa:
366 3471 507 3548 quaedam
536 3482 564 3533 et
593 3475 712 3553 propria
741 3482 809 3535 sunt
837 3481 866 3533 et
895 3473 1076 3552 appellativa.
1122 3477 1240 3555 propria
1264 3487 1336 3540 sont
1359 3498 1465 3557 quaeso

141 3571 288 3651 propriam
314 3580 343 3631 et
371 3572 623 3652 circumscriptam
651 3574 819 3650 qualitatem
849 3574 1015 3652 specialiter
1045 3576 1225 3654 significant3
1263 3578 1334 3639 item
1362 3599 1435 3658 qnae

140 3673 224 3734 unica
247 3684 277 3734 et
295 3673 357 3734 sola
381 3681 449 3732 sunt
471 3673 608 3746 deorum,
630 3683 662 3734 nt
686 3675 829 3754 luppiter,
856 3684 885 3734 et
906 3694 980 3753 qnae
1002 3675 1085 3750 bina,
1108 3686 1138 3737 ut
1154 3677 1242 3738 Liber
1261 3687 1362 3758 pater,
1384 3681 1435 3742 ho·

208 3897 225 3944 4
244 3896 279 3943 1111
298 3895 423 3945 secundae
442 3896 500 3944 AM
578 3896 592 3944 7
613 3911 659 3946 uos
677 3905 735 3946 onte
752 3897 838 3947 inludo
856 3916 903 3950 om.
920 3899 978 3948 AM
1054 3901 1180 3966 prestulor
1197 3901 1319 3952 nutricem
1337 3912 1435 3970 prestu-

140 3964 221 4015 lorA
310 3964 342 4014 10
361 3979 570 4016 neronianum.
589 3965 833 4031 Aefillonatp.
855 3967 996 4034 lraaaqq.
1086 3970 1115 4018 11
1134 3969 1230 4019 Nomen
1250 3973 1312 4034 qnid
1330 3983 1370 4023 est
1388 3991 1432 4026 orn.

140 4035 173 4084 M
241 4046 331 4080 nomeu
351 4059 384 4069 —
403 4033 467 4093 321,
487 4033 520 4082 27
538 4032 623 4099 Paris]
650 4037 784 4100 adscripta
807 4045 844 4086 eat
867 4038 1041 4103 discrepantia
1059 4040 1154 4090 codicia
1173 4041 1289 4091 Puriaini
1306 4041 1434 4108 753001)

139 4116 230 4153 nomeu
251 4127 282 4136 -
304 4100 335 4150 13
354 4103 446 4151 llnmeu
467 4102 565 4154 Gloria.
580 4121 611 4168 p.
632 4103 680 4154 125
770 4103 801 4154 13
818 4105 958 4156 difinitione
977 4107 1010 4156 M
1095 4107 1127 4156 14
1144 4107 1262 4158 dissentit
1279 4124 1296 4166 ς
1314 4111 1434 4162 dissensit

140 4171 213 4234 AMp
285 4168 316 4219 15
336 4170 452 4220 diffinitio
473 4171 506 4220 M
583 4173 615 4223 16
631 4173 775 4222 enuntiatur
791 4190 810 4237 p
828 4176 1004 4241 pronuntiatur
1023 4176 1047 4224 A
1065 4179 1211 4241 pronuntiat
1228 4178 1261 4227 M
1340 4180 1373 4231 19
1391 4181 1433 4230 ad-

140 4242 204 4291 lerto
224 4240 257 4289 M
273 4237 355 4287 adfert
374 4240 416 4303 Ap
486 4240 520 4288 20
538 4241 584 4289 scd
603 4243 658 4290 sinc
676 4242 700 4291 A
718 4243 773 4291 siue
789 4243 820 4292 M
888 4259 934 4293 nec
952 4246 1009 4307 quis
1028 4244 1103 4294 homo
1123 4261 1168 4294 nec
1186 4248 1244 4310 quis
1262 4249 1302 4297 nir
1321 4263 1369 4299 nec
1387 4265 1434 4313 qua

140 4309 269 4363 feminus
295 4309 401 4371 nequis
421 4308 494 4357 homo
515 4312 618 4373 nequis
638 4312 677 4359 uir
695 4313 799 4374 nequis
818 4312 912 4362 lemine
930 4314 1004 4377 AMp
1087 4316 1118 4364 21
1144 4317 1262 4380 nequod
1281 4319 1441 4384 mancipium,

139 4378 324 4441 (manticipinm
340 4378 376 4439 A)
387 4392 418 4426 uc
430 4379 472 4441 Ap
535 4380 569 4428 22
580 4379 727 4429 diliniturA
796 4383 912 4432 accidunt
923 4383 1011 4432 eadem
1023 4381 1076 4432 lere
1092 4399 1156 4446 quae
1171 4392 1225 4448 etp
1242 4384 1297 4435 iere
1313 4388 1434 4438 accedunt

139 4445 254 4509 eademq;
273 4455 297 4493 ct
314 4445 345 4494 M
362 4445 416 4494 lere
434 4447 555 4496 accedunt
574 4448 688 4511 eademq:
708 4449 733 4497 A
811 4450 843 4500 23
859 4465 907 4515 quo
924 4468 942 4515 p
960 4451 1027 4515 quod
1045 4453 1106 4501 AM
1182 4455 1269 4518 specie
1288 4459 1433 4521 especiem

138 4514 209 4562 AM:
234 4514 332 4578 species
351 4529 474 4579 omuesp
561 4519 595 4567 24
618 4516 739 4566 accedunt
759 4520 803 4568 M:
828 4520 944 4569 accidunt
963 4520 1079 4584 eademq,
1099 4531 1123 4570 et
1146 4524 1242 4571 nomini
1260 4524 1301 4572 nel
1320 4525 1433 4591 appella·

138 4583 199 4636 ttoni
215 4599 238 4646 p·
306 4583 339 4632 25
360 4598 451 4632 nomen
470 4612 504 4622 -
523 4586 583 4647 321,
605 4584 636 4635 10
655 4594 679 4635 et
698 4587 789 4635 similia
805 4604 862 4638 exc.
876 4589 941 4640 Bab.
958 4605 986 4653 p.
1006 4589 1038 4638 77
1059 4591 1156 4641 Charis.
1175 4609 1201 4655 p.
1224 4592 1273 4642 125
1290 4610 1329 4658 aq.
1401 4591 1433 4642 26

139 4664 168 4696 ac
187 4651 234 4713 Mp
252 4661 295 4700 aaa
309 4653 333 4699 A
403 4652 436 4700 27
454 4664 542 4716 parato
556 4669 647 4704 onoma
666 4656 713 4719 Mp
731 4665 818 4720 parato
838 4672 852 4705 o
872 4672 945 4706 namn
963 4657 987 4705 A
1058 4660 1179 4708 accedunt
1199 4661 1232 4709 M
1299 4661 1330 4712 31
1352 4663 1433 4728 signi·

139 4716 213 4766 licant
232 4734 248 4773 ς
267 4719 411 4785 significent
430 4720 488 4770 AM
953 4721 957 4727 ’
