3114 5356
42 228 46 233 ⁸
150 278 202 339 ua
702 275 863 372 emmau

207 392 337 438 ,mmm
1217 388 1369 442 mmuh

32 446 41 463 ’
144 408 329 548 dicatarior
349 470 492 541 amator,
508 460 685 548 ssriqoidem
705 461 871 542 significat,
894 468 926 521 ut
946 461 1088 540 Vergilius

502 564 647 644 quando
669 570 724 623 tot
744 563 889 642 stragis
913 581 1080 626 acervos.

144 669 254 731 sivero
280 666 470 748 producatur,
498 674 531 728 ut
558 674 625 747 puta
655 664 848 743 ‘quandoque
874 664 945 726 illud
975 664 1101 744 societ’3
1134 658 1274 744 futorum
1302 673 1419 747 tempus

144 768 278 832 ostendit.
827 752 831 763 ’
1119 830 1138 867 0

221 871 278 934 Sed
305 871 444 952 particula
466 871 485 932 d
513 871 608 934 littera
631 871 810 932 terminanda
836 879 889 933 est
933 871 1037 933 sedum
1059 872 1136 933 enim
1157 870 1342 951 antiqui-pro
1367 871 1445 933 seda

142 975 298 1057 ponebant,
323 974 496 1054 demptaque
517 973 672 1035 norissima
692 981 774 1053 parte
793 969 799 1056 Ι
817 973 941 1035 litteram
962 982 1060 1035 tamen
1083 975 1225 1035 inmutare
1242 992 1301 1035 non
1323 974 1423 1054 potuit

141 1093 228 1152 arua,
249 1074 306 1136 sed
324 1082 359 1135 at
378 1082 423 1136 sat
444 1094 497 1155 pro
519 1075 605 1151 satis,
626 1074 666 1135 ita
689 1081 720 1134 et
739 1074 797 1135 sed
815 1092 875 1153 pro
890 1074 993 1137 sedum
1011 1094 1078 1137 cum
1092 1075 1153 1136 suis
1167 1074 1271 1136 litteris
1285 1074 1419 1136 servarit

220 1177 304 1238 Haud
329 1176 505 1239 similiterd
537 1176 632 1238 littera
658 1177 838 1238 terminatur.
889 1168 925 1236 οὗ
953 1178 1030 1238 enirn
1058 1177 1167 1238 Graeca
1195 1196 1249 1238 vox
1275 1177 1294 1237 d
1323 1176 1419 1238 littera

138 1279 285 1340 terminari
303 1278 389 1357 opud
408 1278 552 1358 antipam
572 1278 682 1359 coepit,
704 1278 810 1357 quihus
823 1298 888 1340 mos
906 1279 1001 1340 eratd
1020 1277 1152 1339 litteram
1170 1276 1311 1338 omoilrm
1325 1298 1420 1359 paene

137 1379 253 1441 vocilius
272 1379 364 1441 vocali
384 1380 478 1442 littera
497 1380 586 1441 linitis
606 1381 780 1461 adiungere,
798 1390 830 1442 ut
1435 1404 1456 1446 a

296 1500 366 1560 quo
385 1482 446 1543 ted
464 1482 534 1544 hoc
552 1483 675 1545 noctis
695 1482 813 1545 dicam
838 1483 1040 1564 proticisci
1062 1480 1184 1543 foras?

138 1583 188 1645 sed
209 1592 244 1645 et
258 1602 312 1664 per
331 1593 343 1645 t
365 1582 453 1646 scribi
473 1602 563 1646 sonus
584 1584 663 1646 vocis
684 1584 818 1647 admittit.

250 1754 311 1835 xtu
348 1770 398 1835 nn
420 1771 600 1841 cnmuvs
623 1771 922 1836 courmruorus
945 1773 1026 1837 srva
1048 1742 1298 1835 connlrrours

217 1891 470 1973 Comparationum
503 1898 571 1952 sunt
601 1892 719 1955 ordines
751 1893 825 1965 duo,
859 1893 1005 1954 secundus
1037 1900 1067 1954 ot
1094 1892 1206 1954 tertius.
1250 1891 1417 1952 dividuntur

135 2000 230 2055 autern
254 1993 361 2073 singuli
389 1994 418 2055 in
442 2002 503 2055 tres
531 1994 654 2073 gradus,
683 2002 713 2055 et
744 2004 789 2056 est
815 1995 926 2076 primus
954 1996 1061 2074 gradm
1085 1994 1252 2068 absolutus,
1277 2009 1365 2070 quem
1389 2000 1416 2052 et
1431 2008 1454 2049 u

134 2093 307 2173 primitivum
325 2094 473 2170 dixerunt,
493 2097 640 2159 secundus
662 2095 891 2177 comparativus,
914 2097 1017 2159 tertius
1039 2096 1248 2176 superlatuus,
1274 2103 1303 2155 et
1328 2094 1418 2156 decli·

135 2204 239 2258 uantur
258 2197 314 2259 hoo
339 2198 435 2260 modo.
479 2198 599 2259 secundi
626 2199 737 2260 ordinis
764 2199 924 2261 masculino
952 2199 1055 2264 doctus
1080 2198 1193 2260 doctior
1218 2196 1415 2287 doctissimus,

135 2296 282 2378 pluraliter
316 2300 393 2363 docti
429 2299 574 2363 doctiores
601 2300 777 2377 doctissimi;
811 2300 949 2362 feminine
982 2301 1067 2363 docta
1099 2299 1212 2362 doctior
1238 2298 1416 2372 doctissima,

133 2398 281 2480 pluraliter
302 2403 404 2465 doctae
423 2402 569 2464 doctiores
590 2402 792 2479 doctissimam
813 2402 983 2465 neutraliter
1007 2404 1125 2466 doctum
1145 2401 1259 2464 doctius
1283 2401 1417 2463 doctissi-

135 2590 147 2642 1
160 2616 184 2628 -
198 2591 229 2645 14
241 2591 269 2641 Ν

267 2677 467 2746 utueigquaudo
474 2685 510 2730 tot
517 2678 749 2745 stragisaceruossi
756 2695 817 2738 uero
825 2680 979 2746 producatur
987 2678 1212 2746 utputnquandoq.
1221 2675 1375 2729 illud-„amir

303 2763 353 2815 Sed
372 2765 496 2831 particula
508 2765 549 2816 .d.
570 2765 651 2816 littera
663 2767 821 2817 terminanda
839 2774 876 2817 est
893 2768 983 2818 sedum
1000 2768 1029 2817 il
1046 2768 1142 2831 antiqui
1160 2783 1206 2833 pro
1228 2764 1340 2829 ltempus
1400 2765 1417 2813 5

268 2868 314 2919 sed
333 2869 460 2935 ponebant
481 2868 609 2934 demptaq.
635 2869 774 2921 nouissima
797 2856 868 2936 parte
891 2856 971 2922 litlam
993 2870 1020 2921 tir
1049 2872 1173 2922 inmutare
1195 2874 1212 2920 ri
1231 2880 1279 2935 pot
1371 2869 1376 2891 '

267 2979 307 3022 sat
316 2987 362 3038 pro
375 2974 436 3023 satis
449 2971 582 3024 iteradum
597 2988 652 3023 cum
665 2973 719 3025 suis
733 2956 795 3026 litlio
805 2976 891 3026 s'uauit
895 2971 1004 3044 [scoepit
1013 2975 1082 3039 quib:
1090 2989 1144 3024 mos
1154 2983 1207 3024 erat
1216 2976 1251 3025 .d.
1260 2974 1289 3023 lit
1400 2976 1405 2983 '

303 3110 375 3161 Haud
391 3110 553 3163 similiterd.
563 3109 645 3161 littera
658 3097 781 3163 lminatur
798 3112 830 3165 su
848 3114 876 3164 tt
893 3072 968 3181 grecie
985 3130 1037 3165 uox
1059 3113 1101 3163 .d.
1124 3099 1179 3163 litia
1191 3098 1290 3162 lminar

268 3212 332 3263 pene
344 3197 449 3271 uocibus
459 3197 542 3249 uocali
552 3198 634 3249 littera
642 3200 719 3250 finitis
731 3201 868 3268 adiungere
880 3210 966 3264 atquo
976 3201 1040 3258 tede
1052 3199 1087 3250 .1ι.
1097 3210 1166 3251 noct.
1177 3236 1183 3250 .
1195 3236 1200 3249 .
1212 3237 1219 3248 .
1230 3236 1236 3250 .
1247 3236 1253 3248 .
1265 3237 1271 3250 .
1282 3199 1374 3249 ,livisci
1387 3202 1426 3251 to·

267 3286 335 3336 toras
359 3300 380 3334 s.
407 3293 430 3334 et
448 3299 495 3350 per
514 3293 549 3335 .t.
572 3287 651 3337 scribi
670 3302 748 3338 sonus
766 3289 837 3339 uocis
855 3287 964 3337 admittit
984 3302 1000 3336 :·

300 3422 338 3473 De
364 3421 462 3490 gradib:
494 3424 690 3489 comparationis
720 3425 775 3477 elue
809 3383 960 3490 adulationis

131 3561 157 3612 Ν
164 3568 182 3612 u
193 3567 227 3620 tt,
239 3570 249 3610 t
268 3562 489 3631 Comparationum

198 3725 215 3776 8
231 3726 380 3776 terminatur
395 3725 502 3790 *caepit
519 3725 612 3788 quibus
629 3741 684 3776 moe
703 3732 756 3776 erat
775 3724 792 3775 d
810 3723 892 3774 littera
911 3710 928 3776 η’
942 3738 1007 3792 pene
1021 3741 1043 3775 ω
1129 3726 1159 3776 11
1180 3739 1228 3788 quo
1246 3733 1270 3774 te
1288 3724 1337 3775 lroc
1357 3741 1419 3777 noc-

130 3796 162 3845 tis
180 3795 264 3847 dicam
281 3795 408 3862 proficisci
425 3811 447 3845 ω

127 3970 329 4035 qnandoquidem
345 3975 374 4021 ut
391 3958 523 4020 Fabriciis-r
553 3969 599 4018 sed
623 3970 762 4034 posteriore
783 3975 857 4018 acuta
878 3967 995 4031 qnoniam
1021 3966 1062 4017 uel
1086 3967 1291 4031 quandoquidem
1309 3977 1338 4017 ut
1355 3969 1419 4020 Put-

127 4040 217 4093 rcliua.
254 4040 379 4105 siquidem
400 4042 426 4088 in
452 4039 604 4103 explicando
630 4055 652 4089 o.
680 4039 780 4102 qatando
806 4040 960 4102 interpretes
990 4038 1098 4102 Verpitii
1117 4053 1212 4101 ponere
1237 4047 1420 4089 commemor

197 4110 209 4160 1
229 4106 370 4177 Vergilius]
386 4108 453 4159 Aea.
464 4102 560 4160 111384
634 4108 650 4160 3
668 4118 695 4157 ιιι
713 4110 863 4172 quandoque
882 4110 907 4157 id
925 4107 1001 4157 faciet
1019 4108 1129 4158 laturum
1144 4118 1244 4173 tempus
1262 4111 1417 4174 ostenditp:

129 4191 156 4235 ut
173 4189 234 4246 puta
251 4180 352 4243 quaudo
369 4198 382 4230 a
400 4178 451 4229 Sed
470 4193 507 4228 or:
532 4188 561 4228 ut
579 4187 639 4244 puta
655 4180 755 4241 quando
787 4179 889 4229 additur
906 4177 958 4228 lere
978 4178 1103 4243 particula
1121 4180 1152 4229 si.
1171 4176 1309 4244 Virgilius,
1326 4180 1419 4229 Ineunt

129 4251 269 4315 siquando
286 4249 385 4317 praelia
401 4247 498 4299 Parthi.
517 4248 593 4309 Item,
612 4246 640 4297 Si
660 4215 872 4311 qirandbtethum
888 4246 1035 4298 ltnrriticum
1053 4248 1185 4298 Fabricius
1270 4247 1287 4297 u
1306 4246 1419 4299 litterata

129 4322 224 4371 inmuta
240 4321 331 4370 mutari
348 4332 398 4368 non
417 4319 518 4384 patitur.
546 4316 664 4368 similiter
681 4328 720 4368 sat
734 4334 781 4384 pro
798 4319 893 4381 satisp
920 4318 1028 4368 litteram
1046 4326 1130 4368 tamen
1149 4320 1281 4367 immutare
1301 4332 1353 4368 non
1372 4335 1419 4369 ua·

129 4390 240 4450 luerunt,
261 4389 340 4440 ueluti
358 4395 397 4440 sat
415 4388 542 4455 prosatio
561 4387 709 4439 Fabricius:
728 4391 860 4438 immutare
878 4395 948 4438 aetas
966 4396 1052 4438 nostra
1072 4387 1160 4445 noluit,
1177 4395 1284 4450 quaeat
1301 4398 1341 4438 sat
1357 4405 1418 4440 oon-

128 4463 187 4511 iecit
203 4460 388 4510 Lindenronatca
405 4460 469 4510 corat.
486 4455 557 4507 Mar.
579 4459 678 4510 Victor.
694 4473 723 4521 p.
743 4458 811 4509 2458
895 4458 910 4507 7
928 4459 965 4506 ita
981 4458 1027 4507 sed
1044 4472 1091 4522 pro
1109 4458 1199 4507 sedum
1215 4456 1348 4508 Putacltiua

127 4530 145 4579 8
168 4521 202 4580 oi
224 4531 292 4579 euim
311 4530 431 4580 Haadiae
452 4527 560 4577 Tarraell.
580 4530 602 4578 ll
618 4542 645 4589 p.
663 4528 694 4578 15
719 4536 763 4578 ant
784 4528 851 4577 enirn
874 4543 896 4576 ω
924 4516 993 4576 οὐδὲ
1010 4529 1077 4576 enim
1093 4527 1237 4576 Fabricios:
1268 4527 1320 4576 hau
1338 4529 1418 4590 enim,

129 4600 224 4649 tiraeca
246 4615 298 4649 vox
317 4589 352 4648 oti
369 4596 519 4649 llitecltelias
533 4600 600 4661 prot.
619 4600 645 4647 ia
664 4598 750 4647 Plaut-
773 4596 844 4647 Tria.
860 4613 887 4660 p.
904 4595 944 4645 Cl.
963 4597 998 4660 cs.
1021 4594 1092 4646 Mur.
1117 4598 1214 4646 Victor.
1230 4612 1257 4659 p.
1278 4598 1348 4650 2462

127 4669 291 4719 ittermiuari
307 4668 376 4734 apud
395 4670 513 4732 antiquos
536 4667 670 4717 Porcellus
754 4665 862 4716 litteram
886 4666 1004 4717 omuibus
1031 4666 1161 4715 Putrclo'ua
1249 4666 1277 4717 11
1303 4683 1354 4729 quo
1375 4669 1418 4717 ted

131 4736 274 4788 monem.-
285 4739 371 4790 Ptaat.
385 4740 457 4790 Gur-c.
473 4740 483 4788 1
497 4738 521 4797 l,
535 4738 547 4787 1
603 4736 635 4787 14
646 4736 865 4801 Comparationum
874 4762 909 4773 -
921 4735 979 4797 tlt,
991 4735 1026 4786 ‘29
1036 4737 1115 4786 eutius
1128 4752 1185 4785 exc.
1195 4735 1257 4787 Boi.
1268 4751 1296 4799 p.
1305 4735 1417 4803 tooeqq.

199 4805 231 4856 to
250 4807 409 4858 declinantur
423 4808 448 4858 B
468 4806 610 4859 declinatur
627 4806 653 4856 tt
