3114 5356
680 354 887 418 PRAEFATIO
978 343 986 359 ⁶
1366 390 1432 432 xmu

213 529 252 594 In
275 551 382 616 parva
404 542 495 618 parte
514 533 621 620 operis
640 557 720 599 usus
744 560 816 601 sum
848 541 987 606 codice
1016 543 1231 628 Leidensi,
1261 551 1316 634 qui
1346 551 1431 615 inter

135 632 310 695 Vossiauos
333 631 457 697 formae
476 635 610 699 minoris
631 646 683 700 est
708 639 890 704 tricesimus
913 645 1080 730 septimus.
1125 649 1160 710 in
1187 670 1225 712 eo
1248 649 1334 712 enim
1355 661 1430 736 post

134 734 400 797 commentarium
423 734 529 819 Sergii
551 736 590 800 de
611 734 728 802 litteris
751 749 784 803 et
805 741 944 827 syllabis
967 753 1080 822 (littera
1103 753 1185 813 dicto
1211 758 1429 829 0010000170-

131 843 225 912 or'tera
246 871 291 882 —
313 855 402 897 orma
425 843 580 916 uirumque
606 860 683 902 cano
710 848 804 906 troiae
829 843 915 907 anal.
945 869 1081 930 gramm.
1111 874 1142 937 p.
1169 853 1350 916 tra-488
1375 852 1426 917 ed.

134 935 245 1017 Vind.)
268 945 303 999 et
324 935 457 1001 brevem
485 936 527 1001 dc
549 937 740 1004 soloecismo
762 943 1014 1031 disputationem
1043 951 1106 1015 duo
1134 953 1358 1033 commentarii
1387 953 1427 1017 de
1515 937 1522 954 ⁸

132 1042 231 1124 tropis
251 1047 286 1101 et
307 1037 348 1102 de
370 1037 593 1124 metaplasmis
614 1039 769 1125 leguntur
787 1043 811 1107 f.
835 1048 970 1130 38-41,
994 1051 1050 1134 qui
1073 1051 1119 1114 ita
1140 1073 1214 1115 cum
1229 1051 1269 1114 iis
1284 1073 1369 1137 quae
1386 1053 1427 1116 de

130 1139 242 1220 eodem
264 1147 458 1224 argumento
479 1139 514 1202 in
536 1139 678 1206 Charisii
701 1142 785 1209 libro
803 1157 919 1232 quarto
947 1151 1068 1235 scripta
1093 1160 1169 1214 sunt
1188 1176 1221 1239 p.
1245 1155 1426 1235 ata-279,

131 1243 165 1301 rt
191 1242 410 1323 consentiunt,
435 1249 481 1321 ut,
505 1244 655 1326 quamvis
677 1265 797 1330 magua
820 1253 863 1311 sit
884 1250 1079 1335 scriptorum
1101 1252 1142 1316 de
1163 1253 1225 1317 hoc
1246 1254 1317 1318 loco
1340 1255 1426 1317 simi·

129 1341 241 1426 litndo,
266 1353 377 1406 tamen
398 1363 440 1405 ex
465 1342 516 1406 his
536 1345 741 1430 potissimum
762 1351 909 1434 excerpti
931 1372 1003 1416 esse
1032 1355 1216 1420 videantur.
1260 1355 1370 1439 itaque
1392 1356 1425 1418 in

128 1443 193 1507 illis
213 1443 410 1508 Leidensem
439 1444 584 1508 codicem
604 1445 647 1510 ad
670 1448 928 1515 emendationem
949 1453 1084 1519 adhibui
1111 1466 1145 1521 et
1173 1456 1425 1541 discrepantiam

128 1547 319 1632 scripturae,
343 1567 428 1632 quae
450 1546 582 1632 quidem
605 1547 706 1632 digna
727 1553 883 1616 memoria
910 1553 1100 1642 videbatur,
1123 1557 1289 1623 adnotavi.
1333 1578 1425 1642 prae-

127 1655 216 1710 terea
238 1645 401 1731 quaedam
423 1647 604 1732 scripturas
626 1650 853 1738 supplementa
875 1654 956 1719 mibi
975 1657 1196 1743 praebuerunt
1227 1666 1427 1745 excerpta

127 1745 474 1833 orthographica,
506 1769 546 1812 ea
576 1771 659 1836 quae
685 1751 797 1817 Bedae
829 1756 959 1820 nomine
992 1759 1152 1847 inscripta
1187 1760 1361 1824 Putschius
1392 1783 1424 1846 p.
1471 1812 1477 1821 .

127 1853 209 1913 2775
232 1872 303 1936 sqq.
322 1847 437 1912 edidit.
481 1871 617 1935 quorum
640 1863 869 1938 excerptorum
887 1860 1031 1923 maxima
1042 1883 1118 1946 pars
1137 1864 1172 1926 in
1189 1861 1424 1925 consuetudine

126 1951 256 2015 infimae
278 1952 396 2014 aetatis
418 1960 451 2013 et
470 1971 534 2014 usu
553 1950 812 2019 Christianorum
832 1959 1025 2043 scriptorum
1044 1962 1240 2048 explicando
1256 1972 1423 2044 versatur;

127 2062 251 2117 restant
270 2062 381 2115 tamen
403 2050 513 2114 multis
536 2050 616 2116 locis
639 2055 793 2140 antiquae
811 2059 1004 2125 eruditionis
1019 2062 1187 2149 reliquiae,
1211 2085 1296 2149 quae
1311 2084 1423 2127 omnes

127 2155 194 2219 fere
217 2152 379 2233 Charisio,
402 2173 525 2238 paucae
545 2153 698 2219 Diomedi
720 2168 873 2243 acceptae
892 2159 1061 2226 debentur.
1105 2164 1140 2226 in
1159 2165 1199 2228 iis
1213 2173 1321 2229 autem
1339 2185 1423 2251 quae

127 2255 201 2319 inde
225 2254 388 2340 adscripsi
411 2251 538 2327 duobus
561 2275 641 2318 usus
662 2279 733 2320 sum
753 2257 930 2341 codicibus,
953 2260 1056 2326 altero
1078 2261 1229 2327 Parisino
1253 2267 1354 2345 5730,
1382 2264 1423 2327 (10

127 2379 189 2443 quo
219 2376 319 2443 snpra
341 2354 465 2418 dictum
496 2363 561 2438 est,
591 2355 692 2421 altero
714 2357 1001 2445 Montepessulano
1030 2361 1064 2425 H
1086 2365 1147 2428 306
1176 2365 1308 2431 saeculo
1336 2359 1433 2430 nono'

130 2581 188 2629 nulli
206 2580 377 2637 crediderunt,
397 2579 502 2628 alterum
519 2579 620 2628 alcuini
637 2580 754 2630 versibus
773 2581 805 2630 de
822 2582 973 2633 bibliotheca
992 2585 1144 2635 Eboracensi
1161 2588 1228 2652 apud
1242 2588 1422 2638 Galeumhist.

129 2667 187 2717 brit.
207 2666 301 2717 Saron.
321 2665 486 2731 hagio-Dan.
506 2666 592 2731 script.
614 2664 696 2718 Oxou.
713 2681 736 2716 a.
758 2666 822 2718 1691
843 2670 853 2718 1
871 2684 897 2734 p.
915 2670 966 2722 tao
983 2669 1130 2731 iudicatum,

392 2753 455 2802 artis
474 2753 654 2818 grammaticae
671 2753 710 2802 val
728 2754 788 2818 quid
808 2756 933 2821 scripsere
948 2755 1079 2822 magistri,

393 2839 453 2904 quid
469 2840 566 2889 Probus
587 2846 663 2902 atque
683 2840 762 2889 Focns
780 2841 894 2890 Donatus
910 2841 1088 2891 Priscianusre

391 2925 495 2977 Servius
515 2926 627 2976 Euticius
647 2926 783 2991 Pompeius
803 2926 993 2976 Comminianus

126 3016 169 3080 (cl.
189 3015 264 3066 Hertz
278 3013 361 3079 praei.
379 3012 457 3062 Prisc.
471 3028 498 3078 p.
518 3011 614 3076 Vllll);
634 3015 739 3063 alterum
758 3027 833 3077 quem
852 3012 877 3060 10
890 3013 1043 3062 monasterio
1061 3010 1206 3064 Gentulensi
1224 3014 1265 3078 (S.
1279 3013 1420 3064 llichieren

126 3103 248 3167 Pirardie)
266 3101 327 3151 olim
345 3099 426 3150 luisse
443 3107 559 3149 narratur
576 3099 601 3147 in
615 3096 733 3147 chronico
752 3096 897 3147 centulensi
912 3097 979 3147 edito
992 3112 1007 3146 a
1021 3097 1144 3149 Dacherio
1157 3101 1240 3166 spicil.
1255 3111 1303 3150 vet.
1323 3101 1420 3165 script,

127 3191 167 3252 qni
186 3190 211 3237 10
230 3187 325 3237 Galliac
342 3183 502 3235 bibliothecis
520 3173 672 3234 delituerunt
690 3183 729 3232 ed.
751 3197 809 3234 nov.
827 3182 907 3234 Paris.
928 3199 952 3233 a.
973 3182 1040 3235 172³
1059 3186 1081 3234 11
1105 3201 1130 3251 p.
1146 3186 1198 3238 310
1211 3203 1268 3250 sqq.
1295 3186 1329 3234 ibi
1352 3185 1420 3234 enim

127 3291 191 3326 anno
203 3274 252 3325 031
273 3272 299 3323 bi
314 3271 396 3321 luisse
414 3270 471 3320 libri
487 3270 614 3327 dicuntur,
634 3269 772 3329 ‘Donatus
788 3268 941 3333 Pompeius,
962 3269 1069 3343 Probus,
1088 3270 1120 3320 de
1138 3272 1246 3336 pedibus
1264 3281 1289 3320 et
1304 3270 1419 3335 sillabis,

127 3360 278 3415 Priscianus,
295 3357 502 3417 Comminianus,
522 3356 638 3415 Servius,
658 3354 804 3403 Victorinus
823 3353 927 3414 Marius,
946 3354 1090 3416 Diomedes,
1110 3356 1192 3407 Verus
1202 3358 1351 3423 Longinus,
1370 3357 1419 3405 Ta·

126 3448 217 3496 dnirus
235 3443 412 3508 (1110010001),
430 3441 527 3492 Tullius
546 3443 633 3492 Cicero
651 3439 848 3490 Rhetoricorunr
868 3440 923 3489 libri
948 3439 990 3494 ll’.
1028 3457 1180 3506 quamquam
1197 3443 1244 3494 hos
1261 3443 1362 3508 quidem
1384 3443 1419 3492 si·

127 3534 182 3597 quis
201 3530 284 3597 ipsius
299 3528 407 3580 Charisii
420 3528 519 3577 codices
536 3527 617 3578 luisse
633 3525 711 3586 malit,
731 3539 780 3575 uon
800 3525 881 3575 habeo
899 3527 968 3590 quod
992 3540 1128 3592 opponam.
1166 3537 1234 3578 certa
1259 3545 1299 3578 res
1322 3536 1360 3578 est
1386 3527 1419 3576 de

127 3620 167 3669 illo
182 3617 216 3667 de
239 3631 289 3680 quo
313 3615 373 3664 olim
393 3611 507 3662 fraudem
527 3613 589 3663 secit'
605 3611 750 3661 Goldastus.
788 3612 831 3674 qui
852 3626 908 3660 cum
928 3613 1052 3675 quaedam
1071 3613 1211 3663 cominiani
1233 3615 1334 3664 nomine
1357 3614 1419 3663 cita·

126 3704 202 3753 risset
220 3703 254 3752 ad
271 3703 401 3751 Paraenet.
420 3706 469 3748 ret.
489 3714 514 3764 p.
535 3698 578 3759 37,
593 3687 769 3749 ‘Gomiulanus
785 3706 859 3747 vetus
873 3700 1063 3764 grammaticus,
1079 3701 1177 3752 ordinis
1193 3701 1285 3750 deiude
1298 3700 1418 3764 deinceps

126 3798 175 3837 tnm
194 3794 252 3836 ante
272 3794 329 3850 post
347 3785 404 3844 sic'‚
423 3798 481 3834 eum
499 3785 592 3835 habere
618 3786 746 3850 integrum
770 3785 826 3833 eins
844 3785 1001 3849 grammatici
1019 3787 1132 3836 codicem
1150 3787 1221 3836 multi
1244 3786 1415 3839 crediderunt.

127 3875 150 3922 in
168 3873 260 3937 quibus
277 3871 325 3920 suit
340 3869 425 3919 Helias
442 3869 585 3931 Putsclrius,
604 3872 647 3935 qui
665 3886 689 3920 a.
711 3869 777 3922 1003
795 3871 827 3921 (10
846 3870 887 3920 1110
905 3871 991 3921 codice
1009 3871 1073 3921 haec
1098 3873 1131 3922 ad
1145 3872 1294 3923 Goldnstum
1317 3872 1419 3937 scripsit

125 3962 182 4022 (ris.
203 3959 265 4008 clar.
285 3964 310 4004 et
322 3955 388 4005 doct.
406 3955 439 4004 ad
456 3954 545 4006 hlelcb.
563 3955 712 4007 Goldastum
730 3958 804 4024 epist.
841 3972 874 4006 ex
892 3957 1043 4008 bibliotheca
1061 3957 1205 4009 Thialemari
1224 3958 1381 4009 francofurti
1394 3965 1418 4006 et

125 4045 211 4111 Spirae
223 4059 248 4092 a.
270 4041 335 4092 1688
347 4057 374 4106 p.
394 4042 466 4106 101),
477 4036 556 4092 ‘nunc
575 4053 674 4092 tuarum
694 4043 848 4094 desiderium
867 4045 909 4093 rix
927 4042 992 4104 iero,
1012 4045 1047 4093 ita
1063 4060 1102 4094 me
1117 4046 1142 4094 in
1155 4060 1227 4111 spem
1241 4044 1329 4094 locasti
1343 4043 1418 4093 Gom-

124 4130 224 4181 miniani
243 4138 268 4177 et
286 4125 433 4190 Eutyclretis
462 4153 495 4163 -
514 4129 613 4178 iuterim
630 4142 693 4195 rogo
712 4136 736 4178 te
753 4144 798 4195 per
814 4128 901 4178 Musas
920 4137 977 4179 tuas
992 4131 1095 4182 Clarias.
1113 4132 1162 4184 Du.
1187 4132 1342 4182 transmittas
1355 4129 1417 4179 illud

124 4232 186 4282 opus
200 4214 233 4264 ad
251 4229 291 4262 me
309 4213 391 4278 prima
409 4213 483 4261 etiarn
504 4215 654 4264 occasione’.
690 4223 788 4279 postes,
806 4229 863 4263 cum
884 4215 974 4265 librum
994 4230 1043 4266 nou
1066 4219 1215 4283 accepisset,
1239 4214 1313 4264 facilc
1336 4227 1367 4261 eo
1389 4228 1418 4262 se

123 4317 205 4350 carere
223 4314 302 4367 posse
323 4298 447 4346 intellexit
464 4299 545 4364 praes.
560 4300 586 4348 in
604 4315 712 4366 gratim.
733 4300 787 4349 Lat.
807 4308 888 4362 auct,
908 4301 1126 4353 ‘Comminiauum
1143 4318 1218 4366 quem
1235 4299 1356 4349 hactenus
1373 4313 1418 4357 es·

123 4389 218 4453 pectavi
237 4385 351 4436 nondum
367 4385 453 4449 accepi
471 4386 502 4434 ab
520 4385 572 4444 illo,
590 4386 634 4449 qui
656 4401 686 4436 se
716 4387 853 4435 missurum
876 4396 963 4438 sancta
984 4397 1122 4455 receperat.
1160 4389 1205 4438 sed
1229 4394 1318 4451 postea
1341 4383 1418 4432 ditlici

121 4474 185 4523 mala
205 4473 255 4523 flde
271 4470 384 4521 eundem
401 4471 426 4518 in
445 4471 573 4536 plerisque
589 4472 695 4531 versari,
714 4472 778 4521 adeo
796 4484 823 4523 ut
845 4482 931 4539 putem
957 4473 1018 4524 nihil
1043 4475 1112 4524 illum
1134 4474 1227 4523 habere
1250 4476 1351 4536 praeter
1375 4468 1419 4518 illa

122 4576 183 4624 quae
200 4560 270 4628 apud
290 4558 371 4610 clem.
392 4554 493 4606 Scotum
512 4557 646 4623 leguntur3
670 4559 735 4607 iuter
753 4574 818 4621 quae
836 4558 897 4608 nihil
917 4560 1018 4626 repperi
1036 4559 1103 4622 quod
1127 4573 1176 4608 uon
1202 4558 1228 4605 in
1246 4553 1360 4606 Charisia
1383 4554 1419 4603 le·

121 4663 214 4712 geram.
250 4628 479 4712 supersedebimus
498 4658 560 4708 ergo
583 4659 772 4708 supervacaneo
799 4644 904 4694 labore’.
941 4645 966 4693 ni
995 4645 1085 4693 mirum
1109 4645 1156 4693 iste
1175 4650 1340 4708 usurpaverat
1360 4644 1417 4692 Lei·

123 4734 222 4785 deusem
241 4733 370 4788 codicem,
386 4727 458 4776 cuius
477 4737 574 4794 partem
593 4745 648 4779 eam
663 4745 728 4793 quse
747 4730 886 4781 Cominiani
898 4737 1017 4795 excerpta
1034 4729 1144 4777 continet
1163 4727 1210 4792 (ex
1221 4728 1329 4780 dirersis
1349 4730 1416 4778 enim

120 4822 323 4871 membranarum
344 4814 476 4864 fasciculis
500 4815 591 4865 librum
614 4817 773 4882 conpositum
793 4832 850 4866 esse
868 4830 946 4881 supra
964 4810 1089 4876 diximus)
1117 4814 1177 4863 olim
1200 4811 1312 4863 Goldssti
1335 4813 1416 4866 luisse

119 4914 235 4960 tamm-
245 4906 317 4957 haec
336 4915 405 4966 quae
422 4901 448 4950 in
462 4901 555 4952 scheda
568 4903 731 4970 sexagesima
748 4904 830 4969 prims
841 4900 968 4966 adscripta
979 4906 1047 4959 saut,
1065 4903 1110 4950 ‘ex
1124 4899 1274 4953 bibliotheca
1283 4897 1416 4951 Goldssti’.
