3114 5356
100 265 105 273 ’
185 273 248 335 342
446 280 454 297 ·
745 270 928 333 btottnnts

184 402 259 536 doaz·
273 387 358 522 tiele
381 465 478 519 cetera
499 456 603 532 verba,
626 440 824 532 declinantur,
844 467 877 519 ut
896 457 987 539 pudet
1008 458 1138 538 paenitet
1155 467 1186 519 et
1207 459 1332 537 similia,
1365 462 1405 523 de
1424 467 1483 542 qui

183 564 240 626 bus
260 564 291 624 in
313 580 367 624 suo
389 562 455 621 loeo
476 558 592 639 plenius
613 559 810 640 exposuimus.

663 787 701 828 nn
723 786 903 829 Pbll'l'lClPIALl
923 786 1002 829 nouo

269 903 460 983 Participialis
489 904 643 965 verborum
669 903 776 965 modus
804 913 850 966 est
880 905 964 967 curius
992 905 1097 978 rerba,
1132 903 1210 983 qnod
1236 883 1296 965 sint
1324 904 1481 988 participiis

185 1005 306 1079 similia,
328 1005 520 1087 participialia
541 1006 692 1079 dicuntur,
712 1024 768 1065 nec
790 1013 888 1066 tamen
907 1006 1060 1086 partieipia
1076 1014 1159 1079 suut,
1180 1013 1213 1065 ut
1226 1004 1346 1084 legendi
1363 1006 1499 1086 legendos

183 1108 357 1187 legendum,
384 1106 492 1170 lectum
512 1108 598 1169 lectu.
642 1106 768 1167 dicimus
790 1106 867 1167 enim
891 1106 1007 1184 legendi
1029 1107 1157 1169 officinm
1178 1106 1249 1167 mibi
1272 1114 1338 1181 est,
1363 1107 1480 1187 legendo

185 1209 289 1283 didici,
317 1207 473 1287 legendum
496 1218 558 1282 est,
586 1208 665 1269 lectu
683 1207 798 1288 prolicit
820 1216 849 1267 et
869 1206 978 1267 lectum
999 1207 1044 1278 at,-
1075 1207 1181 1286 quibus
1202 1206 1359 1288 participia
1380 1208 1480 1272 simiba

186 1318 269 1385 sunt,
290 1317 322 1369 ut
343 1309 430 1371 buius
452 1309 567 1387 legendi
590 1308 659 1369 hmo
681 1307 805 1387 legendo
826 1309 907 1369 bunc
927 1306 1084 1386 legendum
1106 1316 1136 1369 et
1156 1308 1236 1370 bunc
1254 1308 1377 1371 lectum.
1414 1310 1479 1372 baec

185 1409 289 1471 eadem
308 1417 377 1470 sunt
399 1427 474 1487 quae
495 1410 610 1472 Probus
634 1409 738 1488 supina
764 1408 891 1490 appellat
917 1409 1037 1484 merito,
1064 1410 1200 1489 quoniam
1223 1429 1279 1471 ner-
1299 1420 1416 1474 certum
1432 1412 1478 1472 ba-

185 1508 258 1571 bent
279 1517 395 1588 tempus
417 1529 472 1570 nec
494 1530 650 1572 numerum
671 1529 726 1570 nec
748 1529 904 1589 personam
936 1529 992 1572 uec
1021 1510 1230 1590 significatum,
1269 1529 1329 1589 quo
1358 1512 1421 1573 solo
1445 1512 1503 1572 abo
1549 1518 1551 1579 j

187 1608 422 1691 inpersonalibus
451 1612 597 1673 differunt
641 1631 708 1672 nam
738 1609 934 1691 inpersonalia
961 1612 1074 1691 agentis
1102 1620 1214 1673 tantum
1239 1610 1358 1681 babent⁴
1377 1613 1477 1691 signifi·

188 1721 301 1784 catum,
328 1719 360 1771 ut
379 1722 449 1791 puta
476 1713 583 1792 legitur
607 1713 759 1787 scribitur,
790 1713 848 1774 boc
875 1721 921 1774 est
944 1732 1047 1774 omnes
1072 1714 1187 1792 legunt,
1216 1732 1321 1775 omnes
1344 1713 1476 1775 scribunt

188 1834 255 1876 nam
277 1815 383 1893 legitur
405 1834 458 1894 pro
479 1833 583 1875 omines
605 1813 741 1892 leguntur
763 1833 849 1874 nemo
871 1815 951 1876 dixit
989 1815 1180 1896 participialia
1203 1823 1301 1875 autem
1325 1824 1357 1874 et
1375 1815 1477 1895 patiere

188 1916 225 1977 tis
247 1915 357 1976 babent
376 1914 580 1993 significatum.
626 1934 693 1976 nam
713 1934 780 1976 eum
800 1915 870 1977 dicit
891 1917 1034 1996 Vergilius

352 2014 515 2094 frigidus
538 2017 573 2077 in
595 2017 716 2098 pratis
739 2017 928 2078 cantando
950 2017 1137 2098 rumpitur
1159 2018 1308 2095 anguis,
1487 2027 1503 2064 ¹³

188 2118 360 2199 patientem,
397 2136 455 2178 non
490 2120 644 2180 facientem
676 2118 820 2192 ostendit;
857 2118 1003 2196 significat
1031 2118 1109 2180 enim
1137 2117 1207 2178 dum
1240 2118 1422 2183 incantatur:
1453 2128 1477 2179 ct

187 2220 359 2297 ‘uritque
390 2218 549 2280 videndo
582 2220 755 2293 terrrina’,
793 2238 851 2279 non
879 2218 948 2279 dum
978 2220 1071 2296 ridet,
1110 2221 1162 2282 sed
1185 2220 1255 2282 dum
1278 2222 1314 2283 ab
1338 2223 1403 2284 aliis
1421 2222 1476 2302 ipsa

188 2321 381 2401 conspicitur:
405 2319 482 2380 item.

355 2421 466 2482 lando
490 2422 643 2501 aliquod
667 2423 697 2484 si
718 2425 818 2485 torte
839 2432 922 2483 tuas
944 2424 1113 2503 pervenit
1136 2423 1178 2484 ad
1199 2443 1326 2500 aurem

190 2525 330 2605 predum
354 2523 461 2583 dieitur
480 2525 595 2600 passiva
615 2523 837 2603 significatione.
883 2524 967 2585 aliter
987 2525 1063 2585 enim
1086 2525 1196 2586 dictum
1224 2534 1270 2586 est
1299 2529 1404 2606 ‘quis
1431 2537 1505 2589 tadt

108 2624 115 2643 ¹
190 2626 239 2689 lia
265 2626 408 2697 lando’,
429 2623 520 2683 activa
542 2625 769 2703 significatorum
790 2624 861 2686 item
888 2626 1131 2688 ‘miserabile
1159 2626 1270 2699 visu’,
1299 2629 1379 2706 quod
1397 2629 1477 2708 signi·

189 2728 258 2787 licat
277 2723 459 2797 miserabile,
481 2724 551 2784 dum
571 2726 697 2800 videtum
722 2734 751 2785 et

793 2828 908 2888 linem
931 2830 1034 2890 dedit
1056 2849 1119 2890 ore
1140 2829 1339 2907 loquendi,

191 2925 270 3002 quod
292 2925 437 3001 signifieat
459 2929 547 2989 linern
569 2929 649 2989 dedit
671 2948 736 3001 ore,
758 2928 828 2989 dum
850 2929 994 3008 loquitur3
1018 2940 1048 2990 et

793 3030 896 3091 dictu
919 3032 1091 3093 mirabile
1113 3041 1337 3108 irrorrstrum,

193 3127 271 3205 qnod
298 3138 343 3188 est
371 3129 521 3206 mirabile,
551 3133 620 3194 dum
649 3131 764 3192 dicitnr.
809 3141 839 3192 et
865 3135 951 3196 buius
981 3133 1060 3195 modi
1081 3134 1237 3195 declinatio
1256 3143 1314 3196 tarn
1335 3157 1370 3197 ex
1396 3135 1480 3197 activa

183 3245 277 3306 vquam
301 3248 335 3289 ex
356 3232 470 3309 passiva
493 3232 703 3311 significatione
725 3234 864 3296 nascitur.

647 3457 684 3500 llll
708 3458 858 3508 QanmtTE
881 3457 1029 3500 innnonvn

277 3571 437 3642 Onalitates
461 3573 615 3636 verbornm
640 3575 801 3649 cumbae,
827 3575 960 3636 absoluta
982 3575 1042 3634 sive
1065 3577 1210 3655 perlecta,
1231 3576 1413 3652 inchoativa,
1435 3578 1482 3639 ite·

191 3671 281 3734 ratim
304 3673 364 3735 sire
387 3674 609 3750 trequentativa,
637 3677 816 3750 meditativa,
844 3676 1071 3755 transgressiva,
1101 3677 1257 3752 (lassatim,
1282 3680 1406 3760 supina,
1428 3694 1512 3739 aire-n

190 3772 287 3850 bigua.

597 3911 634 3953 bs
656 3913 796 3955 assotum
819 3913 966 3965 l'EllJtOlll'll
989 3915 1086 3957 SPEClE

180 4020 189 4038 '
275 4025 415 4087 Absoluta
437 4026 591 4087 verborum
614 4027 738 4106 qualitas
759 4035 804 4089 est
826 4047 901 4106 quae
923 4031 1013 4090 semel
1037 4031 1080 4091 rel
1104 4029 1236 4091 absolute
1260 4031 1370 4111 aliquid
1394 4035 1484 4096 lacere

192 4146 247 4188 nos
270 4127 394 4201 indicat,
417 4137 448 4189 ut
470 4129 551 4189 caleo
574 4148 660 4190 curro
684 4130 780 4189 terreo
801 4129 916 4191 horreo.

261 4346 454 4400 Branrrcrenm
472 4349 522 4397 AB
607 4353 624 4400 4
642 4350 798 4415 participalis
819 4354 843 4401 Α
926 4353 942 4403 5
961 4353 1126 4420 participialis
1144 4352 1320 4419 (participalis
1338 4356 1381 4419 Α)
1399 4356 1486 4405 dieitur

192 4416 278 4466 ΑΒΜ
344 4418 445 4468 dteetu
466 4418 499 4466 M
515 4417 579 4467 lecto
599 4421 650 4469 AB
727 4420 867 4485 7proleeit
885 4430 908 4469 et
927 4423 991 4472 lecto
1010 4423 1035 4471 B
1116 4424 1135 4472 it
1152 4440 1198 4474 ona
1218 4424 1302 4473 ΑΒΜ
1318 4435 1393 4481 estc
1471 4423 1485 4471 8

192 4482 240 4532 boc
258 4487 348 4536 lectum
368 4488 401 4537 M
486 4485 517 4535 13
535 4489 692 4554 participalia
707 4490 732 4537 A
822 4491 852 4539 lt
870 4489 1009 4556 Vergilius]
1028 4492 1108 4543 bucol.
1127 4492 1152 4552 8,
1172 4492 1203 4541 71
1295 4494 1327 4543 17
1345 4495 1427 4544 uritur
1445 4493 1483 4556 qui

192 4552 302 4604 uidendo
319 4556 438 4605 seminum
452 4556 484 4604 B.
508 4557 684 4622 Verppeorp.
704 4560 735 4607 lll
755 4558 806 4607 215
883 4559 914 4609 19
933 4559 1021 4625 turrido]
1045 4563 1200 4624 Velamen.
1222 4561 1294 4612 1181
1368 4564 1403 4613 at)
1419 4557 1483 4625 quis]

196 4621 273 4686 Verp.
297 4625 360 4675 Aen.
380 4627 400 4673 ll
420 4624 437 4673 6
506 4625 537 4674 ’21
560 4624 712 4690 numerabile]
736 4629 813 4693 Verp.
835 4629 898 4677 Aen.
919 4631 928 4679 l
949 4630 995 4678 ΙΙΙ
1074 4629 1108 4680 23
1124 4628 1211 4693 tlnem]
1235 4632 1313 4694 Verp.
1328 4633 1392 4681 Aen.
1408 4632 1440 4679 Vl
1454 4626 1483 4677 uo

260 4691 294 4741 25
312 4691 392 4756 dictu]
412 4695 490 4756 Verp.
510 4710 595 4758 peorp.
617 4695 730 4746 1111554
800 4698 833 4746 27
852 4699 964 4747 irascitur
983 4698 1034 4747 AB
1049 4699 1189 4747 dinoscitur
1206 4698 1239 4747 M
1307 4699 1341 4748 32
1362 4715 1394 4748 ns
1413 4711 1482 4749 asso·

192 4769 255 4806 cvra
275 4772 409 4809 rrusoarn
427 4775 513 4811 nescis·
532 4777 577 4812 om.
597 4764 682 4813 ΑΒΜ
718 4775 728 4793 ·
