3114 5356
504 312 636 375 lusttt.
660 313 769 374 ettad.
793 312 862 374 llll.
881 314 897 374 l
1297 310 1336 369 '27

200 460 208 474 .
1157 459 1163 471 .
1261 427 1285 470 t.

49 432 239 579 recl-lllline
259 521 314 582 per
332 502 370 564 tis
392 501 512 575 iaciunt,
535 500 613 561 rclut
632 500 728 560 Thoas
744 499 894 573 Thoantis,
915 498 997 578 gigas
1019 442 1154 580 gigantisl
1178 429 1249 561 ¹bulis
1268 520 1338 580 ergo

51 607 150 669 omnia
172 603 339 685 genetivum
359 601 482 680 fociant
497 621 558 681 per
581 602 637 678 tis,
663 602 742 662 boec
761 601 826 662 sola
848 600 1062 680 monosyllabo
1083 603 1191 664 diverse
1212 604 1338 664 cllerun-

53 722 118 783 tur‚
140 728 192 769 ras
213 706 311 781 uadis,
332 722 396 765 mas
414 705 514 780 maris,
537 724 570 767 as
591 705 676 767 assis.
717 702 912 764 inveniuntur
934 703 1001 763 olla
1022 705 1095 780 trio,
1117 704 1254 766 neutralia
1275 705 1339 784 qui·

53 813 120 872 dem
144 811 220 882 duo,
248 808 301 870 sed
327 808 557 881 indeclinabilia,
585 807 662 868 ucltrt
690 807 746 867 boc
772 805 817 866 fas
838 805 925 867 buius
952 808 996 868 sas
1016 814 1045 867 et
1065 807 1122 869 doc
1139 806 1228 885 nefas
1248 806 1339 867 buius

29 914 144 975 suetas.
189 907 283 989 nuga‘s
310 920 420 984 autem,
447 911 516 972 licet
541 907 745 970 indeclinabile
773 909 825 982 sit,
855 915 951 969 tamen
975 927 1127 971 commuue
1147 909 1230 971 trium
1250 927 1338 987 gene-

54 1033 118 1076 nrm
138 1020 194 1075 est.
238 1012 467 1072 cummanum
491 1012 539 1074 bic
560 1019 589 1072 ct
610 1011 682 1072 baec
702 1018 733 1070 et
753 1011 809 1071 boc
838 1028 940 1087 nugas.
984 1011 1111 1092 exempla
1140 1010 1338 1072 declinationis

55 1114 206 1177 masculini
229 1115 345 1192 generis
366 1114 398 1175 ia
418 1132 472 1190 aa,
495 1114 546 1174 bic
566 1111 733 1173 Maecenas
751 1111 838 1173 buius
856 1110 1031 1174 Maecenatis
1052 1113 1219 1190 etreliqua,
1241 1113 1338 1192 plura·

55 1217 119 1278 liter
146 1216 177 1278 bi
204 1216 388 1277 Maecenates
414 1216 613 1278 llaeceuatum
634 1221 663 1275 et
683 1218 797 1273 cetero.
837 1213 907 1274 item
927 1214 1056 1276 seminini
1078 1215 1189 1295 generis
1211 1214 1338 1293 singula-

56 1320 138 1393 riter,
157 1320 231 1381 baec
253 1318 378 1397 dignitas
400 1317 569 1395 etreliqua.
597 1315 738 1377 neutralia
759 1332 834 1391 quae
857 1314 1060 1391 incutiuntur,
1083 1317 1161 1379 sicul
1175 1336 1275 1396 supra
1289 1317 1336 1377 di·
1381 1334 1386 1339 ·

26 1423 175 1494 umus,
202 1419 258 1498 fos
285 1426 314 1480 et
341 1417 434 1496 nefas
457 1417 668 1481 indeclinabilia
697 1422 781 1490 suut,
809 1424 837 1476 et
865 1435 973 1495 nugas,
1010 1421 1086 1498 quod
1114 1428 1158 1480 est
1185 1438 1337 1480 commune

59 1524 142 1584 trium
165 1540 316 1601 generum.

135 1630 178 1686 Ax
196 1622 360 1686 masculina
380 1630 491 1685 tantum
515 1632 544 1685 et
566 1623 702 1685 feminina
721 1621 925 1697 inveniuntur,
948 1622 1088 1683 neutralia
1102 1623 1219 1703 propria
1239 1624 1337 1700 ucello,

57 1724 115 1785 uisi
140 1742 180 1785 eo
206 1743 288 1805 quoe
315 1742 356 1784 aa
382 1724 751 1796 commentatiunculam,
780 1721 857 1782 velut
885 1724 1060 1799 masculina,
1088 1724 1132 1784 bic
1153 1726 1221 1788 Aiax
1252 1727 1339 1789 huius

56 1827 164 1903 liacis3
185 1825 343 1900 feminina,
367 1826 439 1888 llaec
460 1828 506 1888 lan
526 1825 621 1908 balius
640 1825 729 1899 lacis,
750 1824 829 1885 boec
850 1843 918 1903 poa
937 1826 1028 1886 basiem
1048 1827 1151 1904 pucis;
1173 1816 1339 1892 communia

31 1946 137 2001 acero,
177 1928 226 1989 bic
257 1936 287 1988 et
320 1928 394 1989 baec
429 1938 458 1991 et
494 1931 552 1991 lroc
585 1929 686 1990 audax.
741 1928 792 1989 scd
831 1928 935 1989 hortun
973 1928 1165 1989 communium
1197 1931 1339 1993 ablativus

59 2028 220 2108 dupliciter
253 2026 394 2109 effertur,
431 2050 484 2111 per
515 2050 530 2091 e
569 2039 598 2092 et
624 2050 678 2111 per
707 2029 732 2105 i,
766 2030 844 2091 velut
875 2030 911 2091 ab
942 2030 999 2090 boc
1030 2032 1134 2092 audace
1166 2040 1195 2092 ct
1227 2034 1338 2094 audaci.

60 2133 184 2212 exempla
212 2129 414 2193 declinationis
441 2133 592 2195 masculini
618 2133 741 2213 yemis
762 2133 795 2192 in
817 2150 876 2205 aa,
905 2132 954 2193 bic
974 2132 1044 2194 Max
1067 2133 1158 2195 Aiacis
1180 2142 1210 2196 et
1232 2144 1338 2197 cetera.

61 2231 123 2293 item
150 2233 281 2294 feminini
314 2235 445 2311 generis,
481 2236 553 2297 haec
584 2237 630 2297 tax
663 2235 734 2297 lacis
766 2243 795 2296 ct
826 2234 937 2313 reliqua
969 2253 1065 2315 usque
1094 2234 1134 2296 ab
1167 2236 1228 2297 boc
1256 2237 1339 2316 face.

266 2396 391 2403 ..--———

63 2465 86 2515 sl

123 2539 184 2589 Item
203 2551 281 2605 greca
296 2540 312 2602 d
330 2541 476 2604 genetiuum
494 2554 541 2605 per
557 2499 610 2591 rol.
627 2541 662 2591 lat
668 2574 968 2594 ..................
997 2540 1058 2590 boas
1081 2541 1189 2595 thoantis

123 2627 199 2693 gigas
207 2624 320 2692 gigantis
331 2640 388 2676 cum
401 2640 461 2693 ergo
474 2627 558 2676 omuia
570 2628 673 2693 genetiu
678 2661 980 2679 ..................
1003 2627 1028 2679 la
1047 2643 1117 2680 ntouo

123 2712 225 2763 diuersa
245 2710 384 2762 altercantur
402 2728 447 2763 uas
462 2712 536 2762 uadis
554 2729 609 2763 ruas
628 2715 705 2764 uraris
742 2754 748 2769 .
766 2729 779 2762 s
796 2729 838 2765 ass

123 2798 247 2849 neutralia
274 2798 376 2861 quidem
402 2799 452 2849 duo
477 2800 523 2848 sed
549 2800 740 2851 indeclinabilia
761 2803 796 2850 iffi
820 2801 845 2850 b.
870 2800 910 2852 tas
941 2799 1017 2850 liuius

76 2884 91 2933 5
122 2885 196 2936 netas
218 2900 301 2951 nugas
326 2886 357 2933 W
382 2884 441 2935 licet
463 2886 643 2937 indeclinabile
666 2890 698 2938 sit
716 2891 742 2938 tri
758 2903 891 2939 commune
908 2887 1018 2953 triumg

122 2970 206 3022 hicet
221 2968 239 3019 lt
253 2980 278 3022 et
295 2971 345 3024 hoc
363 2988 453 3038 nugas.
479 2973 596 3040 exempla
614 2973 791 3026 declinationis
814 2973 947 3026 masculini
965 2989 1014 3042 geu

123 3057 200 3107 huius
228 3059 366 3123 mecenatis
391 3068 415 3108 et
440 3058 538 3122 reliqua
560 3059 607 3126 plr't
630 3060 657 3110 hi
685 3071 830 3130 mecenates
861 3070 1018 3127 macenatum

122 3144 184 3193 ltem
202 3142 264 3194 icmi
281 3147 347 3211 gene
364 3146 441 3210 singu
457 3143 475 3194 lt
490 3146 602 3212 dignitas
620 3155 644 3197 et
661 3149 766 3213 reliqua.
794 3147 922 3199 Neutralia
941 3148 955 3212 ἰ]
972 3150 1015 3198 inu

63 3246 91 3296 lu
123 3244 315 3297 indeclinabilia
331 3232 355 3299 st
370 3257 394 3298 et
412 3262 494 3313 nugas
510 3250 577 3311 quod
597 3253 611 3300 c
630 3265 762 3303 commune
780 3253 854 3300 trium
865 3288 871 3301 .
883 3285 889 3300 .
902 3266 933 3300 ue

123 3353 165 3399 Ax
182 3349 323 3400 masculina
341 3334 361 3401 tl
379 3362 403 3402 ct
421 3349 543 3401 feminina
562 3354 724 3405 inueniuntur
744 3354 867 3405 neutralia
886 3368 932 3419 pro

123 3440 159 3490 nu
186 3439 273 3489 masan
304 3436 347 3486 hic
372 3437 429 3486 aiax
455 3436 530 3488 liuius
554 3441 633 3490 aiacis
655 3440 776 3491 feminina
802 3441 865 3490 haec
891 3440 933 3490 lau

61 3528 88 3577 15
123 3524 271 3576 Communia
283 3539 344 3575 uero
353 3525 394 3574 hic
407 3532 431 3574 et
445 3523 499 3575 ltet
510 3524 534 3574 b.
552 3526 636 3577 audax
651 3528 697 3578 sed
710 3527 759 3579 hoi
773 3528 873 3577 commu
889 3527 931 3578 abl

122 3628 169 3679 per
178 3627 192 3661 e
201 3619 225 3660 et
234 3626 280 3676 per
290 3613 297 3660 i
306 3611 341 3662 uir
351 3610 383 3660 ab
392 3611 441 3662 boc
451 3612 547 3662 audace
557 3623 582 3662 et
593 3615 682 3664 aramei
693 3614 804 3679 exempl.
812 3613 930 3664 declinati

120 3698 164 3747 bic
187 3698 246 3747 aiax
268 3699 346 3747 aiacis
370 3709 396 3748 ct
418 3709 501 3749 cetera
516 3699 575 3748 itcrn
595 3698 710 3750 feminini
728 3704 792 3766 gene
810 3699 828 3749 lt
846 3699 891 3751 lux
909 3700 973 3751 tacis
991 3710 1015 3750 et
1087 3724 1089 3727 ·

126 3853 137 3902 l
164 3853 270 3903 latinum
294 3867 340 3918 per
364 3853 395 3901 tis
419 3851 522 3901 iaciunt.
542 3861 568 3902 ut
587 3853 658 3904 thoas
676 3870 697 3904 ω
784 3856 930 3920 lgenitiuo
952 3856 1049 3905 diuersa
1069 3871 1090 3905 ω
1177 3856 1193 3906 3
1220 3872 1247 3904 as
1266 3859 1342 3905 assis.

58 3922 184 3972 accuratis
201 3940 222 3972 tc
293 3921 405 3971 dlutius
422 3922 468 3972 las.
490 3923 560 3972 nelos
576 3940 597 3972 ω
667 3925 820 3990 bgeucrunr
837 3925 878 3974 bic
896 3942 916 3974 ω
986 3924 1008 3974 '7
1025 3927 1135 3990 generis,
1153 3925 1195 3975 bic
1211 3941 1344 3975 maurecenos

56 3992 130 4043 baius
151 4008 173 4042 ω
256 3992 273 4042 8
300 4001 471 4041 mucccnauuu
496 4002 520 4042 ct
541 4003 630 4043 cetera.
657 3997 717 4044 ltem
742 4010 763 4043 ω
843 3994 1006 4045 thcutralia
1024 3996 1212 4045 indeclinabilia
1236 4015 1257 4045 ω

60 4062 181 4114 ltltrinm
200 4077 331 4128 generum.
352 4063 393 4111 Ax
412 4077 433 4111 ω
505 4063 536 4112 12
553 4065 657 4129 propria
669 4074 711 4113 aut
724 4064 897 4115 masculinam
967 4066 1000 4115 14
1018 4065 1247 4123 tsx.hutustscis.
1267 4065 1341 4114 Coru-

57 4135 177 4182 muniam
258 4132 291 4182 15
309 4129 435 4180 ablatiuus
451 4147 497 4196 per
516 4147 530 4180 e
548 4147 569 4182 ω
649 4134 679 4184 17
705 4134 880 4185 declinationis
898 4136 1029 4185 masculini
1047 4135 1122 4186 bicm
1195 4133 1267 4185 1801
1285 4134 1343 4183 reli·

56 4218 110 4265 qua.
130 4203 193 4252 item
211 4218 232 4251 m

120 4409 131 4459 1
157 4423 216 4457 cum
234 4422 298 4473 ergo
316 4408 403 4457 omnia
420 4408 563 4472 genetiuum
583 4405 678 4456 iaciunt
695 4421 741 4471 per
758 4408 791 4458 tis
807 4407 870 4458 haec
893 4408 947 4458 sols
965 4407 1090 4471 disyllaba
1107 4407 1140 4457 B.
1169 4407 1341 4468 arcpnterueuto

55 4481 192 4542 ammae
212 4485 242 4528 ut
264 4482 291 4529 in
312 4476 358 4526 doc
382 4479 418 4526 ita
435 4479 461 4526 in
477 4476 634 4541 sequentibus
651 4477 762 4526 versibus
777 4479 922 4542 plerumque
935 4493 970 4527 ea:
988 4478 1012 4527 B
1028 4478 1104 4539 pettoi
1120 4483 1144 4523 et
1160 4489 1259 4523 nurroero
1275 4476 1341 4523 titte-

55 4564 133 4598 τω
149 4563 216 4615 quae
233 4550 260 4599 ia
280 4547 308 4596 Ν
323 4546 504 4597 interciderant
526 4546 723 4609 adconauoduct,
745 4549 914 4610 praecedente
935 4549 959 4596 in
983 4547 1127 4612 quibusdum
1144 4544 1274 4606 laludio,
1300 4547 1343 4609 qui

55 4619 133 4668 fide·
149 4618 280 4682 excerptis
300 4624 413 4667 usuam
481 4616 601 4667 tluetrtra
621 4630 669 4664 nou
687 4616 851 4666 inueniuntur
869 4618 918 4667 uisi
938 4617 980 4665 illa
999 4632 1063 4678 ‹lrrae
1079 4613 1266 4662 indeclinabilia
1282 4624 1361 4663 suut.

56 4688 89 4735 las
106 4688 220 4740 anetus
238 4688 278 4738 B:
310 4687 471 4735 inueniuntur
487 4687 553 4736 sicut
570 4701 648 4750 sopra
667 4685 778 4735 diximus
801 4685 840 4735 ias
861 4694 885 4736 ct
910 4686 981 4734 tuclus
1001 4683 1141 4734 l'utaclrius.
1171 4684 1195 4730 in
1212 4684 1297 4733 radice
1314 4691 1340 4734 et

55 4756 106 4808 hee
120 4767 145 4810 et
159 4773 228 4826 quare
244 4763 338 4820 posteo
353 4771 388 4805 ecc
404 4755 429 4806 B
446 4756 535 4805 addito
552 4763 625 4811 sunt,
645 4756 747 4820 propris
764 4755 835 4805 nulla
851 4784 882 4791 -
903 4757 1019 4811 veniunt,
1038 4754 1139 4803 (luorum
1157 4768 1270 4802 aereum
1283 4755 1339 4803 erci-

56 4836 86 4878 tru
101 4829 268 4896 occupabant,
289 4834 316 4876 ut
334 4827 401 4874 lours
418 4840 466 4875 nou
484 4826 549 4875 desit
565 4840 666 4875 numero
682 4827 822 4875 litterarum
