3114 5356
151 313 227 357 mu
697 293 905 354 PRAEFATIO

150 477 288 541 Latinos
308 475 489 560 pertinent,
511 481 586 560 post
605 483 740 539 mortem
761 476 831 538 eins
851 494 871 536 a
893 473 931 537 F.
953 473 994 538 G.
1016 476 1155 560 Ottone,
1185 478 1238 540 cui
1258 476 1314 542 ille
1335 499 1385 564 co]

150 600 226 643 suas
245 576 330 657 dopo
352 585 575 657 concesserat,
597 577 639 640 ad
660 599 711 639 me
733 576 886 640 tramissa
907 584 992 639 sunt.

235 677 367 740 Tertius
394 676 500 741 codex
529 686 579 740 est
606 676 868 741 Monacensis
887 677 966 763 (M),
995 679 1049 765 qui
1081 677 1159 742 olim
1186 676 1221 742 S.
1243 676 1385 741 Emmerr

150 779 400 844 Ratisbonensis
428 778 507 841 fuit:
536 779 580 842 cf.
602 777 683 842 bibl.
704 778 809 863 princ.
833 778 950 841 eccles.
973 787 1006 842 et
1028 787 1164 842 monast.
1188 779 1259 843 ord.
1284 777 1317 842 S.
1340 777 1385 842 Be

150 882 227 944 dict.
251 880 293 942 nd
309 878 342 941 S.
364 877 606 943 Emmeramum
628 877 663 940 II
684 900 715 963 p.
736 880 795 941 142
817 879 889 942 eod.
912 881 984 942 850.
1007 882 1035 942 is
1052 878 1225 942 Diomedis
1246 878 1349 943 libros
1371 901 1385 943 c

148 983 231 1044 tinet
255 979 384 1043 schedis
412 981 610 1067 perscriptos
639 977 788 1041 ducentis
818 989 850 1042 et
876 979 1014 1044 duabus.
1058 1001 1196 1066 quarum
1224 1001 1298 1042 cum
1327 979 1385 1043 ulti

147 1083 225 1146 olim
246 1081 376 1145 abscisa
398 1089 500 1163 esset,
521 1082 592 1144 eius
614 1080 685 1144 loco
702 1079 827 1143 inserta
849 1091 897 1145 est
919 1081 1000 1162 alia,
1024 1082 1056 1143 in
1080 1103 1145 1167 qua
1166 1083 1304 1146 extremi
1326 1104 1385 1146 ver

148 1186 225 1266 529,
256 1184 392 1247 20-28
416 1181 546 1245 saeculo
570 1189 684 1268 quarto
708 1180 834 1245 decimo
857 1181 909 1245 vel
931 1185 1045 1269 quinto
1069 1183 1194 1247 decimo
1218 1184 1332 1269 scripti
1356 1205 1385 1246 st

146 1290 253 1375 ipsum
269 1284 388 1348 librum
404 1285 482 1347 item
497 1293 535 1348 ut
553 1283 722 1347 Parisinos
742 1303 828 1346 nono
843 1282 973 1348 saeculo
990 1283 1146 1369 scriptum
1162 1300 1233 1347 esse
1248 1293 1338 1370 puto.
1369 1308 1385 1349 ι

147 1410 203 1454 sus
219 1387 255 1451 in
271 1406 479 1471 unaquaque
495 1386 618 1471 pagina
633 1382 733 1446 habet
746 1384 879 1447 vicenos
894 1392 926 1447 et
941 1385 1068 1470 quinos.
1100 1386 1134 1446 in
1149 1385 1260 1470 prisca
1280 1388 1385 1477 script

146 1482 250 1553 multa
273 1486 457 1550 'recentiore
485 1496 630 1572 tempore
658 1492 805 1549 correcta
834 1495 926 1567 sunt,
954 1506 1038 1572 quae
1067 1506 1173 1572 neque
1199 1505 1265 1549 uno
1294 1493 1384 1572 temp

146 1592 255 1656 omnia
276 1608 381 1673 neque
403 1584 446 1648 ab
469 1585 582 1649 eodem
605 1584 734 1648 homine
751 1586 874 1671 scripta
891 1606 963 1649 esse
983 1586 1135 1673 adparet,
1157 1588 1385 1673 quemquami

146 1693 227 1756 satis
249 1696 336 1752 certo
358 1708 508 1773 quaeque
537 1685 679 1751 discerni
703 1694 735 1749 et
758 1685 826 1748 suis
849 1687 1037 1751 auctoribus
1059 1686 1160 1751 tribui
1183 1696 1330 1773 possunt.
1375 1707 1385 1749 ι

145 1793 232 1856 enim
255 1809 358 1875 esque
380 1786 490 1873 paullo
512 1789 698 1875 antiquiora
720 1787 800 1850 satis
819 1796 972 1852 accurate
994 1789 1116 1874 scripta
1134 1797 1167 1852 et
1189 1790 1221 1851 iu
1243 1788 1385 1853 continui

144 1904 211 1957 tem
230 1890 406 1956 verborum
429 1887 531 1951 inlata
552 1898 643 1970 sunt,
674 1886 782 1952 deleta
804 1908 901 1985 saepp
924 1891 1032 1975 priore
1053 1891 1232 1977 scriptura,
1260 1891 1308 1954 its
1328 1898 1385 1953 tau

144 2002 180 2058 nt
202 1992 282 2080 quid
303 1990 379 2055 olim
407 1991 564 2075 scripturn
590 1990 689 2054 fuerit
711 1988 903 2076 plerumque
934 1992 1087 2075 cognosci
1109 1992 1226 2077 possit,
1255 1988 1323 2054 alia
1349 1989 1383 2054 fe

143 2103 260 2159 nantes
282 2093 405 2176 scripta
426 2103 459 2154 et
480 2093 515 2154 in
536 2091 740 2177 marginibus
758 2089 812 2154 vel
833 2090 919 2152 inter
937 2111 1052 2155 versus
1074 2093 1182 2179 positu
1203 2102 1289 2156 sunt.
1323 2113 1366 2155 ex

143 2193 293 2259 omnibus
308 2191 390 2257 nihil
405 2194 519 2279 quinto
538 2194 665 2258 decimo
681 2190 810 2256 saeculo
826 2191 992 2277 antiquins
1013 2214 1084 2255 esse
1099 2193 1244 2277 videtur,
1266 2215 1332 2258 non
1347 2215 1380 2257 m

143 2295 241 2358 etiam
259 2314 302 2356 ex
322 2291 419 2358 editis
439 2293 682 2378 exemplaribus
696 2291 800 2377 petita
814 2313 886 2355 esse
906 2300 996 2378 puto.
1042 2295 1075 2358 in
1091 2293 1286 2381 quibusdam
1303 2292 1379 2359 Ioan

142 2393 302 2460 Aventini
325 2415 457 2458 manum
477 2416 512 2458 se
535 2414 713 2478 agnoscere
736 2390 912 2477 adscripsit
931 2390 1099 2459 Docenus.

226 2495 288 2559 His
310 2494 415 2560 tribus
431 2496 600 2561 codicibus
618 2496 759 2557 maxime
778 2491 894 2557 similis
909 2504 959 2557 est
973 2505 1125 2580 quartus,
1147 2490 1249 2582 quem
1265 2517 1376 2559 unum·

142 2607 269 2681 tegrum
296 2597 429 2683 quidem
457 2596 629 2661 Diomedis
656 2596 802 2660 codicem
829 2595 901 2681 pari
929 2595 997 2659 fere
1025 2597 1219 2684 antiquitate
1242 2604 1338 2682 atque
1362 2598 1374 2660 i

142 2719 314 2786 superesse
336 2699 431 2779 novi,
454 2695 714 2761 Harleianus
737 2698 837 2779 2773,
861 2697 888 2759 si
909 2696 1005 2760 modo
1021 2719 1133 2761 omncs
1148 2695 1319 2761 Diomedis
1333 2695 1373 2763 lil

141 2822 179 2864 co
202 2797 315 2863 codice
341 2798 501 2862 contineri
524 2804 613 2860 recte
642 2800 827 2861 statuimus.
878 2807 928 2860 est
953 2805 1061 2860 autem
1087 2798 1121 2861 in
1152 2797 1260 2863 indice
1287 2798 1372 2865 codis

141 2896 392 2962 Harleianorum
414 2905 449 2973 (a
460 2896 631 2981 catalogue
654 2896 690 2960 of
710 2897 765 2961 the
777 2896 938 2961 Harleian
957 2898 1175 2985 manuscripts
1198 2921 1227 2963 a.
1254 2902 1370 2976 1808)1

140 3023 172 3085 p.
196 3002 254 3093 711
276 2999 324 3062 its
342 2997 507 3062 indicatus
527 2996 652 3062 ‘Servii
663 3000 869 3084 grammatici
884 2996 1130 3063 vocabularium
1149 2998 1368 3088 latino-grass

140 3139 181 3148 -
204 3100 376 3166 Diomedis
397 3100 612 3183 grammatica
644 3138 682 3146 —
710 3098 879 3164 Ciceronis
908 3100 1002 3184 epist.
1031 3098 1108 3165 libri
1129 3101 1214 3164 VIII
1241 3124 1326 3169 saec.
1350 3101 1367 3173 1

140 3201 253 3267 XIII'.
303 3202 344 3266 de
373 3222 410 3264 eo
437 3221 634 3287 quamquam
662 3202 744 3266 nihil
773 3210 961 3286 conpertum
989 3199 1093 3264 babeo
1120 3212 1250 3288 praeter
1275 3227 1365 3291 quast

140 3306 320 3390 scripturas
346 3324 389 3365 ex
415 3302 497 3367 libro
525 3304 622 3367 tertio
649 3311 835 3390 excerptas,
867 3322 948 3387 quas
971 3300 1181 3367 Gaisfordius
1207 3328 1240 3391 p.
1264 3305 1336 3370 XII

140 3403 307 3486 exhibuit,
331 3412 441 3467 tamen
464 3425 522 3487 eas
543 3405 632 3490 ipsas
652 3405 700 3467 ita
721 3424 795 3466 cum
816 3402 884 3467 illis
906 3400 1000 3466 libris
1021 3402 1195 3490 dequibus
1220 3405 1292 3472 dixi
1315 3417 1348 3473 et

139 3506 228 3569 xime
248 3520 331 3568 'cum
349 3503 517 3570 Puteanoo
543 3505 727 3570 consentire
757 3503 857 3570 video
882 3510 920 3566 ut
949 3502 1094 3568 dubitari
1123 3514 1263 3592 nequeat
1292 3509 1360 3594 quir

140 3605 253 3670 eadem
274 3605 385 3692 stirpe*
396 3607 501 3672 codex
520 3608 638 3672 ductus
659 3606 712 3670 sit.

224 3706 383 3787 Quintum
398 3709 565 3794 exemplar
587 3716 693 3773 aetate
709 3706 819 3794 paullo
835 3706 1016 3793 antiquius,
1038 3728 1159 3792 genere
1179 3728 1245 3771 non
1267 3708 1357 3775 diver

139 3807 218 3873 olim
239 3808 374 3884 extabat
394 3808 565 3894 Fuldae,
588 3832 651 3897 quo
674 3831 759 3876 nono
784 3808 915 3873 saeculo
936 3831 1016 3872 usus
1032 3817 1083 3873 est
1105 3807 1300 3873 Rabanus
1322 3809 1355 3875 M

138 3930 223 3991 rus,
250 3907 355 3974 abbas
385 3907 578 3993 Fuldensis,
608 3911 642 3974 in
669 3907 764 3973 libris
794 3909 922 3975 duobus
953 3932 1033 3996 quos
1062 3908 1102 3972 do
1123 3917 1193 3972 arte
1218 3930 1353 3993 gramme

138 4011 285 4097 scripsit,
307 4012 380 4096 qui,
409 4012 487 4098 quia
508 4013 598 4098 prior
617 4009 702 4074 liber
721 4007 791 4075 fere
809 4019 897 4075 totus
919 4033 961 4075 ex
978 4011 1146 4076 Prisciauo
1169 4009 1351 4096 descriptus

138 4113 173 4175 in
204 4109 393 4175 Coloniensi
425 4111 569 4177 editione
601 4132 736 4199 operum
768 4111 898 4176 Rabani
927 4134 957 4175 a.
994 4115 1073 4176 1627
1107 4109 1214 4191 lacta,
1252 4132 1317 4197 qua

135 4233 226 4296 sum,
247 4218 271 4275 t.
289 4211 307 4274 I
326 4233 357 4297 p.
380 4211 421 4274 28
448 4211 635 4301 ‘excerptio
654 4210 803 4277 Hrabani
825 4212 935 4277 Mauri
961 4212 1003 4276 de
1029 4219 1099 4274 arte
1127 4213 1343 4295 grammatica

137 4312 263 4377 sciani’·
278 4312 428 4399 inscripti
450 4322 536 4378 sunt.
580 4336 656 4379 nam
678 4322 771 4378 etex
799 4317 903 4402 prirno
924 4322 957 4377 et
980 4311 1123 4377 secundo
1153 4312 1237 4378 libro
1263 4313 1346 4382 Dion

135 4434 241 4499 pauca
262 4412 462 4479 Priscianeis
485 4416 681 4504 interposuit
703 4423 736 4480 et
757 4437 800 4480 ex
818 4414 916 4478 tertio
936 4435 975 4478 ea
997 4436 1082 4501 quae
1103 4413 1143 4478 de
1158 4415 1287 4499 poetice
1309 4438 1345 4481 sc

137 4524 213 4581 sunt
233 4520 312 4599 473,
342 4519 479 4581 15-20
509 4526 542 4581 et
571 4517 611 4580 de
638 4513 841 4604 poematibus
862 4515 943 4599 482,
970 4518 1144 4598 13-491,
1169 4517 1207 4579 19
1228 4514 1272 4579 ad
1294 4537 1343 4579 ver

136 4617 314 4700 expressit,
337 4638 358 4680 a
379 4616 499 4704 quibus
521 4616 577 4681 ille
598 4616 734 4683 secundi
756 4615 832 4681 libri
852 4618 983 4681 initium
1004 4617 1084 4683 fecit
1103 4639 1135 4701 p.
1155 4619 1212 4680 46:
1233 4615 1274 4679 de
1296 4615 1342 4681 rel

107 4714 224 4778 -dixit
250 4715 412 4784 Hertzius·
436 4718 540 4806 praef.
569 4717 731 4784 Priscian.
760 4740 793 4805 p.
822 4717 867 4782 X.
902 4718 1117 4804 septingentis
1146 4717 1215 4781 fere
1245 4738 1265 4779 a
1295 4717 1341 4781 Ra

136 4816 231 4879 annis
259 4815 458 4885 Fuldensem
485 4819 604 4886 librum
631 4820 778 4886 excussit
808 4818 1006 4883 Franciscus
1033 4816 1179 4900 Modius,
1210 4819 1305 4882 cuius
1333 4840 1339 4883 ι
