3114 5356
138 276 197 339 138
708 274 870 338 GllelSll

203 422 208 434 .
264 421 270 434 .
342 422 349 436 .
1245 423 1251 436 .
1309 392 1338 432 se
1352 391 1376 437 c.

186 392 341 541 ¹'llllaballqez’
366 464 402 526 ab
431 464 488 525 boc
508 463 609 525 Natale
633 482 687 544 per
705 482 737 538 e,
759 440 792 525 si
808 463 897 557 Qmo
920 463 971 539 sit;
998 463 1101 536 natali,
1124 463 1148 525 si
1168 393 1357 526 diespnblalis
1380 464 1426 528 sit.

219 568 336 644 Nobile,
364 567 390 630 si
416 568 504 629 bomo
531 576 665 643 vocetur,
690 564 815 628 ablativo
843 584 897 646 per
927 584 959 642 e;
988 565 1078 627 nobili
1100 565 1126 627 si
1149 584 1198 628 res
1224 562 1321 643 aliqua
1344 587 1428 648 prae-

37 678 42 688 '
135 671 256 734 dicetur.

30 776 33 782 '
220 772 318 834 Navali
345 790 399 853 per
424 772 433 833 i
459 771 599 849 ablativo,
624 790 685 835 non
707 771 794 834 etiarn
818 786 871 849 per
892 787 909 830 e
929 770 1053 849 prolerri
1076 770 1171 832 debet.
1214 769 1313 849 itaque
1333 770 1425 832 Varro

136 874 353 956 epistolicarum
375 873 578 953 quaestionum
599 873 674 935 libro
697 873 710 933 l
731 875 904 934 ‘corona'
926 873 1020 951 iuquit
1042 873 1210 947 ‘navali'‚
1237 873 1305 952 quia
1324 882 1355 935 et
1372 875 1453 935 lto-s

86 968 93 989 ⁸
135 977 206 1039 mini
229 984 259 1038 et
281 976 397 1056 negotio
419 975 512 1058 aptari
534 982 632 1056 potest
653 992 708 1035 nec
730 980 827 1036 tamen
848 975 879 1036 in
896 974 1047 1056 proprium
1061 975 1188 1037 bominis
1209 993 1318 1037 nomeu
1339 975 1427 1038 cadit

219 1078 350 1141 Nemiuis
371 1079 491 1141 Plautus
510 1077 541 1139 iu
563 1075 704 1156 Cautius,

301 1180 465 1242 neminis
482 1177 660 1241 misereri
682 1186 824 1240 certum
846 1187 911 1241 est.

219 1280 267 1343 Ns
300 1281 412 1344 litteris
444 1280 638 1343 nominativus
671 1279 826 1358 singularis
855 1281 879 1342 si
906 1280 1091 1355 terminetur,
1127 1278 1277 1359 genetivus
1303 1280 1427 1361 pluralis

136 1388 205 1448 bute
225 1404 274 1446 um
293 1385 303 1446 i
324 1384 447 1464 recipiat
466 1401 589 1444 necesse
611 1390 665 1444 est.
709 1382 807 1460 itaque
822 1381 924 1444 Cicero
941 1382 1062 1444 rationis
1084 1401 1196 1445 memor
1215 1381 1427 1462 parentium
1443 1406 1467 1446 ιι

136 1506 225 1568 saepe
243 1487 321 1548 dicit.
365 1484 423 1545 sed
447 1490 477 1545 et
498 1485 606 1546 Fronto
632 1504 687 1565 pro
714 1482 982 1545 Ptolemaeensibus
1010 1488 1226 1565 ‘parentum
1248 1491 1427 1562 tuorum’‚

136 1597 170 1650 ut
189 1589 230 1650 ait
246 1586 372 1663 Plinius;
399 1586 469 1648 alias
490 1593 641 1666 poemrum
662 1585 768 1658 vicem,
794 1585 844 1663 qui
864 1585 994 1664 regulam
1016 1588 1087 1649 satis
1109 1588 1243 1649 idoneam
1264 1586 1427 1668 sopierunt.

220 1690 323 1752 Nobile
338 1689 440 1752 Cicero
461 1688 498 1749 de
521 1688 584 1749 iure
605 1686 698 1762 civili,
717 1684 860 1766 ‘aliquo
882 1688 1100 1752 excellente
1120 1708 1160 1751 ac
1179 1686 1308 1750 nobile
1326 1689 1425 1750 viro’

136 1838 296 1856 ......
319 1791 348 1853 id
370 1789 457 1852 etiam
478 1789 571 1851 Plinio
592 1784 773 1851 conserente.
787 1783 803 1866 ss
1379 1790 1384 1798 “

131 1881 134 1887 ¹
172 1938 177 1948 .
219 1894 376 1956 Nobiliore.
421 1892 614 1974 comparativa
636 1891 746 1953 Plinius
765 1909 782 1951 e
800 1897 882 1971 putat
902 1890 1025 1953 ablativo
1046 1892 1140 1967 liniri3
1163 1892 1317 1972 antiquos·
1327 1902 1427 1956 tamen
1445 1915 1468 1958 ιι

135 1999 176 2060 ait
201 2015 254 2078 per
277 1996 287 2057 i
309 1995 439 2070 locutos,
468 1995 576 2075 quippe
603 1995 695 2056 fastos
719 2012 820 2056 omnes
845 2001 873 2055 et
895 1993 985 2057 bbros
1007 1998 1043 2054 ‘a
1068 1993 1198 2055 Fulvio
1219 1993 1426 2059 Nobiliori'

136 2100 278 2180 scripturn
300 2099 458 2193 retudisse.

222 2198 310 2261 Osse.
354 2201 553 2282 monosyllaba
577 2207 657 2261 extra
679 2197 831 2278 analogian
853 2218 919 2261 esse
941 2199 1052 2261 Plinius
1074 2197 1176 2258 eodem
1198 2196 1273 2258 libro
1294 2197 1330 2258 Vl
1353 2199 1428 2260 scri-

136 2304 180 2366 bit
199 2312 229 2366 et
250 2303 329 2365 addit
350 2323 386 2366 eo
407 2305 499 2385 magis
522 2301 763 2365 consuetudinem
785 2300 815 2362 in
838 2319 873 2362 eo
894 2320 961 2363 esse
981 2299 1176 2362 retinendam:
1205 2299 1330 2361 Titinius

467 2404 576 2466 velim
598 2424 665 2485 ego
686 2423 772 2466 osse
793 2421 902 2463 arare
925 2420 1091 2482 campum
1112 2397 1297 2483 cereum!
1440 2429 1467 2471 ω

137 2508 227 2572 Varro
255 2525 371 2588 quoque
393 2509 515 2569 ‘osse’
541 2505 636 2584 inquit
662 2505 932 2579 ‘scribebant’‚
962 2524 1021 2566 uon
1041 2525 1119 2567 osso.
1163 2522 1265 2565 ossum
1286 2504 1344 2565 dici
1366 2524 1426 2568 non

136 2621 249 2694 potest,
271 2611 406 2690 quoniam
428 2608 558 2670 neutrale
572 2627 679 2669 nomen
694 2607 899 2686 quodcumque
919 2605 1095 2669 nominativo
1117 2604 1255 2685 singulari
1276 2624 1307 2666 m
1328 2605 1427 2669 littera

140 2768 269 2778 ————-

137 2859 227 2913 l-lil
244 2860 269 2908 N

172 2946 237 2997 atale
255 2947 286 2996 ab
304 2945 353 2995 boc
368 2943 452 2994 natale
471 2957 516 3008 per
534 2959 548 2992 e
566 2943 588 2992 si
605 2942 680 2993 bomo
698 2944 732 2994 sit
748 2942 864 2995 netolici
883 2944 938 2994 dies
956 2945 1046 2994 natalis
1063 2945 1096 2994 sit
1112 2959 1129 2992 :-
1153 2944 1243 2996 Nobile
1260 2949 1284 2996 si
1303 2947 1337 2999 bb
1358 2965 1391 3000 no

189 3031 241 3081 usli
260 3047 306 3098 per
323 3031 332 3080 i
353 3030 412 3080 abts
427 3033 441 3079 b
459 3031 535 3080 etiam
555 3044 602 3096 per
619 3045 633 3079 e
651 3029 761 3095 proferri
781 3031 856 3082 debet
875 3032 935 3096 itaq,
956 3046 1030 3082 narro
1051 3032 1195 3098 epistolicar'
1213 3043 1296 3100 quest.
1316 3034 1361 3085 lib.
1381 3038 1391 3086 l
1459 3053 1471 3103 5

137 3117 235 3169 Corona
247 3118 328 3181 lnquit
336 3115 421 3166 nauali
432 3123 483 3181 oet
492 3115 588 3169 bomini
600 3123 625 3167 et
636 3118 739 3183 negotio
748 3120 830 3184 aptari
839 3123 899 3185 pote
915 3133 960 3170 nec
972 3121 998 3169 u'r
1006 3119 1031 3168 in
1041 3119 1147 3184 propriu
1156 3119 1266 3171 bominis
1283 3121 1316 3170 ᾗ
1332 3124 1426 3174 cadunt

694 3211 701 3238 l

38 3320 40 3324 ι
136 3255 250 3308 Neminie
269 3253 331 3321 pluit
355 3256 381 3304 iu
404 3255 514 3322 captiuis
533 3256 642 3306 neminis
662 3255 782 3324 mereritir
801 3257 815 3306 b
835 3271 852 3306 :·
868 3254 894 3325 sl
911 3257 1015 3306 rationis
1032 3271 1128 3306 memor
1145 3257 1262 3321 parentib
1282 3273 1347 3325 sepe
1364 3245 1391 3311 db

188 3342 345 3393 nominatius
359 3342 436 3410 siugir
452 3343 475 3392 si
495 3343 643 3393 terminetur
659 3333 724 3410 gene
741 3342 788 3409 plis
805 3350 863 3393 ente
879 3358 922 3392 nm
941 3343 949 3391 l
967 3336 1073 3410 recipiat
1088 3357 1193 3394 necesse
1207 3346 1221 3394 ἓ
1233 3343 1295 3410 itaq,
1308 3347 1391 3398 cicero
1444 3343 1471 3396 tu

189 3437 261 3480 ronto
273 3444 319 3496 pro
329 3428 508 3498 ptolemensib,
518 3437 650 3498 pareutum
662 3438 761 3479 tuorum
773 3437 799 3478 ut
810 3429 845 3479 ait
854 3428 949 3494 plinius
961 3428 1025 3480 alias
1036 3433 1127 3496 poetri
1139 3432 1219 3482 uicem
1231 3420 1247 3501 ι’]
1261 3435 1351 3500 reguli
1362 3436 1426 3486 satis

206 3517 288 3568 cicero
314 3517 347 3568 de
375 3519 429 3569 iure
459 3516 530 3568 ciuili
558 3516 644 3580 aliquo
667 3515 807 3567 excellente
835 3529 865 3563 sc
896 3513 981 3564 nobile
1007 3516 1062 3566 uiro
1142 3517 1277 3579 'idoneam
1295 3522 1427 3585 sopierunt

205 3604 231 3654 id
254 3605 330 3654 etiem
353 3604 432 3669 plinio
456 3612 603 3655 conserente
624 3619 640 3653 :·
674 3602 802 3654 Nobiliore
824 3603 996 3667 comparatius
1016 3603 1110 3669 plinius
1128 3622 1142 3656 e
1159 3616 1231 3672 potet
1248 3609 1306 3661 sbli
1322 3611 1390 3660 flniri
1443 3618 1471 3672 15

205 3693 246 3740 stit
256 3691 292 3741 sit
303 3706 349 3757 per
366 3692 374 3740 i
394 3690 491 3741 locutos
502 3691 597 3756 qnippe
610 3689 690 3741 lutus
705 3704 791 3741 omnes
802 3696 827 3739 et
842 3687 921 3740 libros
934 3704 948 3738 s
963 3688 1044 3741 luluio
1057 3691 1176 3743 nobiliori
1194 3696 1289 3762 scripta
1302 3696 1390 3747 retulis

205 3777 346 3842 Monosglli
362 3784 434 3826 extra
451 3774 585 3842 analogian
602 3774 631 3828 e‘e
646 3777 741 3843 plinius
755 3776 845 3826 eodem
859 3776 923 3827 libro
943 3779 997 3831 .Vl.
1015 3777 1102 3828 scribit
1118 3789 1141 3830 et
1153 3780 1224 3831 addit
1240 3795 1270 3831 eo
1289 3797 1330 3832 ma
1351 3789 1390 3849 [se

136 3867 177 3933 gis

207 4001 328 4053 lNatale
345 4018 366 4050 ω
448 4000 569 4052 thuali
584 4019 605 4052 ω
687 4002 866 4053 8mereritum
884 4018 954 4054 corr.
973 4005 1122 4069 miseritum,
1142 4013 1170 4056 ut
1187 4005 1320 4057 uidebatur
1392 4007 1422 4058 ll

136 4074 206 4125 dicit.
227 4073 317 4123 Fronto
336 4089 357 4123 ω
428 4070 461 4123 13
479 4070 576 4124 Nobile.
595 4072 682 4123 Cicero
698 4086 719 4121 ω
791 4072 823 4123 18
842 4073 875 4122 Os
892 4075 1066 4140 monosyllaba
1084 4092 1105 4126 ω

206 4313 266 4362 *lin
285 4306 407 4378 Captivis]
425 4308 458 4358 lll
477 4308 502 4367 5,
524 4305 573 4357 loc
648 4307 795 4358 Bmisereri
812 4314 962 4358 certum-est
978 4327 999 4361 ω
1074 4310 1159 4377 9Ns]
1177 4313 1212 4376 cs.
1229 4313 1329 4366 Oducia.
1344 4331 1371 4379 ρ.
1391 4315 1426 4367 98

136 4399 160 4437 v.
179 4398 266 4433 mna
337 4381 369 4431 14
388 4385 516 4430 asserente
529 4377 661 4428 Fabricius
730 4379 762 4430 15
777 4376 905 4445 antiquos]
925 4379 1025 4432 Caelius
1043 4381 1185 4434 Fabricius.
1208 4386 1241 4435 de
1256 4384 1330 4436 lardo
1344 4389 1426 4437 Grac·

135 4453 213 4504 abana
229 4454 285 4502 oiim
301 4448 426 4518 cogitabat
443 4449 563 4498 Hortalus
581 4449 613 4497 de
630 4448 697 4500 biae.
712 4464 744 4513 p.
761 4445 808 4498 101
831 4456 969 4510 praeeram
986 4450 1113 4502 Merkelio
1133 4455 1210 4516 proli.
1228 4458 1254 4505 iu
1273 4454 1343 4506 Onici.
1359 4457 1426 4522 fast.

133 4541 163 4589 p.
182 4521 274 4573 LXXV
362 4519 395 4571 lb
416 4518 511 4568 locutos
526 4532 547 4566 ω
577 4516 719 4583 publicatos
736 4517 869 4568 Fabricius
899 4527 1027 4571 ...tamen
1051 4522 1086 4571 sit
1109 4538 1154 4588 per
1173 4525 1182 4573 i
1201 4523 1296 4575 locatos
1316 4525 1347 4576 ab
1366 4524 1425 4592 ipso

136 4593 217 4644 intas
243 4600 267 4642 et
288 4606 376 4671 omnes
394 4588 473 4640 libros
490 4602 506 4637 a
524 4587 613 4638 Fulvio
634 4587 757 4638 Nobiliori
779 4587 889 4653 scriptos
913 4589 1017 4641 etnlisse
1039 4592 1145 4642 comedi
1160 4592 1335 4647 bionuuseaius
1356 4605 1426 4647 nunt.

135 4664 221 4713 societ.
238 4661 304 4711 Sua.
324 4677 350 4713 a.
372 4659 439 4710 1854
453 4673 479 4721 ρ.
501 4657 550 4708 157
565 4659 652 4709 omisso
667 4660 692 4707 in
710 4661 815 4720 lacuna,
834 4665 862 4707 ut
885 4660 1058 4722 existimabat,
1081 4663 1174 4712 nomine
1189 4668 1360 4730 grammatici,
1385 4668 1428 4732 qui

134 4732 218 4795 [arms
234 4748 251 4782 a
270 4730 356 4781 Fulvio
374 4728 498 4779 Nobiliori
513 4729 538 4777 ia
555 4729 620 4779 aede
633 4728 751 4780 Heredis
769 4728 902 4779 Masona
914 4733 1012 4793 pardos
1036 4729 1171 4795 (Macrob.
1190 4743 1240 4785 sat.
1260 4736 1270 4785 l
1290 4734 1343 4801 12)
1364 4739 1428 4787 cita·

137 4807 179 4850 ret
248 4799 280 4851 18
298 4797 371 4864 Osse]
392 4798 490 4850 Oloris.
505 4812 533 4861 p.
549 4796 584 4848 40
