3114 5356
92 278 97 289 “
139 268 202 332 238
416 284 422 293 ·
703 270 865 335 cuttttsrr

67 380 72 387 ·
189 386 276 441 pare.
291 385 353 431 ur.
1215 399 1239 442 ρ.
1255 384 1379 431 ιιιιιι.

223 456 458 537 Praepositiones
482 456 627 519 interdum
651 457 768 519 ultimus
795 457 907 519 litteras
936 457 1081 518 inmutant
1113 466 1143 518 et
1175 459 1342 520 innatorum
1375 460 1427 523 sibi

139 558 294 622 verborum
326 559 435 638 primas
466 559 639 635 adsumunt,
671 559 751 621 relut
778 579 795 621 a
822 579 876 641 pro
904 559 958 636 ab,
988 567 1021 620 ut
1047 560 1143 620 arolrit
1175 567 1204 621 ut
1233 561 1428 639 ‘aquilone

139 660 335 742 proeella',
357 679 410 741 pro
432 660 468 722 ab
491 661 640 742 aquilone,
662 681 716 742 per
736 663 932 743 synalipham,
951 679 1007 723 neo
1029 661 1133 722 mirum
1157 681 1224 722 ctrm
1246 662 1321 724 inira
1342 665 1426 728 etiam

138 760 337 844 subaudialtur
355 762 505 825 soluturus
523 784 577 845 pro
597 764 792 827 absoluturus.
837 783 853 825 a
875 783 929 844 pro
947 764 999 837 ad,
1026 763 1149 824 Titinius
1173 764 1201 824 in
1222 764 1325 828 barato

301 864 406 945 prius
428 884 531 945 quarn
553 885 643 928 auro
666 866 836 947 privatae
855 883 1138 947 purpuramque
1164 876 1272 946 aptae
1300 870 1450 932 sinuas

138 986 205 1029 nam
233 973 263 1026 et
288 985 359 1046 apes
386 966 469 1045 quasi
495 976 580 1048 aptae
607 977 691 1042 sunt,
723 968 802 1048 qnod
825 967 948 1031 invicem
976 967 1157 1045 colligantur.
1201 967 1281 1028 Maro
1314 972 1429 1050 georgi·

138 1089 193 1131 eon
215 1069 255 1130 lll

1068 1166 1071 1171 ’
1110 1179 1216 1251 aptos

301 1274 413 1351 iunge
436 1293 543 1354 pares
565 1282 602 1334 et
623 1290 713 1351 coge
736 1275 888 1352 gradum
911 1273 1087 1335 conterre
1109 1273 1299 1337 iuuencos.

137 1394 230 1456 apro
252 1394 324 1449 eon,
347 1381 380 1434 ut
401 1373 480 1435 llaro

288 1474 474 1553 ¹coniugis
496 1483 532 1535 ut
553 1474 711 1552 magicis
733 1494 847 1539 sanos
869 1486 1042 1539 avertere
1063 1478 1187 1540 saeris

304 1575 481 1656 experiar
503 1595 652 1639 sensus:

137 1698 313 1761 quamquam
334 1686 400 1741 ante
421 1678 459 1739 sit
477 1686 623 1754 avertere,
655 1679 722 1741 dein
745 1688 930 1754 convertero,
962 1690 1060 1744 rotrnn
1082 1692 1185 1743 'tamen
1209 1692 1365 1762 diuumque
1387 1686 1426 1746 riss

137 1785 248 1846 demus.

222 1888 297 1946 Sunt
318 1893 348 1945 ot
371 1883 444 1944 uliae
464 1882 607 1964 plurimae
627 1882 859 1964 praepositiones
887 1904 939 1965 pro
969 1885 1032 1947 aliis
1057 1887 1134 1966 apim
1157 1896 1270 1947 veteres
1291 1896 1426 1951 auctores
1440 1904 1461 1946 u

137 1987 340 2067 interpositae,
355 1986 407 2046 de
434 1984 540 2064 quibus
564 1985 679 2065 plenius
706 1984 783 2047 idem
811 1984 902 2048 lulius
929 1987 1076 2050 Romanus
1102 1989 1176 2050 libro
1204 1975 1350 2068 ἀφορμῶν
1373 1991 1426 2053 suli

136 2089 219 2151 titulo
242 2089 278 2149 do
297 2088 514 2169 praepositione
536 2085 682 2149 disseruit.
765 2146 768 2151 ⁴

752 2275 814 2337 XVI

221 2398 264 2459 lle
289 2398 506 2472 interiectione,
540 2403 571 2457 ut
600 2394 639 2456 ait
672 2394 870 2457 Cominianns.
920 2395 1082 2457 interiectio
1112 2406 1157 2457 est
1188 2415 1257 2475 pars
1286 2400 1426 2462 orationis

137 2498 304 2580 significans
326 2499 471 2561 adlectum
491 2497 588 2559 animi.
633 2496 710 2557 vario
730 2505 828 2558 autem
850 2498 966 2559 adiectu
987 2507 1126 2559 moretur.
1171 2517 1238 2560 narn
1265 2510 1316 2562 ant
1342 2502 1462 2563 laeti-ao

137 2599 206 2662 tiam
225 2602 312 2663 animi
334 2601 546 2679 significamus,
569 2606 602 2659 ut
623 2600 711 2673 aalra,
734 2607 784 2661 aut
803 2600 948 2675 dolorem,
972 2611 1005 2662 ut
1024 2602 1098 2675 lien,
1120 2610 1169 2662 aut
1193 2601 1426 2681 admirationem,

138 2712 170 2765 ut
190 2703 290 2763 babae.
335 2721 370 2762 ex
391 2702 437 2763 lris
459 2698 555 2778 dolligi
577 2699 715 2780 deinceps
738 2701 784 2761 nlii
804 2710 900 2763 motus
921 2703 1084 2765 animorum
1106 2712 1239 2784 possrmt.

221 2803 376 2881 Palaemon
404 2802 443 2862 ita
470 2800 579 2861 definit.
623 2800 840 2863 interiectiones
870 2813 938 2864 sunt
960 2823 1033 2883 eltnae
1057 2806 1128 2866 nilril
1153 2806 1277 2866 docibile
1306 2808 1426 2885 liabent,

137 2907 300 2985 significant
315 2905 328 2986 Η
343 2911 439 2963 tamen
467 2902 612 2963 adlectum
635 2904 740 2977 animi,
774 2904 852 2965 velut
878 2905 935 2966 lieu
961 2906 1036 2968 elren
1068 2909 1135 2969 henr
1168 2910 1252 2970 elrem
1287 2910 1343 2971 elio
1370 2911 1427 2974 lroe

136 3028 194 3088 pop
216 3026 309 3088 papae
327 3015 357 3066 at
377 3013 492 3067 attalae.
530 3000 535 3006 ’
1436 3047 1463 3088 ,3

136 3167 468 3178 ——-———-—-—

205 3267 221 3314 ‘2
237 3259 371 3327 aquilone]
393 3263 473 3327 Verp.
492 3261 584 3312 deal
603 3262 651 3315 102
677 3264 797 3316 stridente
814 3265 932 3329 aquilone
951 3263 1074 3329 procella,
1094 3261 1136 3311 adi
1152 3262 1283 3326 aquilone,
1302 3264 1334 3312 ub
1353 3267 1426 3328 nqui-

139 3332 197 3383 lone
213 3331 318 3383 Seruius
400 3330 562 3383 3sinalilam
575 3332 625 3384 ΝΡ
711 3335 862 3384 ltitinnius
881 3337 907 3383 in
926 3336 1029 3384 bornato
1046 3333 1071 3382 P
1090 3332 1201 3382 Titinius
1217 3334 1241 3381 in
1261 3332 1385 3384 Barathro
1404 3352 1425 3385 ω

205 3404 221 3453 5
239 3413 313 3468 nptae
331 3402 411 3452 simus
430 3402 580 3453 Ribbeekius
596 3420 656 3453 cam.
674 3403 734 3453 Lat.
750 3407 798 3454 rat.
815 3419 841 3467 p.
864 3403 913 3455 115
935 3405 1074 3470 abtpsimns
1094 3402 1120 3450 N
1141 3403 1295 3453 subtesinms
1312 3403 1337 3451 Ρ
1354 3405 1426 3454 ubte-

137 3474 224 3523 xinms
240 3489 276 3531 w,
294 3473 360 3523 ande
377 3474 512 3522 atteximus
531 3471 666 3525 Mereerus
683 3476 708 3524 t'a
725 3473 788 3524 Noa.
804 3489 833 3537 p.
852 3473 882 3538 3,
909 3490 957 3538 qua
969 3474 1078 3537 probato
1094 3476 1110 3522 t
1128 3482 1153 3520 at
1170 3487 1215 3535 pro
1235 3473 1266 3521 nd
1282 3475 1427 3525 conticuerat

136 3542 301 3593 Neula'rcltias
320 3543 352 3592 de
366 3542 422 3605 sad.
441 3550 489 3608 top.
507 3542 574 3592 Rom.
591 3560 618 3608 p.
636 3543 684 3595 105
753 3544 857 3610 duptae
875 3552 932 3593 sunt
950 3544 1046 3610 Pnbtp
1063 3551 1120 3591 sunt
1140 3542 1163 3589 N
1232 3543 1388 3609 colliguntur
1401 3547 1427 3594 P

137 3614 287 3679 colligentur
305 3613 333 3663 N
412 3615 476 3679 geor·
491 3612 527 3661 111
544 3612 571 3661 Ν
587 3615 723 3680 georgicon
742 3613 806 3663 libro
822 3615 855 3663 111
874 3615 906 3664 P.
924 3630 947 3663 o.
961 3613 1010 3664 168
1098 3611 1129 3661 10
1148 3608 1226 3676 Naro]
1247 3612 1326 3662 ducat.
1346 3612 1372 3678 8,
1390 3615 1425 3665 (ld

207 3683 237 3733 11
256 3682 389 3749 coniungis
402 3683 429 3731 N
444 3682 543 3747 colagis
556 3682 582 3731 P
649 3684 728 3733 sacris
747 3686 784 3739 e‘s.
804 3698 954 3748 quamquam
968 3684 995 3733 N
1011 3685 1089 3733 saeris
1105 3697 1146 3732 ses
1164 3696 1315 3745 quamquam
1332 3682 1357 3732 P

738 3768 747 3804 t

137 3818 169 3870 13
185 3824 271 3869 uotum
282 3825 364 3867 tamen
374 3825 506 3880 utrumque
519 3816 652 3866 uideamus
664 3818 688 3865 P
701 3833 791 3883 uopum
800 3826 883 3869 tamen
892 3818 1019 3881 utrimque
1026 3820 1159 3869 uideamus
1169 3821 1194 3870 N
1263 3821 1294 3871 17
1305 3821 1338 3871 de
1348 3822 1425 3872 inter-

136 3888 244 3939 iectione
261 3889 287 3937 P
371 3886 404 3937 111
430 3887 467 3938 De
487 3885 669 3952 interiectione]
689 3904 745 3937 aar.
764 3888 890 3952 Parias.
911 3888 968 3939 123.
1002 3898 1140 3953 praeterea
1158 3891 1183 3939 in
1199 3892 1284 3941 codiee
1303 3892 1426 3943 Letdeaei

140 3959 214 4008 Voss.
236 3956 278 4009 33.
293 3960 319 4014 4,
338 3972 439 4023 quocum
455 3954 513 4020 sere
530 3960 651 4009 consentit
667 3955 893 4009 Sanctamaadima
908 3958 947 4008 M.
966 3960 992 4009 7.
1012 3959 1037 4020 3,
1055 3960 1117 4010 daec
1134 3960 1165 4008 de
1183 3959 1296 4011 odorisio
1315 3971 1425 4025 excepta

134 4036 207 4089 aunt,
235 4026 397 4078 dominianus
414 4026 537 4092 plurimas
555 4027 741 4076 interiectiones
764 4029 886 4094 ostendit,
912 4038 941 4078 nt
958 4037 1016 4078 sum
1033 4029 1095 4090 hue,
1122 4029 1184 4081 echo
1202 4032 1351 4091 annuentis,
1381 4033 1425 4081 trit

135 4097 272 4162 stupentis,
295 4098 339 4146 bnt
357 4097 470 4147 sonantis
489 4111 566 4146 cornu
583 4096 674 4162 (cornu
691 4111 736 4146 am.
754 4097 858 4162 Laid),
879 4098 903 4147 ei
921 4100 1032 4148 timentis
1051 4100 1112 4164 (atui
1130 4101 1240 4150 timentis
1258 4102 1320 4152 add.
1337 4102 1425 4163 heta,

135 4181 181 4216 om.
194 4165 346 4232 Sanctam),
365 4181 407 4216 mu
424 4167 585 4232 increpantis,
597 4181 662 4217 euax
677 4166 801 4228 laetantis,
815 4168 962 4227 ominentia,
979 4183 1084 4218 ctionem
1096 4170 1257 4235 increpantis,
1273 4185 1313 4220 em
1326 4173 1428 4221 minuu-

134 4237 167 4286 tia
186 4237 314 4301 (mirantis
331 4235 436 4301 heta),
459 4252 490 4287 eu
506 4236 674 4296 ostendentis,
699 4244 760 4286 attat
777 4246 844 4288 atate
860 4238 987 4301 timentis,
1011 4247 1118 4288 mntnmt
1134 4241 1311 4305 conripientis,
1330 4252 1421 4306 sputro

135 4298 291 4372 respuentis,
310 4305 406 4357 euehoe
425 4309 551 4371 uocantis,
571 4322 604 4356 un
620 4306 739 4365 iurantis,
759 4306 817 4356 hem
835 4307 1004 4368 eolreroentis,
1023 4317 1064 4358 ate
1083 4308 1138 4374 (ath
1156 4307 1300 4376 Sarmenta.)
1318 4312 1424 4362 tenden-

135 4377 182 4435 tis,
200 4378 260 4427 buta
278 4377 337 4426 buta
355 4376 529 4442 dispicientis,
549 4390 601 4441 pop
616 4378 754 4441 stupentis,
780 4392 845 4442 pape
860 4377 1023 4437 admirantis,
1046 4393 1092 4443 pro
1112 4379 1221 4431 dolentis
1237 4381 1278 4430 uel
1296 4382 1424 4447 mirantis,

134 4445 201 4495 traha
218 4448 285 4496 risus
300 4445 484 4508 Romanorum,
502 4445 556 4496 lule
574 4447 730 4511 respuentis,
749 4446 826 4510 patha
842 4448 974 4512 patientis,
997 4456 1042 4496 tnx
1058 4462 1110 4512 pax
1125 4450 1286 4514 gruttrlantis,
1312 4450 1364 4501 heu
1379 4453 1424 4504 do-

135 4514 223 4576 lentis,
240 4531 273 4566 ua
291 4517 416 4581 optantis,
436 4532 468 4566 en
485 4516 647 4575 admirantis,
667 4514 712 4580 phi
730 4517 889 4581 respuentis,
914 4518 955 4566 eni
973 4518 1139 4583 increpantis,
1158 4533 1173 4567 o
1192 4518 1335 4581 laudantis,
1354 4530 1423 4572 atate

135 4594 160 4633 et
175 4585 222 4638 rel.
243 4586 356 4652 (utateht
370 4585 512 4652 Sanctam.)
531 4585 653 4651 fugientis
738 4585 769 4635 21
788 4586 858 4637 uelut
875 4585 960 4637 noha
975 4587 1000 4635 P
1023 4598 1050 4638 ut
1067 4587 1150 4637 alrnlm
1168 4604 1189 4637 ω
1270 4594 1304 4642 22
1327 4590 1422 4657 babae]

128 4655 240 4719 pnpeP
308 4655 428 4721 24hem]
447 4657 507 4705 item
518 4655 568 4705 NP
635 4656 668 4706 25
687 4669 738 4719 pop
753 4670 821 4723 pepp
838 4664 881 4706 aut
897 4664 974 4705 attate
992 4664 1015 4706 et
1033 4657 1084 4723 ulio
1101 4666 1129 4706 nt
1149 4657 1216 4725 haba
1234 4659 1287 4710 lule
1305 4668 1350 4710 tux
1371 4677 1423 4728 pax

134 4721 197 4774 echo
212 4725 254 4773 trit
272 4725 316 4774 but
335 4726 359 4774 ei
376 4727 426 4775 atui
444 4740 487 4774 rnu
504 4740 569 4776 euax
586 4740 629 4774 mu
646 4739 692 4790 pro
710 4725 817 4777 tnntireo
835 4740 928 4776 ericum
946 4741 986 4775 em
1002 4736 1054 4776 atat
1076 4736 1182 4776 mutuant
1207 4730 1303 4780 erichoe
1325 4746 1357 4780 uti
1382 4748 1422 4782 ern

134 4789 194 4843 buta
211 4793 277 4843 bata.
296 4807 410 4844 exentera
430 4793 558 4860 conpletis
575 4793 783 4860 (reliquisseque
800 4794 837 4846 ad
846 4796 918 4853 tdaem
932 4795 991 4847 tetri
1004 4797 1112 4861 amatia)
1129 4798 1155 4847 P
