3114 5356
624 310 706 371 nnn.
731 310 871 372 cmnn.
895 312 998 374 unu
1400 289 1462 383 air

1241 462 1246 473 .
1261 432 1371 474 avr-aea
1385 434 1407 477 r.

155 501 187 552 et
208 491 316 552 dativo.
361 511 428 552 nam
450 493 541 553 multa
559 512 634 572 quae
654 494 756 555 Graeci
780 515 833 575 per
855 497 910 558 bos
929 516 1016 558 casus
1035 497 1136 560 dicunt
1157 520 1213 561 nos
1226 444 1288 580 pper
1302 502 1459 568 ablativum

156 590 312 652 ederimus
334 610 388 670 per
408 593 526 653 nomina
549 596 721 672 pronomina
749 605 779 657 et
806 596 968 676 participia.
1014 608 1084 659 stant
1110 608 1208 662 autem
1236 622 1269 663 ea
1297 621 1378 682 quae
1405 625 1458 684 pro

156 692 295 770 genetivo
314 691 500 772 accipiuntur
516 712 571 773 per
590 696 708 758 nomine
734 697 857 758 huiusce
882 699 979 773 modi,
1013 699 1198 777 singulariter
1220 703 1358 783 Pompeio
1388 724 1460 767 con·

157 793 240 866 sule,
262 792 416 872 pluraliter
436 792 575 872 Pompeio
594 803 623 855 et
640 796 748 858 Crasso
768 799 948 869 consulibus,
971 799 1046 860 duce
1061 808 1153 879 patre,
1175 801 1300 865 ducibus
1315 805 1457 883 patribus,

128 894 238 957 avana
263 894 383 955 victorie
415 893 540 968 bellum,
569 896 657 957 bomo
685 899 756 959 mira
787 897 968 976 eloquentia,
995 903 1109 979 magnis
1137 904 1246 964 viribus
1272 905 1457 979 adulescens,

155 996 237 1056 bona
259 996 353 1056 lorma
374 995 480 1056 mulier
501 1003 530 1055 et
552 997 673 1072 similia3
710 1018 764 1078 per
784 999 903 1060 nomina
926 1008 955 1060 et
978 1002 1128 1082 participia
1150 1004 1286 1066 instantis
1316 1007 1456 1085 temperis

155 1098 219 1170 sie,
251 1096 307 1157 deo
328 1095 443 1156 volente
465 1104 493 1156 et
515 1096 570 1156 diis
592 1098 770 1173 volentibus,
805 1108 833 1159 te
855 1110 1026 1177 praesente,
1048 1102 1130 1164 vobis
1152 1106 1373 1183 praesentibus,
1406 1127 1455 1169 ce-

156 1198 247 1259 dente
269 1196 435 1258 adversario
457 1196 526 1268 vici,
560 1198 732 1259 cedentibus
755 1200 928 1261 adversariis
956 1201 1095 1274 vicimus,
1126 1203 1264 1266 audiente
1284 1207 1349 1286 ipso
1372 1227 1456 1287 prae-

156 1305 280 1378 ceptore
303 1297 375 1375 legi,
398 1297 584 1357 audientibus
605 1298 677 1377 ipsis
701 1300 942 1379 praeceptoribus
963 1300 1088 1380 legimus
1109 1312 1139 1364 et
1156 1305 1277 1381 similia3
1314 1325 1367 1386 par
1388 1327 1456 1387 par·

116 1419 141 1460 vo
156 1399 258 1480 ticipia
276 1396 425 1479 praeteriti
440 1396 583 1476 temporis
603 1399 661 1473 sic,
685 1409 805 1479 peracto
823 1408 965 1480 tempore,
982 1405 1109 1480 peractis
1124 1403 1334 1485 temllporibus,
1350 1416 1455 1487 coepto

154 1499 253 1573 bello,
275 1499 322 1559 bis
340 1498 381 1559 ita
402 1499 492 1572 actis,
514 1499 644 1561 recitatis
665 1500 770 1561 litteris
792 1509 823 1561 et
844 1501 957 1562 similia.
1003 1503 1054 1562 sed
1077 1504 1106 1564 in
1128 1506 1185 1566 hoc
1203 1508 1360 1586 praeterito
1380 1517 1456 1569 tcn·

154 1619 229 1680 pore
250 1598 393 1660 ablativus
415 1607 443 1659 et
466 1619 521 1679 pro
543 1599 720 1662 nominativo
743 1600 885 1680 accipitur
907 1608 935 1661 et
957 1601 1134 1682 intellegitur
1161 1626 1215 1685 pro
1244 1608 1357 1669 infinito
1383 1617 1456 1670 tem·

155 1719 246 1782 pore,
274 1699 360 1780 quod
379 1700 482 1760 Graeci
508 1709 613 1762 vocant
635 1691 799 1778 dicturae,
818 1709 848 1761 et
867 1701 944 1779 apud
966 1721 1021 1777 nos
1041 1714 1087 1766 est
1109 1706 1138 1766 in
1162 1680 1338 1788 partieipiis,
1368 1709 1455 1770 veluti

156 1801 346 1880 singulariter
365 1802 463 1864 audito
485 1803 542 1863 boc
564 1801 652 1862 verbo
671 1802 836 1879 respondit,
860 1804 1010 1883 pluraliter
1026 1806 1132 1866 auditis
1154 1808 1201 1870 bis
1215 1809 1312 1870 verbis
1331 1828 1455 1888 respon-

119 1922 142 1961 rs
156 1903 281 1976 demut,
308 1902 458 1981 pluraliter
479 1910 508 1963 et
531 1901 717 1980 singulariter
737 1902 843 1963 auditis
862 1903 908 1964 his
930 1905 1025 1966 verbis
1048 1907 1215 1984 respondit,
1244 1909 1360 1969 inventa
1380 1909 1454 1968 veri·

156 2012 216 2064 tate
246 2004 351 2077 tacuit,
377 2011 494 2082 peracta
521 2003 652 2064 oratione
681 2003 774 2076 sedit,
807 2004 869 2065 viso
892 2006 980 2066 tratre
1001 2007 1118 2084 gavisus
1140 2015 1187 2067 est
1209 2015 1238 2067 et
1260 2016 1356 2068 cetera
1378 2026 1453 2087 quae
1488 2073 1494 2085 ‚

156 2113 228 2168 sunt
247 2104 362 2165 similia.
408 2123 461 2182 pro
484 2104 579 2164 dativo
602 2113 700 2165 autem
723 2104 766 2164 sic
786 2105 896 2166 utimur
917 2105 1055 2180 ablativo,
1085 2106 1170 2166 veluti
1194 2126 1228 2168 en
1251 2108 1345 2187 prima
1364 2109 1454 2168 decli·

155 2208 276 2268 natione
301 2205 450 2266 nominum
473 2204 659 2283 singulariter
677 2224 745 2267 cura
772 2207 970 2279 consumitur,
1005 2207 1156 2286 pluraliter
1174 2209 1253 2269 curis
1275 2226 1454 2270 consumun-

156 2318 219 2382 tur,
243 2327 280 2368 ex
300 2295 428 2368 secunda
451 2306 547 2366 studio
571 2315 599 2366 te
621 2307 718 2380 vinco,
741 2324 776 2368 ex
791 2307 874 2367 tertia
893 2307 993 2369 dolore
1011 2307 1104 2368 victus
1118 2315 1179 2381 est,
1200 2328 1235 2369 ex
1250 2317 1354 2387 quarta
1369 2319 1452 2370 aestu

114 2435 141 2475 aa
155 2411 271 2478 solutus
300 2416 363 2481 est,
383 2405 424 2467 'et
446 2426 513 2467 cum
531 2407 770 2487 pronominibus,
799 2407 855 2468 boc
876 2416 1007 2488 tempore
1033 2409 1103 2469 nibil
1126 2409 1237 2482 babeo,
1262 2408 1320 2470 illis
1339 2416 1453 2489 tempo·

154 2511 239 2590 ribus
259 2510 349 2571 valuit
370 2510 442 2570 baec
461 2508 523 2583 lex,
553 2510 611 2570 hoc
632 2527 709 2569 anno
730 2527 789 2569 nou
814 2509 870 2569 vidi
899 2529 979 2584 eum,
1013 2510 1069 2570 bac
1093 2510 1153 2584 via,
1185 2511 1232 2572 his
1259 2510 1364 2583 rebus,
1396 2510 1452 2570 boc

153 2613 244 2672 modo
268 2620 297 2671 et
319 2610 432 2671 similia.
1270 2605 1275 2613 ‘

242 2713 391 2774 Hactenus
423 2711 460 2772 de
491 2710 616 2771 ablativo
647 2728 726 2770 casu.
770 2717 901 2772 ceterum
925 2711 962 2772 ab
991 2712 1037 2772 his
1065 2711 1183 2790 quidam
1205 2711 1374 2790 discrepant
1402 2712 1451 2789 qui

155 2815 244 2875 etiam
265 2812 420 2892 septimum
442 2830 543 2873 casum
570 2811 741 2885 adsumunt,
769 2811 818 2889 qui
843 2820 889 2873 est
911 2813 1036 2875 ablativo
1063 2812 1183 2886 similis,
1213 2812 1326 2873 ratione
1353 2819 1451 2873 autem

117 2943 141 2983 a
156 2935 217 2977 non
240 2913 390 2992 congmit,
411 2913 494 2974 cuius
517 2912 712 2973 differentiam
733 2912 864 2975 inserere
886 2915 963 2976 baud
986 2915 1079 2994 piguit
1100 2916 1149 2975 ita.
1194 2932 1281 2975 casus
1310 2912 1451 2974 ablativus

154 3014 390 3097 praepositiones
413 3033 530 3093 semper
547 3012 651 3091 recipit
671 3021 700 3072 et
723 3033 781 3074 uno
799 3016 887 3076 modo
907 3017 1069 3095 profertur,
1100 3033 1166 3075 eum
1185 3035 1202 3075 a
1225 3033 1350 3094 persona
1372 3013 1452 3075 abla-

155 3126 218 3178 tum
238 3114 308 3194 quid
330 3116 510 3194 significetur
531 3111 583 3175 aut
603 3133 619 3173 a
642 3121 780 3174 resuta
801 3114 884 3189 loco,
915 3117 999 3177 cuius
1024 3115 1067 3175 vis
1094 3115 1172 3193 apud
1201 3115 1328 3176 Graecos
1354 3114 1452 3194 biper-

155 3219 206 3279 tita
237 3225 291 3278 est
336 3225 386 3277 aut
413 3214 491 3275 enim
517 3233 572 3293 per
596 3214 762 3292 genetivum
787 3223 839 3276 aut
866 3234 920 3294 per
944 3213 1079 3276 adverbia
1108 3212 1241 3275 localiter
1268 3216 1363 3294 posita
1383 3225 1413 3276 et
1435 3235 1451 3276 a

156 3318 275 3378 nomine
296 3317 424 3377 derivata
446 3314 650 3396 explicabitur:
678 3335 732 3395 per
757 3315 923 3392 genetivum
951 3315 1010 3387 sic,
1036 3333 1103 3375 cum
1128 3334 1145 3375 a
1171 3334 1298 3393 persona
1322 3314 1452 3376 ablatum

118 3418 226 3498 sequid
249 3417 443 3495 significetur,
475 3417 563 3477 veluti
589 3416 625 3476 ab
650 3424 766 3478 oratore
792 3415 908 3493 accepi;
935 3415 1005 3475 item
1033 3434 1049 3474 a
1075 3434 1123 3486 re,
1153 3433 1168 3473 a
1197 3414 1278 3475 libris
1301 3415 1451 3475 Ciceronis

154 3520 335 3581 intellectum
355 3527 416 3579 est:
452 3537 506 3598 per
526 3518 666 3578 adverbia
684 3525 781 3577 autem
803 3535 819 3576 a
839 3514 904 3576 loco
929 3515 1137 3593 significantia,
1161 3532 1229 3574 oum
1246 3513 1321 3593 quial
1342 3531 1364 3573 a
1381 3515 1450 3574 laco

154 3622 295 3681 ablatum
324 3620 539 3692 demonstrent,
566 3619 643 3680 velut
670 3616 714 3700 all
729 3617 821 3678 llcme
847 3615 1137 3689 inamoenum,
1167 3615 1237 3676 item
1261 3634 1277 3674 a
1299 3615 1385 3675 'l'roia
1406 3615 1451 3675 vel

154 3709 191 3784 ab
220 3722 272 3783 llio
299 3721 443 3800 navigavit
463 3723 593 3796 aeneam
626 3722 703 3798 quod
734 3719 812 3800 apud
841 3717 906 3798 illos
934 3717 1143 3797 interpretatur
1170 3714 1373 3777 adverbialiter
1398 3716 1450 3790 sie,

155 3823 307 3903 Τροίηθεν
322 3813 462 3895 Ἰλιόθεν,
491 3823 560 3881 item
581 3821 623 3882 ab
646 3822 704 3883 alto
725 3814 847 3898 ὑψόθεν
868 3826 898 3878 et
916 3825 1012 3879 cetera
1037 3818 1178 3879 similiter.
1222 3816 1365 3896 septimus
1383 3835 1452 3877 vero

118 3944 141 3982 as
155 3945 243 3987 casus
261 3925 309 3985 bis
327 3923 595 4003 praepositionibus
621 3943 696 4002 quae
715 3923 839 3984 ablativo
861 3920 942 3982 casui
962 3920 1139 3981 conveniunt
1163 3917 1319 3978 subtractis
1338 3918 1452 3997 proler-

154 4035 201 4087 tur
223 4025 317 4085 modis
337 4031 482 4101 qtrattuor.
522 4025 630 4104 primo,
654 4043 720 4084 cum
734 4024 764 4084 in
779 4041 907 4102 persona
927 4030 978 4082 aut
1000 4022 1029 4081 in
1049 4020 1114 4079 loco
1133 4028 1183 4079 aut
1202 4019 1233 4079 in
1255 4037 1288 4078 re
1309 4018 1453 4096 intellegi-

153 4135 216 4200 tur,
249 4126 326 4186 velut
353 4126 382 4185 in
406 4126 543 4206 Scipione
569 4125 701 4186 militaris
729 4124 821 4185 virtus
848 4123 966 4196 enituit,
993 4122 1024 4182 in
1051 4126 1151 4189 moute
1179 4119 1311 4180 Caucaso
1340 4136 1452 4198 poenas

222 4302 369 4370 2eaquae]
389 4313 414 4354 et
425 4305 485 4354 AM
541 4303 715 4354 badnllscens
727 4302 787 4353 AM
844 4299 1081 4368 ilpraeceptoribus
1094 4299 1193 4363 legibus
1206 4297 1315 4363 legimus
1328 4295 1362 4346 M
1419 4295 1452 4343 12

155 4386 254 4438 tempus
266 4375 353 4438 graeei
362 4374 422 4426 AM
487 4373 519 4424 ta
527 4374 639 4422 aoriston
647 4388 670 4421 m
682 4370 805 4431 adriston,
815 4373 957 4429 ataidetar,
970 4368 1002 4420 M
1013 4369 1123 4418 seristou
1136 4367 1161 4416 A
1223 4365 1255 4418 19
1266 4365 1349 4413 uictus
1361 4377 1378 4419 ς
1391 4378 1450 4412 aue-

155 4443 373 4493 tnsAaectusM
439 4442 472 4492 25
490 4440 557 4491 baud
571 4441 604 4492 M
617 4441 650 4489 ad
665 4441 690 4488 Α
758 4436 1122 4499 mactatione—alama
1133 4435 1298 4501 exposuimus
1310 4447 1369 4483 exc.
1383 4432 1450 4484 Bab.

154 4529 181 4575 p.
201 4510 235 4559 78
305 4510 339 4560 ¹26
359 4513 452 4577 recepit
471 4511 528 4560 AM
602 4507 765 4574 proferuntur
783 4523 799 4557 a
817 4523 927 4575 persona
944 4508 1080 4557 ablativum
1098 4505 1159 4568 quid
1174 4502 1300 4568 significet
1316 4501 1349 4551 M
1416 4498 1451 4550 ²8

156 4589 180 4628 et
197 4594 212 4627 a
231 4579 264 4628 M
278 4587 322 4627 aut
339 4596 354 4628 a
373 4580 398 4628 A
482 4580 517 4631 29
534 4579 642 4627 diriuata
660 4577 720 4626 AM
792 4578 941 4627 ›ablatiuum
961 4575 1022 4640 quid
1040 4573 1166 4639 significet
1184 4572 1218 4622 M
1296 4569 1331 4621 ³0
1347 4585 1362 4619 a
1378 4569 1450 4619 libris

157 4664 213 4698 eac.
231 4649 297 4699 Bab.
317 4648 396 4697 alebri
413 4650 438 4699 A
461 4649 548 4706 albrici
565 4648 597 4696 M
619 4662 652 4695 ex
668 4645 769 4701 libros
854 4643 886 4694 31
912 4660 928 4693 a
948 4648 1002 4694 loco
1018 4642 1188 4710 significatum
1203 4640 1376 4690 demonstrent
1392 4637 1453 4698 AM

159 4731 221 4778 quae
237 4732 253 4766 a
271 4717 326 4767 loco
345 4717 515 4781 significatum
535 4717 742 4769 demonstrantes
811 4713 847 4764 34
869 4713 976 4763 trietlien
995 4711 1097 4761 mothen
1115 4711 1175 4759 item
1192 4709 1244 4759 alto
1260 4706 1377 4774 ipsotben
1395 4707 1456 4758 AM

225 4784 259 4836 at
278 4787 402 4850 aripiente
421 4786 446 4835 A
464 4785 587 4850 scipiante
606 4783 639 4832 M
705 4795 802 4847 paenas
821 4782 880 4831 AM
