3114 5356
578 301 659 360 ΛΒΤ.
685 301 824 361 omitit
849 302 920 362 ΜΒ.
944 304 956 362 Ι
1352 308 1414 369 307

1201 432 1223 470 p.
1237 419 1283 460 ut.
1297 421 1323 459 85
1338 421 1361 460 Ρ.

111 496 174 547 tera
196 484 400 546 temrinantor.
445 503 513 543 nam
536 486 560 543 si
581 486 697 564 propria
721 486 829 545 siverint
850 486 984 558 uomina,
1014 493 1083 548 trine
1104 489 1228 549 ablativo
1252 511 1268 550 e
1289 491 1414 551 litteram

112 594 233 667 oportet
260 586 385 659 habere,
414 592 446 643 ot
471 584 508 643 ab
537 585 593 644 lroc
619 585 714 645 Felice
740 586 777 646 ab
804 587 862 646 boc
887 586 1029 647 Salutare.
1076 588 1166 658 nihilo
1192 590 1288 650 minus
1317 600 1414 651 tamen

114 688 259 769 pluralem
274 686 439 764 genetivum
460 686 585 746 eundern
603 695 734 761 servant;
755 696 867 748 tantum
887 687 1041 748 ablativum
1060 689 1237 766 singularem
1254 692 1365 752 variant
1383 693 1413 753 in

113 789 280 851 differentia
304 786 416 867 proprii
439 787 567 848 nominis
593 798 623 849 ct
650 788 824 868 appellativi.
869 789 938 848 item
966 797 1067 850 neutra
1097 808 1173 867 quac
1197 791 1322 853 ablativo
1343 812 1414 853 casu

113 889 274 968 singulari
293 889 302 947 i
322 888 416 948 littera
440 889 632 949 terminantur
650 891 782 968 genetivo
804 890 906 969 plurali
928 909 982 969 per
1002 890 1063 950 inm
1081 891 1159 950 exire
1174 892 1298 966 debent,
1325 902 1356 953 ut
1370 902 1416 953 est

113 991 151 1052 ab
173 991 233 1051 hoc
255 989 356 1050 monili
377 989 483 1049 borum
505 991 672 1065 monilium,
693 992 730 1052 ab
752 993 809 1052 boc
831 990 919 1050 cubili
941 990 1049 1050 borum
1072 991 1226 1052 cubilium.

191 1092 275 1153 ,ltem
295 1091 414 1152 nomina
432 1110 507 1169 quae
534 1090 657 1151 ablativo
687 1111 756 1152 casu
780 1090 918 1168 singulari
942 1112 960 1151 o
990 1093 1086 1153 littera
1110 1094 1253 1154 finiuntur
1279 1096 1414 1174 apposita

115 1211 181 1253 rum
204 1192 314 1270 syllaba
334 1192 498 1270 genetivum
520 1191 662 1271 pluralem
682 1193 806 1266 laniunt,
831 1201 862 1253 ut
883 1192 920 1253 ab
938 1193 996 1253 lvoc
1013 1213 1105 1273 puero
1120 1195 1223 1254 bovum
1240 1215 1415 1274 puerorum;

115 1302 145 1354 et
167 1301 283 1354 remota
303 1313 321 1353 o
340 1292 437 1353 littera
461 1301 489 1352 et
507 1293 640 1373 apposita
663 1292 671 1350 i
692 1294 803 1354 laniunt
817 1293 1026 1354 nominativum
1042 1303 1071 1356 et
1085 1297 1246 1357 vocativum
1263 1295 1414 1375 pluralem,

116 1402 148 1454 nt
170 1395 209 1454 ab
232 1395 402 1472 lroc‘puero
425 1394 455 1453 hi
480 1394 564 1473 pueri
587 1413 605 1452 o
630 1395 722 1474 pueri.
766 1395 834 1455 item
865 1395 976 1456 adiecta
999 1418 1014 1458 s
1035 1398 1129 1459 littera
1158 1397 1268 1459 faciunt
1288 1396 1414 1457 dativum

115 1504 145 1555 et
165 1494 324 1555 ablativum
344 1496 502 1575 pluralem,
521 1504 554 1555 ut
574 1496 604 1555 bi
625 1496 708 1576 pueri
730 1497 776 1556 his
796 1503 826 1556 et
848 1496 884 1556 ab
907 1497 953 1556 uis
978 1501 1086 1577 pneris.
1121 1500 1325 1560 ablativovero
1344 1516 1415 1559 casu

115 1596 257 1675 singulari
279 1597 392 1657 adiecta
415 1617 429 1657 s
452 1597 546 1657 littera
574 1597 684 1656 iaciunt
709 1598 906 1660 accusativum
934 1599 1093 1677 pluralem,
1119 1608 1150 1660 ut
1175 1601 1211 1661 ab
1240 1599 1298 1660 hoc
1324 1618 1416 1679 puero

116 1698 172 1758 bos
202 1716 319 1776 pueros.
365 1699 488 1758 neutrali
518 1701 584 1758 vero
609 1718 731 1775 genere,
760 1701 786 1760 si
814 1699 938 1759 ablativo
967 1699 1106 1777 singulari
1135 1700 1248 1761 sublata
1275 1721 1292 1760 o
1322 1700 1418 1760 littera

116 1798 276 1861 novisima
298 1818 314 1859 a
337 1799 462 1858 litteram
481 1818 628 1879 apponas,
656 1802 705 1860 llet
728 1801 922 1861 nominativus
943 1801 1128 1861 accusativus
1151 1802 1296 1862 vocativus
1318 1800 1418 1878 plura-

118 1900 170 1973 lis,
193 1908 227 1959 nt
246 1901 282 1960 ab
301 1901 357 1961 boc
381 1898 489 1978 templo
511 1900 583 1959 lianc
607 1901 713 1979 templa
736 1921 753 1960 o
775 1901 891 1980 templa.
930 1902 992 1980 pari
1014 1910 1111 1962 antem
1134 1904 1221 1963 niodo
1244 1910 1274 1961 et
1292 1899 1417 1960 neutrali

116 2019 228 2078 genere
250 2002 300 2060 liet
328 2001 479 2079 genetivus
501 2001 637 2079 pluralis,
667 2002 691 2061 si
720 2001 844 2061 ablativo
872 2002 1012 2079 singulari
1041 2004 1149 2064 allicias
1176 2020 1242 2062 nrm
1266 1998 1414 2078 syllabam,

117 2111 150 2162 ut
168 2101 207 2161 ab
228 2101 285 2162 boc
302 2102 411 2181 templo
432 2088 538 2162 lrorvvin
560 2103 746 2181 templorum.
763 2098 776 2185 ΙΙ
791 2121 883 2181 pauca
899 2103 1055 2162 avlmovlum
1075 2122 1195 2163 normae
1213 2121 1284 2162 suae
1302 2101 1417 2160 dissen-

117 2203 204 2262 tiunt„
249 2202 413 2264 invenimus
436 2204 513 2263 enim
536 2204 572 2262 ab
593 2204 649 2263 hoc
672 2204 768 2263 modio
790 2204 895 2263 lvornm
911 2203 1057 2272 mollium,
1078 2204 1146 2263 item
1169 2204 1205 2263 ab
1221 2204 1278 2263 linc
1295 2220 1416 2262 nrvnvmo

117 2306 226 2365 horum
248 2323 415 2378 nummum,
437 2307 472 2366 ab
493 2306 548 2365 hac
569 2304 656 2364 dorne
679 2304 832 2365 ‹lomornm
855 2303 1006 2378 domibus,
1030 2305 1066 2365 ab
1089 2307 1144 2366 lvoc
1167 2306 1268 2383 ingero
1283 2303 1417 2381 iugerum

118 2406 270 2484 iugeribus
300 2401 354 2488 [ab
376 2408 433 2468 lvoc
453 2427 520 2468 vase
542 2408 646 2466 horum
668 2424 801 2466 vasormu
824 2406 869 2466 bis
892 2412 921 2465 et
942 2404 982 2465 ab
1004 2406 1053 2465 bis
1072 2407 1165 2481 vasis,
1191 2406 1227 2466 ab
1250 2405 1307 2464 lvoc
1332 2404 1417 2463 sche-

118 2515 198 2567 mate
220 2506 330 2566 borum
350 2508 538 2568 columnatum
566 2507 613 2566 his
635 2517 663 2566 et
689 2505 725 2565 ab
751 2507 797 2567 his
824 2502 1011 2589 schematisl.
1058 2526 1156 2568 verum
1184 2506 1360 2586 euphoniam
1389 2498 1418 2564 in

118 2608 300 2669 dictionibus
320 2609 387 2689 plus
408 2609 554 2670 interdum
576 2609 671 2669 valere
694 2626 781 2685 qoam
803 2607 966 2685 analogiam
986 2608 1029 2668 vel
1048 2610 1179 2688 regulam
1195 2614 1419 2689 praeceptorum

118 2711 269 2770 mcertim.

207 2810 332 2870 Nomina
349 2828 424 2888 quae
447 2809 570 2870 ablativo
589 2829 659 2869 casu
679 2829 802 2870 numero
825 2810 965 2887 singulari
989 2832 1006 2872 ιι
1026 2813 1120 2873 littera
1143 2813 1285 2873 liniuntur
1303 2826 1418 2869 mascu-

117 2913 181 2972 lino
204 2919 234 2970 et
255 2910 395 2971 lentinino
418 2929 525 2986 genere
546 2911 658 2970 adiecta
680 2932 694 2970 s
714 2911 808 2971 littera
828 2913 937 2972 lacivtnt
958 2914 1163 2975 nominativum
1180 2923 1209 2974 et
1223 2911 1418 2972 accusativum

119 3022 150 3074 et
172 3012 335 3072 vocativum
358 3009 516 3089 pluralem,
545 3019 575 3070 ut
595 3011 632 3070 ab
654 3011 711 3071 lioc
732 3032 833 3085 versu,
856 3013 893 3072 ab
908 3001 1080 3087 bactriana,
1103 3016 1133 3074 lri
1154 3034 1256 3074 versus
1279 3013 1335 3073 hos
1357 3030 1419 3071 ver-

120 3134 175 3175 sus
196 3132 215 3172 o
234 3131 353 3185 versus,
374 3111 429 3171 liae
449 3130 553 3171 manns
575 3113 628 3172 has
651 3132 755 3174 manus
780 3136 797 3172 o
823 3133 936 3174 manus.
982 3115 1104 3175 neutrali
1122 3124 1218 3174 autern
1241 3133 1347 3190 genere
1370 3112 1421 3172 avl-

120 3217 196 3276 iecta
217 3234 232 3274 a
252 3207 347 3274 littera
370 3213 480 3273 faciunt
501 3213 709 3276 nominativum
732 3215 928 3274 accusativum
951 3216 1111 3275 vocativum
1136 3215 1295 3294 pluralem,
1325 3222 1356 3274 ut
1384 3213 1421 3272 ab

121 3317 180 3376 boc
201 3333 293 3375 corno
313 3315 386 3374 haec
405 3332 515 3374 cornua
537 3334 554 3371 o
575 3334 694 3374 cornua.
734 3317 898 3401 genetivum
921 3335 988 3376 vero
1006 3315 1147 3394 pluralem
1170 3317 1200 3376 in
1218 3316 1297 3375 orvvui
1313 3333 1420 3391 genere

121 3417 186 3497 pari
209 3416 297 3475 modo
319 3416 424 3488 facies,
446 3417 470 3476 si
491 3415 600 3476 avlicias
623 3415 745 3475 ablativo
762 3415 964 3493 singularium
981 3415 1136 3493 syllabam,
1160 3426 1192 3476 ut
1206 3416 1242 3476 ab
1261 3418 1318 3475 lvoc
1333 3433 1420 3474 versu

121 3520 229 3579 borram
251 3536 386 3577 versuum
410 3526 439 3576 et
465 3519 501 3577 ab
523 3518 578 3576 hac
605 3535 691 3576 mauu
720 3517 823 3576 linium
848 3534 986 3574 mannum
1014 3523 1044 3575 et
1070 3515 1107 3575 ab
1127 3517 1182 3576 boc
1202 3524 1294 3576 cornu
1315 3516 1419 3574 hovum

121 3637 277 3680 cornuum.
322 3617 436 3678 ‹lativos
458 3636 573 3695 clivoque
596 3625 624 3675 et
650 3616 793 3676 ablativus
822 3615 943 3694 pluralis
965 3616 995 3675 in
1018 3616 1096 3676 omni
1119 3635 1227 3693 genere
1249 3616 1311 3696 pari
1333 3614 1420 3674 modo

122 3724 189 3791 net,
212 3719 237 3778 si
261 3718 385 3780 ablativo
408 3719 548 3796 singulari
571 3738 590 3777 ιι
612 3718 737 3778 litteram
761 3718 789 3777 in
809 3716 816 3775 i
838 3725 992 3778 conatutes
1011 3724 1040 3777 el
1061 3717 1170 3777 adicias
1192 3717 1249 3777 bus
1270 3713 1420 3794 syllabam,

122 3830 155 3881 ut
173 3820 211 3880 ab
233 3820 290 3878 hoc
310 3839 393 3879 versu
417 3819 462 3879 liis
483 3827 512 3878 et
533 3819 569 3878 vrb
591 3818 636 3879 lvis
659 3820 806 3890 versilms,
826 3828 855 3879 et
875 3819 912 3879 ab
935 3819 990 3879 lvac
1009 3836 1097 3878 uranu
1119 3819 1165 3878 liis
1188 3827 1215 3879 et
1233 3817 1340 3884 abbis
1361 3834 1422 3873 ma-

194 4023 372 4072 adliceremus
391 4022 421 4070 M
438 4022 606 4088 differentiam
626 4023 649 4070 A
719 4023 741 4071 5⁴
753 4022 877 4086 singulari
896 4038 942 4072 orvr.
963 4021 1022 4070 AM
1098 4030 1123 4067 ut
1143 4020 1167 4068 A
1185 4020 1209 4068 irl
1230 4020 1264 4068 M
1334 4019 1421 4067 limu-

124 4095 169 4142 nili
190 4092 280 4141 horum
300 4092 432 4139 navvniliuru
453 4092 477 4139 A
565 4091 760 4146 cultilisriuill
780 4092 838 4140 AM
921 4090 1010 4138 lvonun
1033 4090 1151 4137 cubilium
1170 4106 1216 4139 ont.
1236 4089 1307 4148 AM,
1330 4089 1423 4140 ants

197 4161 228 4210 12
248 4161 343 4209 sarciunt
360 4175 377 4215 ς
396 4160 454 4208 lacit
475 4161 532 4211 AM
619 4160 650 4208 ll
670 4161 776 4209 litteram
795 4176 875 4226 ponas
895 4160 927 4208 M
949 4160 1030 4208 littera
1050 4160 1157 4223 inpones
1176 4161 1199 4208 A
1288 4160 1319 4208 17
1336 4158 1424 4207 urimo-

124 4232 184 4279 tlnvn
204 4233 229 4279 in
250 4245 352 4278 novinae
371 4230 411 4279 A:
435 4230 470 4290 cf.
491 4232 588 4278 t'bmv's.
605 4246 631 4293 p.
653 4228 687 4277 35
776 4231 808 4278 18
826 4230 936 4278 modium
956 4243 973 4284 ς
995 4230 1137 4277 modiorum
1156 4228 1214 4277 AM
1302 4229 1334 4277 lll
1353 4241 1424 4274 nnm-

125 4315 230 4355 ιιιιιιιις
257 4314 404 4346 ιιιιηιιιιιιιιιιι
422 4299 481 4346 AM
566 4297 597 4345 ab
621 4297 668 4344 liae
691 4299 767 4347 ‹lovno
786 4300 874 4347 barum
893 4300 1013 4347 ‹lomnum
1033 4298 1185 4352 ‹lomibus5
1272 4299 1307 4347 ‘20
1328 4298 1359 4345 ub
1378 4295 1424 4342 lrm·

125 4386 185 4418 uase
205 4367 288 4416 -21
308 4367 443 4416 schematis
460 4370 495 4416 orl
514 4371 624 4430 regulum
643 4367 747 4417 ablativi
764 4384 838 4417 casua
855 4385 869 4417 e
885 4372 969 4417 littera
986 4369 1112 4417 terminati
1124 4384 1152 4430 p.
1168 4366 1227 4421 305,
1245 4368 1280 4416 ‘24
1298 4369 1426 4431 pimenem

175 4448 200 4492 ct
215 4439 247 4486 ab
260 4437 300 4486 his
312 4454 358 4487 om.
369 4438 427 4485 AM
494 4438 525 4486 21
545 4436 634 4484 lrovuvn
654 4435 809 4485 schematum
828 4453 874 4486 οιιι.
890 4437 954 4495 AM,
968 4439 1027 4485 add.
1041 4449 1057 4489 ς
1127 4445 1150 4482 et
1169 4436 1200 4482 ab
1219 4435 1260 4483 his
1276 4454 1323 4488 orn.
1344 4435 1373 4483 M

125 4507 261 4557 sclvcmatis
281 4521 297 4560 ς
321 4506 493 4556 svlvcmutibns
513 4506 571 4554 AM
656 4505 784 4554 eviloniam
803 4506 862 4554 AM
946 4507 979 4553 ¹22
999 4505 1055 4569 plus
1074 4521 1120 4553 orer.
1140 4505 1172 4552 M
1258 4504 1426 4554 attenuans

125 4595 170 4626 ova.
188 4577 246 4625 AM
317 4577 349 4623 27
370 4592 384 4624 o
402 4591 499 4625 manns.
521 4575 668 4639 genetiuum
687 4589 748 4623 nero
766 4575 889 4639 pluralem
908 4590 939 4622 cx
957 4575 1007 4622 alio
1025 4574 1185 4621 scribendum
1205 4582 1252 4623 est.
1274 4574 1384 4624 Neutruli
1405 4573 1428 4621 A

125 4661 139 4694 o
162 4661 263 4694 uranus.
284 4646 425 4705 genitiumu
449 4646 570 4710 pluralem
590 4661 621 4691 ex
638 4644 687 4692 alio
705 4644 864 4692 scribendum
879 4652 925 4691 cst.
946 4643 1064 4691 Nevnvule
1083 4642 1115 4691 M
1190 4641 1225 4692 30
1243 4642 1321 4694 lav-ies
1340 4643 1373 4692 M
1390 4645 1427 4691 la-

125 4717 176 4763 cius
196 4716 220 4763 A
291 4714 325 4763 33
343 4716 469 4763 alvlntiuns
487 4713 624 4775 singularis
644 4713 668 4759 A
737 4713 770 4762 at
790 4712 906 4761 uersibus
926 4722 951 4760 nt
969 4712 1000 4760 ab
1021 4711 1053 4759 M
1068 4711 1185 4759 uersibus
1202 4711 1234 4758 ab
1253 4715 1277 4762 A
1347 4714 1428 4762 niuni-

126 4784 172 4833 bus
192 4794 218 4831 ut
238 4784 268 4831 ab
290 4783 319 4831 M
338 4784 454 4832 manibus
474 4784 504 4831 uli
524 4784 547 4831 A
