3114 5356
510 303 642 366 lNSTlT.
666 303 776 366 emit.
796 304 867 366 LIB.
891 305 918 368 ss
1013 303 1022 320 '
1296 307 1356 367 157

126 449 136 464 .
208 419 233 462 ar
248 418 273 462 r.
1052 435 1058 447 ·
1172 420 1227 463 .so.
1255 419 1303 464 ru.

49 420 278 574 suplaYprior
299 491 386 552 etiam
409 499 438 550 et
462 492 573 571 primus
595 492 631 552 ab
655 491 791 553 adverbio
818 491 899 572 prius
922 497 951 551 et
972 491 1055 570 peior
1075 431 1221 571 pessilnus
1239 423 1283 554 lah
1306 495 1355 555 avl-

50 595 162 656 serbie
185 593 279 674 peius.
326 592 466 673 quaedam
489 603 559 656 sunt
580 613 654 673 quae
675 578 797 655 divolsis
824 593 925 671 liguris
953 592 983 653 in
1003 587 1207 671 eenlaltionem
1228 595 1356 670 veniunt,
1455 680 1461 685 ι

53 704 92 758 ut
113 695 211 758 nimus
229 696 315 777 peior
335 694 492 781 pessimus,
511 695 607 759 bonus
629 696 733 758 melior
754 695 890 777 optimus.
928 693 976 756 his
997 694 1075 756 enim
1096 714 1150 775 per
1171 713 1274 759 ornnes
1296 705 1356 759 tres

54 798 172 876 gradus
194 798 373 879 comparatio
393 801 547 877 processit,
565 819 620 862 nee
642 809 737 860 tamen
760 815 849 859 unam
870 798 993 859 sormam
1009 797 1134 859 nominis
1150 798 1251 858 tenuit
1287 809 1356 860 sunt
1463 861 1465 865 .

21 899 118 963 salia
140 899 275 962 absoluta
295 920 370 980 quae
392 899 472 961 nulle
492 902 615 980 quidem
641 903 732 979 gravlu
759 899 984 980 comparationis
1008 902 1183 979 ligurantur,
1212 899 1357 980 recipiunt

56 1012 160 1064 tamen
184 1001 395 1077 conlationem,
428 1004 453 1065 si
476 1003 533 1064 illis
554 1002 646 1082 inagis
670 1001 836 1064 adverbium
858 1001 1011 1080 iungatur,
1041 1003 1117 1064 sieut
1137 1002 1273 1082 superius
1295 1003 1356 1064 die·

57 1112 126 1165 turn
147 1111 207 1179 est,
236 1113 268 1167 ut
286 1105 381 1185 magis
407 1106 505 1182 ruvlis,
530 1105 624 1184 magis
645 1105 726 1184 pius,
755 1111 783 1165 et
802 1104 926 1165 maxime
947 1103 1088 1166 similiter.
1134 1104 1176 1166 sie
1200 1112 1264 1166 ete
1286 1124 1356 1166 eon·

57 1205 152 1268 trario
170 1207 269 1270 minus
291 1217 322 1270 et
342 1209 461 1270 minime
484 1190 638 1270 adduntur.
683 1207 792 1269 utimur
813 1214 910 1267 autem
931 1207 1023 1286 gradu
1043 1208 1303 1287 comparativorum
1325 1209 1355 1269 in

58 1327 122 1369 uno
147 1317 178 1371 et
203 1309 296 1373 altero
320 1329 412 1391 prope
435 1309 603 1390 aequalibus
629 1328 663 1371 ae
685 1308 828 1371 similibus
857 1312 942 1385 (narn
967 1307 1151 1371 dissimilium
1177 1311 1356 1391 comparatio

17 1409 143 1472 sentilla
165 1415 232 1490 est),
252 1421 286 1476 nt
307 1412 350 1473 ‘hi
372 1412 430 1476 (luo
452 1411 631 1487 viniones,
653 1413 705 1473 sevl
726 1413 775 1474 hie
794 1410 902 1494 alpltero
924 1411 1047 1473 sortior'.
1092 1411 1161 1472 item
1183 1411 1357 1493 eomparati·

57 1530 117 1574 vus
143 1521 173 1574 et
197 1514 244 1576 iris
270 1514 320 1594 qui
347 1515 392 1577 sui
421 1513 536 1593 generis
565 1521 685 1574 suntet
709 1514 756 1575 his
784 1513 833 1593 qui
862 1514 981 1576 alterius
1005 1521 1074 1575 sunt
1095 1524 1294 1595 eomparatur,
1325 1522 1358 1576 ut
1413 1526 1417 1532 ⁴

57 1632 157 1693 equus
179 1616 308 1679 velocior
334 1637 408 1697 equo
437 1617 558 1689 dieitur,
582 1614 631 1694 qui
654 1615 783 1678 eiusdem
804 1617 920 1695 generis
943 1624 1005 1690 est,
1031 1617 1102 1678 item
1124 1616 1250 1679 velocior
1273 1636 1355 1693 sane,

58 1717 113 1795 qui
133 1717 253 1780 alterius
275 1720 392 1798 generis
414 1727 466 1780 est
511 1717 705 1798 superlativus
724 1739 792 1781 vero
815 1720 923 1798 gradus
946 1717 1082 1780 omnibus
1103 1719 1150 1781 bis
1171 1726 1285 1780 tantum
1307 1719 1355 1798 qni

58 1819 109 1880 sui
130 1821 246 1898 generis
268 1830 336 1883 sunt
359 1822 563 1904 praeponitur3
581 1839 649 1881 nam
667 1821 867 1883 velocissimus
887 1841 980 1901 equus
994 1842 1053 1883 non
1069 1822 1175 1884 dieitur
1194 1821 1251 1882 nisi
1272 1821 1356 1899 equis

19 1941 45 1983 rs
57 1929 248 2001 conparatus.
294 1924 391 2002 itaque
412 1922 604 2003 superlativus
625 1924 732 2002 gratim
758 1930 809 1984 aut
830 1923 966 1985 omnibus
991 1924 1036 1985 sui
1063 1922 1179 2002 generis
1200 1922 1356 2003 praeponi·

58 2030 127 2098 tur,
148 2032 181 2083 ut

612 2131 629 2172 e
651 2110 813 2173 Danaum
834 2101 1046 2173 fortissime
1067 2110 1191 2189 gentis

227 2192 383 2272 Tydide,

56 2300 112 2354 aut
145 2292 243 2356 nullis.
293 2296 367 2357 seito
399 2304 495 2358 autem
520 2297 745 2377 comparativum
774 2298 895 2376 gradum
924 2296 1079 2357 ablativum
1110 2314 1209 2358 casum
1239 2297 1354 2358 trahere

16 2397 177 2456 »numeri
200 2404 258 2458 tarn
283 2395 440 2475 singularis
461 2416 547 2476 qnam
568 2399 703 2480 pluralis,
731 2406 763 2460 ut
784 2400 897 2461 (lectior
923 2398 989 2474 ille,
1016 2397 1129 2459 ‹loetior
1150 2398 1223 2474 illis,
1252 2419 1355 2479 super-

55 2497 180 2559 lativum
201 2518 270 2560 vero
291 2500 454 2579 genetivum
476 2501 590 2564 trahere
611 2521 710 2564 casum
733 2510 762 2563 et
783 2509 896 2564 tantmu
918 2498 1022 2582 plurali
1049 2519 1171 2562 numero
1199 2502 1293 2606 iungi,
1325 2511 1356 2565 ut

55 2599 241 2664 iustissimus
264 2603 402 2663 omniurn.

518 2758 566 2820 Vll
610 2756 660 2819 llll
681 2757 902 2820 PRONOMINE

148 2873 312 2938 Prenemen
339 2884 384 2936 est
410 2894 479 2956 pars
505 2876 644 2938 orationis
674 2895 748 2957 quae
772 2878 866 2960 posita
895 2897 949 2960 pre
969 2879 1088 2941 nomine
1109 2877 1205 2940 nunus
1226 2877 1353 2958 quidem,

16 2997 45 3042 ι
58 2997 158 3059 paene
185 2977 261 3039 idem
288 2985 385 3039 tamen
413 2978 564 3059 signifieat.
616 2982 781 3060 pronomini
817 2981 953 3043 aeeirlunt
985 2978 1108 3058 qualitas
1142 2999 1234 3058 genus
1262 2981 1354 3060 ligura

58 3098 202 3142 numerus
227 3098 314 3141 easus
342 3098 476 3160 persona.
521 3081 644 3161 qualitas
675 3084 879 3163 pronominum
906 3089 961 3143 eut
985 3082 1065 3143 finita
1094 3091 1138 3143 est
1162 3090 1212 3144 aut
1232 3082 1353 3145 infinita.

58 3181 143 3243 linita
162 3190 208 3244 est
231 3201 306 3261 quae
329 3190 412 3243 notat
431 3191 540 3244 certain
562 3164 736 3264 peisonam,
768 3193 799 3245 ut
825 3204 879 3263 ege
909 3193 940 3245 tu
967 3183 1024 3246 ille.
1068 3183 1180 3246 infinita
1207 3193 1252 3248 est
1279 3204 1354 3264 quae

59 3283 182 3345 cuilibet
208 3303 352 3365 personae
381 3293 477 3366 potest
505 3286 613 3366 aptari,
642 3286 761 3364 etquis
784 3294 909 3363 quantus
932 3284 1033 3364 qualis.
1077 3305 1184 3365 genera
1205 3289 1355 3368 prenomi-

59 3404 133 3447 num
155 3392 225 3446 sunt
245 3394 397 3465 quattuor,
426 3388 619 3450 masculinum
648 3395 680 3449 ut
707 3388 769 3463 hie,
798 3387 969 3448 femininum
992 3392 1025 3446 ut
1048 3384 1138 3464 lraee,
1166 3398 1302 3451 neutrum
1322 3399 1355 3452 ut

10 3488 137 3561 ¹sebee,
167 3505 323 3550 commune
348 3499 381 3551 ut
407 3510 470 3569 ege.
516 3492 608 3570 ligura
634 3491 664 3551 in
693 3489 915 3570 pronominibus
943 3495 993 3548 aut
1014 3485 1136 3567 simplex
1157 3497 1256 3551 estut
1278 3491 1353 3568 quia,

60 3597 112 3651 aut
134 3590 288 3670 conposita
309 3599 341 3652 ut
362 3592 503 3670 quisquis.
547 3593 660 3655 numeri
683 3601 752 3653 sunt
773 3593 846 3666 vlun,
869 3588 1023 3669 singularis
1041 3598 1073 3651 ut
1094 3590 1204 3668 qualis,
1231 3591 1354 3672 pluralis

61 3699 94 3753 ut
114 3692 224 3770 «proles.
271 3694 434 3754 eommunis
463 3713 578 3773 quoque
611 3712 749 3755 numerus
784 3694 943 3766 invenitur,
975 3699 1006 3753 ut
1027 3691 1093 3770 qui;
1128 3692 1249 3752 dicimus
1276 3692 1353 3753 enim
1385 3748 1393 3759 ,

61 3795 112 3873 qui
139 3795 182 3855 u'r
210 3804 240 3855 et
267 3794 314 3873 qui
340 3794 401 3856 viri.
445 3815 532 3857 casus
560 3797 764 3876 pronominum
792 3796 923 3859 totidem.
938 3804 1008 3857 sunt
1036 3804 1107 3874 quot
1132 3803 1167 3865 ¹et
1192 3794 1352 3856 neminum.

62 3915 207 3977 personae
236 3896 442 3977 pronominum
475 3908 543 3959 sunt
575 3907 650 3973 treS,
686 3899 778 3979 prima
807 3907 840 3959 ut
867 3917 937 3977 ege,
973 3896 1099 3958 secunda
1128 3903 1238 3970 ut’tu,
1269 3895 1352 3955 tertia

30 4006 97 4059 aaut
115 3998 172 4060 ille.

64 4223 95 4273 24
129 4222 155 4271 N
171 4229 190 4271 tt
209 4227 230 4279 t,
249 4228 258 4268 1
294 4221 434 4272 Pronomen
744 4176 760 4205 θ

130 4430 191 4478 let
209 4435 268 4478 ante
287 4430 396 4477 monime
413 4441 459 4476 ern.
479 4427 511 4491 N,
530 4426 591 4481 add,
609 4426 634 4476 B
704 4424 735 4475 17
754 4439 768 4474 o
787 4422 913 4490 Danaum]
938 4423 1018 4491 Verp.
1030 4422 1094 4472 Aen.
1114 4420 1174 4473 ree
1202 4475 1270 4538 ipen
1243 4419 1284 4524 Ἃρ
1293 4417 1354 4467 Pro·

70 4557 195 4596 nonien-
163 4545 267 4610 -159,
280 4547 315 4597 34
333 4547 457 4596 neminem
477 4547 556 4596 Βίωνι.
569 4559 598 4607 p.
612 4543 729 4610 Slbsqq
749 4559 806 4593 exe
826 4544 892 4594 Beb.
909 4560 936 4608 p.
953 4545 999 4595 111
1017 4560 1072 4609 sqq.
1143 4542 1177 4592 25
1195 4496 1353 4606 pleneeldem

69 4613 178 4682 Nplene
197 4615 222 4665 B
240 4624 265 4666 et
283 4615 425 4679 Prebusp.
443 4617 494 4668 345
512 4615 552 4668 ed.
575 4613 683 4668 Virrdeb,
701 4629 782 4680 paene
798 4614 939 4667 Dremedes
960 4616 1019 4664 item
1036 4611 1199 4664 cuspinianus
1214 4617 1239 4659 et
1254 4609 1354 4660 Flavia·

70 4697 111 4733 une
128 4700 266 4752 pronomen
285 4686 429 4735 deliniunt'
422 4697 467 4746 ita,
487 4698 625 4750 pronomen
645 4692 683 4733 est
700 4699 760 4749 pars
776 4685 897 4735 orationis
914 4700 979 4747 qnue
1004 4698 1050 4748 pro
1074 4681 1175 4731 nomine
1198 4681 1283 4744 posita
1307 4678 1354 4727 ml-

71 4766 111 4803 nus
135 4756 253 4820 quidem,
276 4770 357 4820 poene
374 4755 440 4806 idem
461 4765 544 4804 tamen
565 4752 691 4819 siguificat
714 4760 839 4817 excerpta
857 4702 950 4804 cedicqr'o
966 4753 1105 4803 Beruenses
1125 4749 1175 4801 123
1259 4747 1295 4800 26
1311 4756 1355 4797 aut

71 4831 121 4873 ente
137 4825 206 4901 llnltq
226 4840 271 4874 om.
289 4825 321 4890 N,
341 4825 402 4876 add.
413 4825 447 4875 'B
516 4824 549 4876 ³2
571 4822 729 4872 numerusB
746 4836 821 4873 nurne
840 4822 865 4871 N
880 4822 978 4871 numeri
995 4835 1017 4870 ω
