3114 5356
484 946 720 1041 tinto
778 947 1129 1052 llVlNl'llS.

204 1328 227 1368 p.
242 1311 292 1354 ¹25⁶.
307 1315 334 1358 ω
349 1312 372 1353 Ρ.
1290 1337 1311 1379 p.
1329 1324 1368 1364 lto
1381 1323 1405 1367 L.

648 1419 697 1480 DE
727 1420 968 1486 IDIOMATIBVS

240 1536 383 1600 idiomata
405 1556 481 1615 quae
503 1545 575 1600 sunt
597 1539 691 1600 nostri
707 1542 853 1603 sermonis
868 1543 1092 1605 innumerabilia
1115 1544 1233 1623 quidem
1255 1544 1365 1607 debent
1381 1566 1457 1610 esse.

151 1659 188 1700 ea
212 1639 292 1701 enim
313 1647 383 1701 sunt
399 1639 497 1702 omnia
519 1659 594 1719 quae
616 1661 670 1721 pro
689 1650 791 1703 nostro
812 1662 894 1704 more
909 1645 1058 1707 ederimus
1074 1654 1176 1706 elnon
1191 1647 1354 1708 secundum
1370 1648 1459 1711 Grae-

151 1761 215 1803 cos.
260 1741 315 1804 sed
338 1741 517 1803 utbreviter
538 1742 686 1816 dicamas,
708 1751 759 1803 aut
776 1761 811 1803 ex
832 1744 990 1823 generibus
1013 1747 1165 1807 nominum
1180 1748 1268 1821 liunt,
1290 1766 1365 1826 quae
1388 1768 1459 1810 oon·

122 1850 198 1903 alra
218 1861 333 1931 morem
358 1843 537 1906 Graecorum
560 1864 615 1906 nos
635 1845 777 1906 habemas
806 1846 886 1920 (nam
907 1862 975 1906 cum
996 1846 1121 1909 dicimus
1149 1848 1197 1908 hic
1218 1848 1314 1910 honor
1334 1838 1355 1924 ἡ
1376 1842 1458 1926 τιμή,

152 1947 187 2006 tit
213 1943 294 2024 apud
328 1963 383 2006 nos
410 1945 580 2022 masculini,
614 1947 692 2028 apud
724 1946 790 2007 illos
819 1945 951 2006 feminini
979 1948 1124 2026 generis),
1155 1955 1205 2007 aut
1231 1967 1266 2008 ex
1301 1948 1455 2010 verborum

152 2045 419 2124 significationibus
448 2049 618 2123 contrariis,
646 2048 723 2110 velut
751 2046 848 2108 luctor
871 2048 995 2108 miodo.
1039 2047 1098 2108 lico
1127 2047 1205 2107 enim
1233 2047 1355 2109 verbum
1379 2049 1458 2129 apud

153 2167 210 2209 nos
228 2147 348 2228 passive
371 2150 506 2225 effertur,
530 2151 607 2230 apud
627 2152 755 2212 Graecos
774 2149 875 2210 active.
920 2149 964 2211 sic
986 2149 1075 2209 etiam
1097 2154 1126 2209 et
1146 2166 1201 2227 per
1222 2157 1336 2211 ceteras
1358 2158 1457 2231 partes

154 2249 297 2312 orationis
324 2249 496 2311 idiomatum
523 2250 705 2312 dissonantia
733 2249 884 2330 multiplex
911 2250 1066 2331 reperitur.
1112 2249 1188 2310 scire
1215 2258 1314 2313 autem
1342 2259 1373 2313 et
1395 2271 1458 2313 me·

118 2351 277 2427 neminisse
303 2350 461 2427 debemus,
491 2352 617 2432 primum
646 2353 725 2431 quod
754 2351 940 2432 participium
969 2369 1022 2430 per
1049 2369 1082 2411 se
1108 2350 1172 2410 lleri
1200 2369 1259 2412 non
1278 2361 1376 2432 potest
1405 2354 1458 2415 sed

156 2473 189 2513 ex
219 2452 326 2527 verbo,
354 2453 422 2514 dein
448 2453 528 2532 quod
555 2474 642 2517 omne
663 2453 850 2537 participium
878 2454 1003 2516 eundem
1032 2470 1133 2514 casum
1157 2452 1244 2514 tralut
1265 2472 1352 2533 pem
1371 2456 1457 2516 etiarn

155 2554 278 2615 verbnm
306 2573 341 2614 ex
369 2572 428 2633 quo
456 2555 603 2631 nascitur;
630 2563 662 2615 ut
690 2573 757 2616 cum
783 2553 907 2617 dicimus
936 2575 989 2637 per
1015 2554 1214 2615 accusativum
1235 2572 1343 2633 sequor
1364 2554 1458 2615 domi·

155 2675 244 2730 nom,
272 2656 316 2717 sie
338 2663 368 2716 et
388 2655 541 2734 participia
562 2657 650 2719 huius
676 2656 756 2719 verbi
778 2655 976 2736 pereundam
999 2673 1100 2717 casum
1124 2657 1301 2728 efferuntur,
1331 2673 1459 2734 sequens

155 2757 324 2831 dominum,
347 2766 503 2818 secuturus
523 2757 688 2834 dominum,
708 2767 828 2821 secutus
849 2758 1008 2819 dominnm.
1054 2757 1106 2818 sed
1128 2756 1247 2818 nomina
1268 2756 1458 2837 participialia

126 2878 234 2938 requae
267 2861 343 2920 liunt
373 2878 408 2920 ex
437 2859 599 2939 participiis
625 2860 762 2921 instantis
797 2859 938 2940 temporis
969 2859 1135 2938 genetivum
1169 2877 1270 2920 casum
1304 2859 1457 2938 recipiunt

157 2980 247 3040 saepe
279 2961 357 3021 enim
384 2961 537 3042 participia
571 2961 708 3022 instantis
737 2962 878 3040 temporis
905 2961 992 3023 etiam
1020 2961 1139 3021 nomina
1174 2960 1249 3021 siant
1275 2957 1458 3041 appellativa,

156 3063 236 3124 velot
258 3081 361 3123 amans
387 3081 507 3123 servans
526 3070 660 3124 metuens
682 3062 776 3122 sidens
797 3080 888 3140 egens
910 3063 1006 3125 sciens
1032 3063 1157 3123 horrens
1179 3062 1348 3140 neglegens.
1392 3079 1459 3139 par·

157 3164 257 3244 ticipia
284 3163 386 3242 igitur,
416 3173 449 3226 ut
477 3182 566 3243 supra
595 3163 736 3236 diximus»,
767 3180 854 3223 casus
877 3162 1022 3243 recipiunt
1044 3181 1165 3224 suorum
1182 3162 1355 3235 verborum,
1381 3161 1460 3222 volut

157 3285 223 3326 amo
246 3284 367 3326 uxorem
386 3284 487 3327 amans
509 3284 647 3339 uxorem,
670 3283 754 3327 servo
777 3262 897 3323 domum
918 3282 1041 3324 servans
1066 3264 1200 3335 domum,
1222 3269 1322 3323 metuo
1344 3269 1458 3340 patrem

122 3378 295 3430 umetuens
323 3376 445 3448 patrem.
490 3367 608 3429 nomina
638 3384 707 3427 vero
728 3360 952 3444 partiticipialia,
981 3382 1057 3442 quae
1078 3363 1197 3425 nomina
1219 3366 1294 3423 liunt
1312 3381 1348 3422 ex
1368 3362 1459 3441 parti·

160 3469 243 3548 cipiis
263 3469 400 3531 instantis
422 3469 578 3549 temporis,
600 3468 771 3546 genetivum.
784 3465 954 3539 admittunt,
976 3467 1053 3527 velat
1075 3483 1177 3526 amans
1199 3464 1377 3535 amicorum,
1396 3481 1458 3523 ser-

163 3686 236 3737 1-6
254 3687 281 3736 Ν
293 3692 335 3735 ovi
347 3682 382 3744 r,
399 3693 409 3734 ι
429 3688 498 3754 incip
514 3688 549 3737 lio
567 3687 590 3736 v
609 3686 641 3736 aa
658 3683 820 3736 tridiomaob:
886 3680 913 3748 l!
928 3685 961 3734 οἳ
978 3700 1010 3735 ea

424 3790 570 3839 Hidiomatn
600 3791 616 3852 vi
644 3773 669 3839 sl
700 3791 727 3838 ni
755 3804 811 3839 emo
840 3785 880 3835 u‘vs
916 3787 1048 3837 innumera

424 3891 494 3925 more
517 3875 646 3925 ederimus
667 3886 692 3924 et
716 3876 732 3925 vi
755 3874 832 3925 secuti
854 3888 945 3939 grecos

162 3958 176 4004 5
426 3975 483 4010 mue
510 3963 526 4010 ᾗ
553 3976 586 4010 ex
615 3963 729 4027 generib:
756 3960 859 4013 nominis
890 3959 954 4007 nont
978 3961 995 4021 ιῑ

425 4063 482 4098 rum
505 4062 552 4097 noe
574 4047 674 4098 bahem:
700 4064 759 4099 nam
780 4049 812 4099 cii
838 4045 895 4097 ‹1an
920 4045 963 4094 hic
991 4043 1106 4093 honor'u
1127 4076 1271 4090 .....
1295 4039 1322 4088 liv

421 4137 454 4199 ap
481 4149 528 4184 nos
558 4138 612 4186 mni

228 4270 347 4335 Iviteproa
363 4287 451 4322 verutis
468 4275 528 4338 lopit
544 4274 645 4323 Pieriae
731 4275 748 4321 2
772 4282 831 4321 sunt
854 4273 879 4320 in
901 4283 1017 4319 sermone
1035 4276 1120 4316 nostra
1142 4264 1337 4314 innumerabilia
1355 4263 1458 4325 quidem

164 4338 251 4389 debent
268 4356 334 4389 esse.
372 4342 407 4391 Eo
425 4343 492 4390 euim
508 4352 567 4391 sunt
583 4344 668 4391 omnia
684 4355 749 4404 quae
764 4357 811 4406 pro
828 4349 915 4391 nostro
934 4353 1003 4387 more
1021 4337 1153 4387 efferimus
1169 4343 1265 4384 tantum
1283 4333 1364 4384 secuti
1382 4346 1457 4396 grae-

163 4423 211 4484 cos.
249 4410 307 4526 §apl⁸
321 4418 347 4457 ut
365 4409 476 4461 breuiter
493 4412 608 4461 dicamus
625 4428 646 4461 ω
729 4415 829 4474 dquae
844 4418 932 4460 contra
949 4421 1044 4457 morem
1063 4419 1211 4472 graecorum
1228 4419 1250 4454 ω
1341 4402 1459 4453 5honcr

162 4491 260 4543 ητιμη
324 4495 346 4528 ω

164 4606 274 4618 Q...-

229 4676 296 4726 loe
315 4676 496 4742 rovanivvnvs]
522 4676 601 4725 Diona.
618 4692 646 4740 p.
665 4675 791 4739 2902qp.
877 4672 1098 4738 llaepporiturN
1183 4669 1215 4721 la
1231 4685 1292 4735 sepe
1307 4666 1461 4728 Nmeovidv'

164 4745 298 4805 videbatur,
319 4759 453 4809 sempecta
523 4744 558 4794 20
574 4747 607 4795 no
624 4746 688 4793 flunt
704 4745 730 4793 Ν
747 4758 797 4794 ivon
816 4742 878 4793 flunt
894 4757 918 4791 ω

1185 4820 1250 4881 19*
