3114 5356
47 198 50 203 Ι
134 249 198 315 tet
692 250 876 315 btottuuls
978 319 980 323 ,

200 365 318 410 ,νω-ω
331 366 355 409 r.
1227 402 1235 415 .
1299 396 1327 406 -
1390 406 1398 420 .

132 380 199 502 runi
216 439 469 514 humanarumque
489 437 721 518 conprehensi03
750 437 828 515 quod
852 456 869 497 a
891 438 1012 501 Graecis
1034 440 1073 500 ita
1095 374 1438 522 ’ἀεθωίιιριιωωωαταέως

131 537 213 602 ἐστὶν
231 528 353 621 περιοχὴ
373 534 378 618 Ι
398 537 492 597 θείων
513 559 545 598 τε
568 532 621 597 κν)
638 530 783 617 ἡρωϊκῶν
796 536 848 598 να)
869 527 1073 618 ἀνθρωπίνων
1094 537 1294 621 πραγμάτων.
1340 550 1436 612 Lirim

131 622 426 723 paulo'communius
447 659 565 701 carmen
588 640 714 703 auditur.
759 658 833 720 epos
851 639 989 702 Latinum
1013 642 1127 722 primus
1149 643 1243 723 digne
1269 649 1431 730 scripsitis

131 742 181 821 qui
210 759 259 801 res
287 740 484 799 llomanorum
512 739 614 801 decem
643 748 672 800 et
699 748 766 801 octo
793 741 953 821 conplexus
977 749 1030 816 est⁴
1051 743 1149 816 libris,
1180 747 1235 823 qui
1252 757 1292 809 ct
1318 751 1429 813 annales

78 891 96 919 .,
128 842 346 913 inscribuntur,
368 840 446 917 quod
468 841 649 919 singulorum
672 844 733 903 lere
751 859 896 904 annorum
914 850 998 903 actus
1013 845 1201 919 contineant,
1226 845 1310 910 sicut
1329 850 1446 930 publicis

129 944 266 1018 annales,
296 960 370 1020 quos
391 941 545 1021 pontifices
566 943 740 1022 scribaeque
767 941 941 1014 conficiunt,
970 944 1016 1005 vel
1036 945 1194 1020 llomanis,
1229 949 1314 1026 quod
1332 951 1429 1012 Roma·

129 1044 235 1106 norum
259 1063 308 1105 res
335 1051 434 1121 gestas
458 1043 618 1106 declarant
663 1061 736 1122 epos
756 1052 855 1105 autem
877 1042 1058 1124 appellatur,
1087 1055 1121 1107 ut
1147 1047 1275 1111 Graecis
1297 1050 1425 1139 placeb!

129 1134 210 1221 παρὰ
228 1133 263 1203 τὸ
283 1139 408 1202 ἕπεσθαι
426 1140 459 1202 ἕν
479 1135 563 1230 αὐτῷ
583 1137 620 1204 τὰ
641 1141 708 1219 ἑξῆς
725 1140 800 1224 μέρη
820 1148 884 1215 τοῖς
898 1138 1037 1218 πρώτοις.
1071 1149 1233 1228 praecipue
1253 1168 1326 1213 vere
1345 1152 1427 1213 hen·

128 1253 222 1308 meter
244 1262 345 1305 versus
368 1264 441 1324 epos
463 1246 586 1320 dicitur,
616 1245 755 1324 quoniam
783 1245 901 1323 quidem
930 1246 989 1309 boc
1012 1265 1100 1308 versu
1126 1248 1218 1310 rerba
1244 1252 1424 1330 ιωεροωείω

127 1354 274 1418 mutuam,
309 1354 341 1405 ut
368 1347 412 1407 sic
439 1347 575 1422 dixerim,
607 1344 847 1424 consequentiam
871 1345 984 1425 primus
1006 1347 1079 1408 deors
1099 1355 1181 1408 vates
1203 1351 1423 1430 conprehendit,
1434 1371 1453 1410 u

128 1447 206 1507 umle
229 1453 332 1525 postca
354 1445 473 1507 abusive
494 1447 614 1509 verbum
636 1456 666 1509 et
690 1447 805 1508 solutae
824 1446 965 1510 orationis
986 1447 1051 1528 ipsa
1073 1448 1221 1529 scriptura
1243 1471 1423 1534 consequens

128 1545 165 1606 ab
187 1546 253 1606 aliis
272 1566 344 1625 epos
365 1547 484 1608 (lictum.
528 1549 665 1628 rapsodia
688 1547 796 1611 tb'citur
815 1547 926 1609 Graece
947 1541 1094 1624 ποιήσεως
1114 1546 1220 1628 μέρος,
1242 1553 1345 1632 aliqua
1363 1572 1423 1634 pare

129 1645 215 1705 ticula
238 1646 363 1707 discreta
386 1655 473 1725 atque
495 1649 622 1724 dir·ulsa;
644 1649 722 1709 (licta
742 1638 823 1726 παρὰ
844 1640 878 1707 τὸ
898 1643 1038 1728 ῥάπτειν,
1057 1650 1134 1728 qrrod
1157 1670 1264 1714 versus
1285 1653 1319 1714 in
1340 1673 1421 1715 unum

129 1746 261 1808 volumen
283 1748 361 1810 velut
380 1759 562 1810 consuantur
582 1759 612 1811 et
631 1747 635 1832 Ι
655 1748 948 1830 conprehendantur,
980 1751 1024 1812 vel
1047 1751 1125 1828 quod
1152 1752 1226 1814 olim
1248 1762 1350 1834 partes
1368 1755 1421 1814 llo

126 1847 226 1908 ureriri
250 1850 387 1911 carminis
407 1851 436 1910 in
460 1850 652 1911 theatralibus
674 1851 791 1912 circulis
812 1870 880 1912 cum
904 1850 1025 1926 baculo,
1053 1851 1082 1912 id
1103 1860 1151 1912 est
1172 1853 1272 1931 virga,
1297 1873 1449 1934 pronun-n

126 1950 237 2011 tiabant
259 1951 307 2028 qui
329 1951 365 2012 ab
388 1950 493 2013 codem
512 1950 640 2013 llomero
662 1950 732 2012 dicti
754 1951 948 2015 Homeristae.

211 2084 310 2162 Elegia
333 2096 377 2145 est
401 2106 518 2147 carmen
538 2087 723 2167 conpositum
746 2089 914 2150 hexametro
930 2107 1016 2151 rursu
1035 2095 1281 2169 pentametroque
1306 2089 1417 2151 alternis

124 2184 156 2245 iu
177 2186 266 2246 sicem
290 2188 410 2266 positis,
435 2197 467 2249 ut

290 2287 442 2350 divitias
462 2267 561 2351 alius
586 2288 685 2351 lulvo
709 2287 782 2349 sibi
805 2297 983 2351 conserat
1004 2309 1091 2351 auro

375 2396 410 2450 et
432 2396 560 2451 teneat
581 2390 670 2452 culti
693 2391 825 2469 iugera
845 2390 959 2451 multa
982 2390 1063 2452 soli.
1426 2424 1447 2463 ῃ

124 2488 201 2564 qrrerl
224 2508 316 2566 genus
339 2491 476 2551 camrluis
505 2493 661 2572 praecipue
691 2487 889 2577 scripsellrunt
916 2492 994 2572 apud
1023 2492 1169 2552 Romanos
1188 2489 1367 2570 'Propertius
1390 2500 1415 2549 et

122 2588 256 2649 Tibullus
282 2599 311 2650 et
333 2591 432 2651 Gallus
463 2591 564 2652 imitati
589 2593 716 2652 Graecos
736 2591 943 2653 Callimachum
963 2601 992 2652 ct
1010 2590 1208 2669 Euphorione.
1254 2592 1348 2671 elegia
1367 2610 1416 2653 au·

123 2690 277 2750 terbellem
299 2681 460 2770 sirenopoi
483 2683 515 2751 τὸ
535 2678 568 2753 εὖ
595 2691 690 2771 λέγειν
715 2683 785 2764 τούς
808 2692 972 2763 τεθνεῶτας
999 2691 1077 2765 (lere
1105 2689 1181 2749 enim
1213 2692 1415 2755 detunctorum

122 2792 223 2852 laurlcs
247 2793 302 2851 hoc
324 2793 452 2852 carmine
475 2792 817 2873 conprehemlchantur),
850 2793 909 2853 sire
930 2783 989 2848 ἀπὸ
1010 2789 1062 2847 τοῦ
1085 2786 1182 2865 iiico,
1214 2793 1244 2852 iu
1267 2803 1312 2854 cst
1333 2796 1415 2855 mise-

120 2893 248 2964 ratione,
281 2893 359 2970 quorl
388 2889 522 2972 θρήνους
547 2893 649 2954 Gracci
679 2894 721 2953 rel
750 2891 843 2952 ἐλεεῖν
870 2892 925 2950 islo
956 2897 1048 2950 metro
1078 2891 1327 2970 comptitaverunt.
1370 2896 1445 2956 ruis»

120 2992 249 3070 opinioni
272 2993 437 3054 consentire
466 2995 578 3056 ridetur·
604 2996 756 3068 Horatius,
783 3011 850 3055 cum
879 2992 914 3051 acl
942 2991 1055 3052 Albium
1082 2992 1229 3055 'lilurllum
1257 2995 1412 3075 elegiarum

192 3241 202 3289 l
224 3258 285 3306 epos
305 3252 343 3294 est
361 3243 513 3307 cuperiocbe
530 3243 623 3293 thioute
642 3259 683 3293 aar
703 3244 803 3292 eroiron
823 3256 863 3288 aur
883 3240 1051 3305 autlrroplnon
1072 3242 1237 3307 (urmcpiucn
1248 3245 1321 3308 ΒΜ)
1338 3263 1410 3313 prag·

120 3320 203 3360 nratou
221 3311 306 3360 ΑΒΜ
331 3327 392 3377 epos
420 3321 457 3361 cst
483 3314 632 3378 cnperimlu·
657 3310 857 3375 (lteuprriuehur
876 3311 900 3358 B
908 3310 917 3365 )
942 3309 1010 3358 illinit
1029 3321 1081 3356 1⁰⁰⁰
1101 3310 1220 3360 heroicon
1245 3316 1364 3376 (eroicon
1384 3316 1413 3363 Μ

119 3381 245 3430 bieroiccu
264 3381 305 3437 Α)
329 3398 372 3429 rra
397 3384 547 3446 airtropiuon
574 3389 723 3447 prugumtcu
747 3379 867 3441 (ΑΒΜ)
893 3381 916 3428 b.
936 3395 958 3428 e.
979 3379 1064 3428 ΑΒΜ
1079 3382 1104 3427 iu
1120 3384 1257 3442 coeperim-e
1274 3389 1409 3449 scriptura,

117 3453 149 3501 aie
166 3453 324 3516 preadictum
342 3452 515 3514 ratp.483‚li
585 3453 601 3500 ἓ)
619 3451 688 3500 uudit
701 3450 836 3499 Sumeuiua
852 3453 876 3498 in
895 3450 1035 3498 Tereruiun.
1050 3447 1137 3497 itaer.
1151 3451 1238 3512 11:231
1313 3456 1410 3518 scripsit

38 3512 41 3517 ’
120 3520 205 3569 Liuius
225 3521 246 3567 is
266 3523 343 3583 quis
420 3520 652 3584 ldcrcrn(rlorim
672 3518 712 3578 Β)
731 3525 754 3566 et
774 3527 829 3567 octo
847 3516 956 3581 (ΑΒΜ)
975 3519 1116 3580 quirulucim
1136 3517 1222 3567 ΑΒΜ
1292 3522 1410 3571 hinsmi-

117 3591 243 3644 buntur-5
268 3590 411 3638 scribuntur
429 3589 523 3647 ΑΒΜ,
549 3606 596 3639 orn.
621 3590 704 3638 corice
729 3589 845 3650 Srioppli
865 3604 934 3651 srrsp.
962 3591 1018 3636 lert.
1045 3588 1068 3634 V
1088 3586 1119 3636 10
1206 3589 1304 3653 puplici
1321 3591 1409 3654 (ΑΜ)

117 3657 186 3723 publi
205 3659 265 3707 ΑΜ
284 3667 380 3723 piretus
457 3660 473 3707 u
493 3657 625 3706 conficiunt
644 3657 675 3704 (lc
695 3656 815 3704 llornanis
833 3657 876 3718 qui
895 3655 995 3718 quidem
1014 3655 1222 3712 Romanorumss
1306 3661 1344 3709 vel
1363 3661 1410 3709 lio·

116 3728 182 3775 mani
206 3730 343 3778 Vcbloniur
363 3728 428 3778 Euri.
445 3744 517 3791 poen.
537 3731 582 3776 rei.
600 3743 625 3790 p.
646 3724 738 3774 XVlll.
757 3725 797 3772 vel
815 3752 848 3760 -
865 3725 882 3771 Ἴ
901 3725 1029 3773 ‹lcrlarnnt
1054 3728 1095 3774 ‘ut
1115 3731 1227 3787 cloccam
1249 3727 1409 3793 resipientie'

114 3796 221 3846 delenda
240 3799 336 3846 renunt
353 3798 488 3860 Scioppius
505 3800 521 3845 l.
540 3812 561 3844 r.
649 3794 665 3841 7
685 3793 813 3841 ‹inclarnnt
832 3794 889 3843 ΑΜ
911 3794 1022 3842 ‹leclnrat
1040 3794 1088 3857 (A)
1109 3795 1176 3845 Bet
1194 3799 1282 3847 codes
1300 3799 1411 3862 Scioppit'

115 3865 256 3914 declaratur
273 3867 330 3927 (Μ)
419 3866 436 3914 8
454 3872 540 3929 parato
559 3878 619 3927 epra
639 3862 680 3910 tho
697 3877 727 3910 en
747 3870 804 3911 auto
825 3864 873 3911 irta
893 3878 957 3925 excp
976 3862 1050 3926 (exea
1069 3863 1138 3925 ΒΜ)
1158 3874 1254 3913 mereto
1275 3867 1299 3915 is
1317 3868 1410 3932 prutois

117 3932 200 3981 ΑΒΜ
218 3942 303 3998 praerato
321 3950 397 3998 opusc
416 3935 524 3997 (cpesao
542 3932 585 3996 B)
603 3940 694 3979 enutrio
713 3931 838 3986 (narrante
852 3933 878 3981 B
896 3933 979 3981 erraito
998 3930 1047 3991 Μ)
1063 3934 1098 3981 ltu
1116 3948 1177 3982 rues
1194 3936 1300 3985 meretis
1319 3936 1410 3997 (mere

114 4010 153 4063 tps
173 4003 206 4051 Μ
221 4003 306 4051 metris
324 4002 362 4054 Α)
381 4012 466 4067 protys
486 4000 577 4085 (protis
598 4002 640 4057 Μ)
660 4000 768 4062 (ΑΒΜ)
787 3992 865 4062 παρὰ
882 3992 912 4048 τὸ
931 3994 987 4050 into
1006 3993 1036 4048 τὸ
1054 3994 1129 4063 λέγω.
1148 4003 1251 4067 proprie
1265 3998 1410 4058 υηὶιειέπος

115 4078 153 4119 est
171 4064 303 4133 ἔμμετρος
330 4062 409 4132 λόγος
431 4071 469 4118 uel
488 4060 684 4125 ακόλουθοςς
768 4069 800 4118 12
818 4086 927 4134 ppeseos
944 4083 1028 4118 meros
1047 4071 1130 4119 ΑΒΜ
1210 4072 1242 4121 13
1260 4073 1344 4136 urique
1363 4072 1411 4122 ΑΒ

181 4148 270 4205 parato
287 4141 373 4204 paptiu
387 4141 412 4188 Β
429 4149 517 4204 priuato
537 4140 632 4205 paptlul
650 4139 683 4188 Μ
697 4148 785 4204 parato
804 4141 874 4204 uptin
885 4141 910 4187 Α
983 4138 1014 4186 14
1031 4149 1116 4204 partes
1135 4153 1152 4194 ς
1171 4155 1247 4205 pares
1259 4142 1345 4193 ΑΒΜ

115 4208 146 4256 1¹1
165 4210 268 4257 alteruis
287 4209 366 4256 uicem
386 4208 471 4257 ΑΒΜ
485 4210 518 4257 uri
538 4209 646 4258 inuicem
666 4222 683 4263 ς
701 4209 797 4257 alterna
816 4208 871 4256 trice
889 4226 924 4259 cr
941 4209 1028 4258 codice
1047 4211 1168 4259 Parisino
1183 4209 1253 4260 7538
1272 4228 1342 4262 auec.
1363 4210 1410 4259 XV

32 4314 36 4323 .
112 4278 241 4328 rtduotcuit
259 4278 422 4338 Gairsordiua
493 4279 525 4328 tu
544 4275 655 4342 divitius]
677 4278 764 4327 libuli.
785 4279 793 4324 l
815 4278 873 4328 1.1
945 4286 1062 4326 conserat
1083 4279 1134 4327 ΑΒ
1150 4290 1288 4330 conseruat
1307 4281 1339 4331 Μ
1351 4294 1407 4328 acri·

114 4354 217 4409 geruts
236 4347 350 4395 ronlerat
368 4347 502 4397 Putsclaius
589 4347 623 4397 20
642 4344 736 4411 marita]
762 4361 895 4411 nroguns‘
981 4346 1014 4395 22
1032 4347 1148 4396 tribullus
1168 4348 1256 4398 ΑΒΜ
1338 4349 1409 4398 eufo-

112 4464 184 4512 rlonn
204 4466 288 4514 ΑΒΜ
362 4464 395 4514 ‘23
414 4473 501 4529 parato
520 4482 551 4514 cu
570 4467 680 4531 legimus
698 4467 828 4530 (legentes
847 4466 872 4514 B
888 4457 1034 4530 legent-M)
1053 4465 1196 4515 tetlmeotas
1215 4468 1302 4518 ΑΒΜ
1377 4470 1410 4518 il

113 4541 189 4597 aputu
209 4535 264 4582 cleu
285 4535 370 4583 ΑΒΜ
443 4535 475 4583 25
496 4537 563 4597 quoa
582 4537 686 4586 threnus
703 4536 789 4599 grecia
808 4550 838 4583 eu
855 4537 894 4582 eia
913 4537 962 4584 isto
980 4544 1078 4583 niatrou
1095 4535 1180 4584 ΑΒΜ
1194 4537 1262 4599 qrrorl
1281 4527 1411 4615 θρήνους

113 4598 200 4674 Graeci
218 4617 263 4650 seu
284 4594 388 4664 ἐλεγεῖα
412 4603 462 4651 isto
485 4614 565 4653 metro
583 4608 689 4656 coniecit
706 4606 842 4654 Saturnius
860 4607 886 4653 in
906 4607 1048 4655 lbreutiun.
1068 4604 1156 4653 Μνειν.
1174 4621 1200 4667 p.
1221 4604 1282 4656 306.
1312 4622 1330 4669 η
1356 4596 1412 4655 ἔλε-

44 4679 48 4685 ·
112 4671 188 4728 νεῖον
202 4661 259 4718 ἐστι
276 4670 387 4734 θρῆνος
400 4662 550 4734 ἐπιτάφιος
567 4668 654 4724 οἱονεὶ
669 4664 770 4723 ἐλεεῑόν
786 4688 812 4720 τι
831 4661 865 4721 ὅν
878 4675 1015 4724 scholiasta
1025 4676 1144 4737 Dionysii
1156 4675 1264 4725 Thracis
1268 4693 1298 4739 p.
1309 4674 1413 4734 rubeo

181 4738 216 4787 bb
232 4738 360 4804 Horatius]
379 4755 455 4790 earm.
476 4743 485 4790 l
504 4741 547 4802 33,
564 4745 582 4794 2
833 4757 839 4768 ·
