3114 5356
133 256 197 320 292
724 253 888 319 canalstl

203 375 350 421 .naa.sr.
444 357 450 365 “
1217 367 1387 435 panant,

134 390 207 511 vade
236 383 338 527 aeqdi,
367 449 502 507 metuens
529 442 669 522 periculi,
697 452 833 505 metuens
862 440 999 514 deorum,
1028 438 1122 500 ildens
1144 440 1248 515 aninri,
1273 459 1366 519 egens
1384 462 1431 523 pe·

136 550 304 623 cuniarum,
331 548 428 610 eciem
457 544 598 604 locorum.
648 565 742 625 pauca
771 549 869 606 autem
895 540 983 601 nimis
1010 558 1111 601 casum
1132 559 1192 601 non
1213 542 1377 622 recipiunt,
1402 552 1431 605 ut

135 651 277 727 horrens;
301 658 330 711 et
351 649 406 711 alia
426 654 531 728 prout
553 647 696 708 sententia
718 645 815 727 poscit
836 660 937 703 casum
955 641 1116 720 recipiunt,
1138 647 1172 701 at
1189 643 1354 722 neglegens
1372 663 1429 706 sum

135 753 166 815 in
183 753 239 814 hac
262 771 303 814 re.
348 771 384 814 ex
401 748 561 832 praeterito
581 748 652 809 item
672 746 893 830 participiorum
916 745 1034 806 nomina
1056 744 1130 803 liunt
1150 743 1341 823 appellativa,
1361 765 1430 825 quaa

135 863 186 916 aut
211 853 358 916 secundae
389 861 458 916 sunt
488 849 691 912 declinationis
719 858 769 912 aut
802 854 940 925 quartae;
970 843 1132 918 secundae,
1164 844 1243 905 velut
1268 847 1448 926 praelectores

135 957 285 1038 perlectus
304 962 456 1017 execratus
479 951 574 1013 laetus
595 960 716 1033 apertus
739 951 854 1025 iussus3
875 954 996 1026 quartae
1017 962 1101 1021 vero,
1128 946 1205 1006 velut
1227 947 1375 1010 exercitus
1394 949 1430 1009 vi·

136 1074 198 1119 sus.
242 1057 295 1118 sed
316 1057 390 1118 haec
411 1053 531 1117 nomina
553 1071 629 1133 quae
650 1072 685 1115 ex
704 1051 862 1133 praeterito
884 1056 1016 1129 tempore
1038 1046 1259 1128 participiorum
1281 1051 1357 1111 llunt
1376 1070 1428 1112 non

136 1159 245 1220 hahent
272 1178 359 1220 casus
387 1155 444 1217 nisi
471 1153 617 1215 secundae
645 1152 848 1216 declinationis
876 1150 954 1225 sint,
982 1155 1110 1212 etaient
1135 1169 1244 1231 pauca,
1273 1152 1428 1231 exquibus

136 1260 280 1339 quaedam
300 1258 464 1339 genetivum
486 1255 646 1335 recipiunt,
667 1255 745 1316 velut
774 1254 867 1315 victus
889 1251 993 1326 animi,
1017 1261 1154 1332 expertus
1174 1251 1254 1313 helli.
1300 1262 1427 1335 expertus

138 1361 215 1422 enim
235 1360 346 1422 bellum
363 1376 418 1440 per
436 1355 634 1417 accusativum
656 1356 689 1415 iit
709 1356 905 1436 participium.
951 1353 1070 1415 verbum
1087 1352 1164 1414 enim
1183 1353 1274 1415 huius
1292 1354 1453 1435 participiis

136 1461 334 1521 accusativum
356 1457 475 1538 recipit,
496 1455 575 1517 velut
589 1455 724 1535 experior
743 1456 862 1517 bellum.
906 1456 976 1517 item
997 1455 1162 1536 praelectus
1177 1457 1335 1534 praetorii,
1354 1476 1426 1539 prae·

137 1561 231 1620 lectus
257 1557 403 1634 cohortis,
439 1559 606 1638 praelectus
627 1555 724 1630 urhis,
754 1558 919 1636 praelectus
947 1557 1111 1617 labrorum:
1143 1556 1314 1635 praelectus
1340 1566 1425 1619 auten

138 1660 285 1740 praetorio
308 1679 362 1741 per
383 1661 510 1722 dativum
534 1661 566 1719 ilt
587 1657 789 1739 participium;
811 1659 854 1721 sic
875 1666 905 1720 et
927 1658 1092 1740 praelectus
1115 1657 1229 1718 cohorti
1248 1657 1314 1719 urhi
1337 1658 1424 1720 falaris

137 1760 259 1823 verbum
287 1763 364 1825 enim
392 1763 480 1825 huius
501 1761 647 1843 participii
670 1760 796 1822 dativum
818 1760 938 1840 recipit,
967 1760 1044 1821 velut
1061 1759 1199 1839 praeficio
1226 1767 1258 1821 te
1279 1760 1424 1841 praetorio,

135 1863 218 1926 illum
238 1863 243 1946 l
263 1865 384 1927 cohorti.
1278 1922 1285 1935 .
1433 1886 1451 1928 n

220 1965 291 2028 Aliis
314 1967 401 2029 etiam
422 1967 464 2028 ita
484 1964 521 2027 de
542 1963 729 2025 idiomatibus
750 1963 861 2044 placuit
879 1964 1010 2025 desinire.
1054 1980 1123 2024 cum
1145 1959 1182 2023 ab
1198 1963 1279 2025 omni
1300 1980 1425 2026 sermone

137 2067 248 2129 Graeco
277 2069 380 2130 Latina
407 2069 507 2147 lingua
532 2067 661 2147 pendere
691 2065 837 2140 videatur,
866 2066 1008 2144 quaedam
1033 2063 1220 2125 inveniuntur
1246 2064 1293 2125 vel
1320 2064 1425 2126 licentia

137 2166 174 2227 ah
207 2167 334 2246 antiquis
365 2170 410 2231 vel
442 2169 621 2250 proprietate
651 2169 767 2248 linguae
788 2167 909 2228 Latinae
942 2166 1019 2228 dicta
1049 2176 1165 2246 praeter
1193 2168 1425 2230 consuetudinem

105 2267 330 2345 ,Graecorum
360 2290 437 2350 quae
460 2272 609 2335 idiomata,
625 2269 818 2349 appellantur.
869 2268 1089 2345 adgnoscuntur
1116 2275 1215 2329 autem
1246 2287 1283 2329 ex
1309 2270 1424 2331 casibus

136 2387 204 2429 nam
233 2367 415 2453 invenillmus
437 2390 512 2450 quae
532 2371 634 2433 Graeci
661 2390 715 2451 per
742 2372 906 2451 genetivum
927 2388 1027 2432 casum
1049 2369 1165 2444 dicim,
1192 2369 1266 2431 haec
1288 2370 1454 2451 perdatis

137 2488 205 2531 vum
229 2480 383 2552 usurpata,
411 2479 444 2532 ut
464 2490 554 2551 parco
576 2472 645 2545 tihi,
675 2480 706 2532 et
730 2493 805 2551 quae
828 2469 937 2534 Graeci
954 2490 1008 2552 per
1028 2470 1172 2545 dativum,
1200 2471 1275 2534 haec
1294 2492 1313 2535 a
1332 2474 1427 2535 Rome

136 2571 183 2632 nis
208 2591 263 2651 per
287 2573 453 2652 genetivum
476 2572 605 2651 prolata,
632 2581 665 2634 ut
686 2574 776 2653 pudet
797 2594 845 2635 me
866 2574 983 2635 amoris.
1027 2573 1098 2632 item
1119 2579 1235 2633 ceteros
1257 2592 1346 2653 casus
1364 2574 1427 2637 alios

135 2688 191 2750 pro
213 2670 277 2732 aliis
299 2672 394 2734 dictos
422 2673 593 2735 invenimus.
639 2683 710 2735 sunt
732 2682 882 2755 praeterea
907 2678 1018 2753 figurae
1039 2691 1112 2751 quae
1135 2676 1351 2738 consuetudine
1373 2676 1428 2756 qui·

136 2771 203 2832 dem
229 2792 283 2851 per
306 2773 394 2835 alium
420 2792 519 2835 casum
544 2777 747 2854 proteruntur,
776 2776 812 2836 ah
840 2776 967 2853 antiquis
994 2785 1092 2837 autem
1114 2776 1246 2850 diverse,
1271 2778 1350 2840 velut
1369 2788 1428 2841 ntor

136 2870 192 2931 hac
219 2891 251 2932 rc
283 2893 346 2935 nos.
367 2877 506 2950 dicimus,
534 2877 612 2956 apud
634 2875 757 2938 'veteres
787 2885 884 2938 autem
916 2887 945 2938 et
973 2887 1039 2938 utor
1058 2879 1135 2937 hanc
1160 2896 1223 2939 rem
1247 2879 1358 2941 dictum
1377 2887 1456 2942 esta

136 2971 209 3032 hacc
231 2974 320 3051 igitur
339 2977 474 3037 idiomata
498 2978 682 3038 multifariam
706 2980 882 3053 allevantur,
904 2999 958 3059 per
978 2978 1080 3051 verba,
1102 2997 1161 3056 per
1171 2980 1363 3060 participia,
1382 3000 1427 3062 per

137 3072 325 3150 appellativa,
346 3096 400 3157 per
419 3079 664 3157 praepositiones,
690 3099 743 3160 per
761 3080 912 3141 adverbia:
937 3080 1100 3159 etquidem
1120 3099 1174 3160 per
1196 3081 1285 3142 verba
1307 3083 1365 3156 sic,
1382 3100 1427 3144 oro

136 3178 182 3246 te,
204 3192 293 3252 parco
315 3177 385 3255 tihi;
408 3181 477 3241 item
500 3199 552 3260 per
572 3181 740 3261 participia,
765 3182 905 3244 adiuvans
927 3183 1009 3242 illum
1032 3181 1116 3256 lecit3
1139 3180 1208 3241 item
1234 3201 1289 3262 per
1309 3182 1428 3264 appella·

136 3273 209 3348 tiva,
232 3275 338 3353 dignus
360 3300 425 3342 sum
447 3283 502 3342 hac
522 3301 569 3358 te;
591 3282 660 3343 item
683 3303 736 3363 per
754 3284 1003 3363 praepositiones,
1024 3303 1113 3363 supra
1137 3292 1182 3356 te,
1201 3284 1277 3345 iutra
1299 3293 1345 3359 te;
1365 3286 1427 3346 item

135 3392 189 3453 per
213 3376 363 3455 adverhia,
392 3384 523 3462 proxime
550 3383 709 3457 civitatem,
738 3384 825 3462 digne
846 3384 906 3444 illo.
951 3386 1047 3445 orrrnia
1070 3394 1168 3445 autem
1187 3386 1342 3466 participia
1361 3390 1456 3465 tigit-u

136 3494 197 3537 ram
226 3479 380 3542 verhomm
410 3502 530 3543 suorum
561 3492 718 3546 sectantur.
766 3495 798 3545 ut
824 3486 902 3545 enim
928 3485 1051 3548 dicimus
1070 3506 1142 3547 curo
1165 3495 1193 3546 te
1217 3495 1247 3548 et
1270 3488 1373 3549 adiuvo
1391 3494 1425 3556 te,

70 3654 75 3662 θ
136 3579 179 3639 sic
201 3588 230 3639 ct
250 3601 357 3645 curuans
379 3582 459 3643 illum
480 3593 510 3645 et
531 3587 671 3647 adiuvans
694 3586 776 3646 illum
798 3587 911 3647 divitur.
957 3607 1031 3665 quac
1056 3597 1153 3649 autern
1181 3608 1236 3668 prro
1265 3588 1427 3670 appellatio·

135 3680 222 3742 uihus
245 3668 439 3764 usurpantur,
464 3686 537 3746 hacc
560 3688 724 3764 genetivum
750 3707 851 3748 casum
874 3688 1044 3763 admittunt,
1074 3690 1152 3751 velut
1178 3709 1282 3750 amans
1311 3690 1360 3750 lllii
1379 3694 1425 3756 est,

136 3802 226 3861 egens
253 3785 443 3864 pecuniarum
473 3795 526 3846 est.
578 3787 646 3846 item
676 3808 779 3850 omnes
808 3789 1020 3869 appellationes
1042 3808 1116 3867 quae
1136 3790 1166 3850 in
1188 3810 1223 3851 ur
1242 3792 1424 3852 terminantur

136 3931 262 3938 ————

135 3996 170 4047 26
205 3995 230 4043 N
242 4003 280 4045 ttlt
297 4002 361 4051 Μ
395 3995 413 4045 h
432 3997 510 4061 igitur
529 3996 677 4061 hydiomata

205 4188 217 4236 l
239 4204 332 4253 aegeus
349 4191 374 4238 N
459 4193 573 4255 2paucs
592 4200 649 4241 sunt
674 4207 738 4254 quoe
757 4208 843 4242 casiam
862 4211 911 4244 uon
934 4195 1064 4257 requirunt
1082 4198 1216 4247 Diomedes
1234 4213 1261 4260 p.
1279 4199 1330 4250 292
1406 4196 1419 4247 3

135 4259 218 4322 poscit
234 4258 367 4310 Diomedes
385 4260 467 4323 possit
485 4260 510 4308 N
595 4270 622 4309 nt
639 4277 684 4313 ona.
704 4262 742 4322 N,
766 4264 828 4316 add.
848 4265 980 4316 Diomedes
1066 4268 1082 4316 4
1101 4268 1140 4316 Ex
1155 4269 1248 4331 pterito
1264 4269 1325 4319 item
1342 4264 1419 4334 paiN

202 4327 323 4377 lliussua
345 4331 410 4378 inter
434 4332 531 4380 norrrina
550 4338 658 4396 quartae
683 4333 856 4384 declinationis
876 4335 960 4397 posunt
982 4336 1115 4385 Diorrredes
1211 4339 1227 4386 Ἰ
1248 4353 1281 4388 ex
1299 4340 1342 4403 pto
1362 4334 1417 4398 tami

133 4396 182 4460 pai
197 4396 223 4444 N
290 4397 307 4446 8
325 4398 500 4448 declinationis
518 4400 568 4449 sint
587 4415 667 4465 pauca
684 4402 810 4452 Diomedia
827 4405 910 4454 codex
927 4403 1062 4453 Parisinus
1081 4404 1106 4452 A
1126 4406 1228 4456 declina
1243 4422 1324 4472 pauco
1338 4407 1363 4456 N

135 4481 168 4514 ex
187 4466 279 4527 quibus
296 4468 420 4529 quaedam
437 4468 570 4519 Diomedes
592 4486 624 4518 cx
643 4487 657 4532 q
664 4507 758 4520 ......
781 4472 857 4533 qdam
875 4473 903 4521 N
917 4489 950 4522 ex
968 4473 1056 4535 quinta
1074 4476 1199 4535 quaedam
1217 4491 1253 4525 m:
1279 4477 1335 4539 quin
1350 4478 1372 4526 ia
1385 4474 1414 4520 ld·

132 4550 198 4582 cana
215 4536 308 4586 codiea's
326 4539 376 4600 lepi
389 4553 466 4599 posse
483 4539 615 4588 videbatur
683 4540 851 4590 llex.....s
866 4544 933 4592 errim
952 4543 978 4591 N
994 4551 1113 4607 expertus
1133 4546 1231 4594 «animm
1303 4543 1413 4596 ldhtdto·

134 4603 244 4652 nitatibus
261 4605 287 4653 N
357 4606 388 4655 ltl
404 4605 549 4669 lrpdiomata
564 4607 589 4655 N
657 4609 691 4657 22
710 4624 784 4659 casura
803 4612 852 4660 alio
871 4612 896 4660 N
913 4612 979 4660 ulios
998 4627 1073 4662 casus
1091 4613 1191 4664 codices
1203 4608 1412 4676 divendantlt

202 4674 236 4724 2ss
253 4673 401 4737 hydiomnta
418 4676 443 4723 N
516 4691 562 4740 por
580 4677 714 4742 participia
730 4695 776 4729 om.
789 4680 822 4744 N,
837 4683 898 4730 arld.
912 4682 1045 4732 Diomedes
1055 4697 1082 4744 p.
1094 4683 1143 4734 291
1220 4683 1255 4735 30
1268 4684 1410 4733 ciuitatemu

136 4739 239 4790 ciuitate
257 4742 282 4790 N
351 4744 384 4795 34
403 4745 428 4792 in
446 4751 485 4792 tor
503 4746 744 4809 hinneltonam
