3114 5356
139 273 203 337 236
705 272 868 336 cntutsss

190 406 213 447 p.
228 392 275 433 no.
291 394 312 435 n
330 391 352 433 r.
1223 404 1245 445 p.
1261 390 1305 434 ren
1316 390 1341 434 o
1356 390 1381 434 n.

138 464 294 526 ablativum
312 483 395 539 vero,
419 464 554 542 quotiens
575 462 604 523 in
628 461 692 522 loco
714 461 873 540 significat,
897 460 982 539 quale
1000 471 1047 521 est

610 644 615 655 Ι
692 563 826 626 Troiae
848 564 915 626 sub
938 564 1137 626 moenibus
1158 564 1266 638 altis,

140 665 210 728 item

301 768 493 849 clipeique
515 768 581 830 sub
604 767 696 830 orbe
717 776 907 847 teguntur.

140 890 206 934 cum
226 891 293 933 vero
314 871 393 933 nullo
414 871 470 932 loci
492 870 663 951 significatio
683 878 743 944 est,
762 870 929 933 indistincte
948 871 1151 952 praeponitur,
1174 871 1260 950 quale
1282 878 1329 933 est
1437 884 1453 925 s

469 960 481 989 '
745 972 814 1034 sub
836 980 871 1033 te
892 972 1059 1035 tolerare
1082 973 1264 1052 magistro

304 1075 492 1153 militism3

139 1176 212 1239 item·
230 1178 425 1240 accusativum
446 1178 502 1241 sub
521 1177 645 1240 eundem
668 1194 787 1239 sensum
1103 1232 1106 1236 ,

302 1298 389 1351 ecce
408 1289 527 1341 eutem
551 1279 660 1359 primi
682 1278 749 1339 sub
771 1279 912 1341 lumina
935 1278 1028 1340 solis
1050 1286 1086 1339 et
1106 1275 1246 1360 ortusl

224 1380 319 1440 Omne
340 1379 459 1442 verbnm
481 1381 684 1459 quodcumque
702 1381 949 1462 praepositionem
970 1381 1073 1460 recipit
1095 1380 1226 1442 ciusdem
1248 1381 1359 1443 ordinis
1378 1381 1456 1442 ders

140 1481 325 1544 clinationem
347 1481 430 1555 lacit,
454 1482 661 1544 reiut-scando
680 1480 813 1555 scandis,
836 1481 963 1543 escendo
985 1483 1136 1555 ascendis,
1158 1481 1279 1544 mordeo
1300 1482 1425 1553 mordes,

139 1583 292 1645 remordeo
312 1583 479 1645 remordes:
501 1585 630 1664 exceptis
652 1583 713 1657 his,
737 1585 818 1665 sapio
838 1603 941 1664 sapere
963 1585 1095 1661 (adiecta
1114 1585 1191 1646 enim
1213 1583 1427 1664 praepositione

42 1726 46 1733 -
140 1687 208 1748 lacit
235 1688 344 1768 resipio
367 1686 489 1766 resipiro
517 1694 546 1747 et
574 1688 607 1747 srt
628 1687 722 1765 quarti
742 1686 867 1761 ordinm,
901 1685 953 1748 sed
976 1687 1089 1767 desipio
1108 1687 1242 1767 desipere
1261 1687 1346 1760 lacit,
1370 1706 1427 1748 non

139 1788 293 1869 desipire);
316 1790 378 1850 cieo
402 1790 494 1863 ciere,
515 1788 597 1850 aceio
620 1788 729 1863 accire,
754 1789 857 1850 concio
878 1789 1010 1861 concire,
1037 1790 1117 1849 exe-io
1139 1789 1250 1864 croire;
1287 1788 1325 1849 do
1349 1787 1426 1861 dore,

139 1890 213 1952 addo
235 1891 358 1965 addere,
382 1890 486 1952 etalio
508 1891 592 1968 siqua
615 1893 807 1954 inveniuntur.
1439 1901 1461 1943 ¹⁵

224 1992 311 2054 Gaius
337 1993 427 2058 lulius
454 1997 603 2059 Romanus
632 1993 668 2054 de
695 1994 961 2074 praepositionibus
987 1994 1062 2055 libro
1089 1984 1235 2074 ἀφορμῶν
1263 1995 1303 2056 ita
1330 1996 1427 2057 relert.

139 2096 296 2160 Suetonius
327 2098 512 2178 'l'rantprillus
549 2101 585 2161 de
622 2097 710 2158 rebus
745 2095 831 2158 variis
863 2092 1148 2177 ‘praepositiollnes'
1183 2097 1276 2175 inquit
1308 2100 1428 2160 ‘omues

139 2199 257 2260 omnino
277 2207 345 2260 sunt
361 2200 471 2262 Graece
492 2199 716 2278 duodeviginti’‚
739 2198 788 2277 qui
812 2217 952 2259 numerus
973 2197 1048 2258 inter
1069 2218 1171 2260 onmes
1192 2198 1310 2260 criticos
1332 2218 1429 2278 gram·
1469 2225 1472 2231 ·

138 2301 261 2363 maticos
285 2299 415 2382 pr'oleoto
441 2303 589 2374 convenit,
616 2309 733 2365 nostros
755 2320 823 2362 vero
844 2318 910 2361 esse
933 2301 1002 2371 lios,
1026 2299 1062 2360 ab
1087 2300 1121 2360 ad
1144 2309 1261 2381 praeter
1281 2321 1335 2381 pro
1357 2321 1429 2382 prae

137 2422 229 2484 prope
249 2405 280 2464 in
301 2423 336 2465 ex
354 2404 408 2465 sub
432 2423 521 2485 super
541 2403 650 2465 subter.
694 2401 944 2483 praepositiones,
968 2402 1035 2480 quin
1056 2411 1290 2483 proeponuntnr‚
1323 2405 1466 2466 meriton

139 2514 305 2568 censentur.
349 2525 416 2567 nam
439 2514 468 2568 et
489 2505 560 2566 illud
582 2505 710 2566 Sallustii
733 2505 920 2567 historiarum
941 2504 1015 2564 libro
1044 2505 1056 2565 l
1086 2509 1195 2584 ‘quos
1225 2504 1327 2567 inter
1354 2525 1430 2568 ma-

138 2608 248 2669 xime'
287 2608 464 2688 praepositio
501 2615 562 2680 est,
598 2606 664 2683 quio
696 2626 749 2686 per
779 2609 985 2688 anastrophem
1012 2607 1135 2668 dicimus
1168 2626 1256 2687 posse
1287 2612 1427 2672 conserti.

138 2709 369 2790 praepositiones
390 2717 439 2769 aut
461 2708 577 2798 cpsibns
600 2708 727 2768 sortiunt
747 2717 796 2770 aut
817 2710 949 2788 loquellis
973 2716 1023 2769 anst
1043 2718 1072 2769 et
1094 2709 1210 2769 casibus
1233 2718 1260 2770 et
1281 2711 1428 2790 loquellis.

139 2810 254 2872 casibus
277 2810 419 2884 serviunt,
444 2818 476 2870 nt
497 2808 573 2888 apud
596 2827 703 2888 penes,
727 2811 805 2889 apud
826 2819 871 2883 te,
894 2830 984 2889 penes
1008 2820 1052 2887 te;
1082 2811 1213 2890 loquellis
1238 2832 1285 2873 nm
1311 2833 1367 2876 con
1391 2815 1427 2876 de

138 2913 167 2974 di
187 2912 231 2972 dis
250 2930 281 2971 rc
305 2929 336 2971 se
360 2930 412 2983 an,
439 2917 470 2969 ut
493 2911 653 2990 amplector
674 2912 793 2973 consedi
816 2911 931 2972 desinit.
965 2921 1078 2974 ceterae
1100 2923 1129 2974 et
1149 2914 1245 2977 verbis
1267 2916 1426 2980 cohaerent
1439 2937 1466 2977 ss

138 3021 167 3074 et
179 3012 304 3073 casibus.
350 3011 578 3092 praepositiones
601 3021 669 3073 stunt
688 3014 760 3087 hae,
782 3034 797 3075 a
819 3014 854 3074 ab
875 3013 934 3073 obs
953 3034 987 3075 ac
1009 3015 1045 3075 ad
1066 3016 1205 3078 otlrersus
1227 3037 1273 3078 am
1296 3030 1364 3081 ante
1385 3041 1427 3102 op

138 3113 215 3196 apud
243 3133 275 3174 as
304 3131 355 3173 ors.
373 3132 439 3174 cum
463 3134 561 3176 coram
588 3115 630 3176 eis
659 3115 730 3176 citra
755 3117 864 3178 circum
886 3125 985 3177 eontra
1008 3117 1133 3178 circiter
1157 3120 1232 3182 eirca
1255 3143 1310 3184 con
1332 3144 1367 3185 co
1391 3127 1426 3187 de

137 3216 166 3277 di
185 3215 230 3277 dis
252 3235 268 3276 e
292 3235 325 3277 ex
348 3236 416 3296 erga
439 3225 518 3278 extra
540 3218 570 3279 in
592 3218 668 3279 inter
689 3219 764 3280 intra
787 3220 864 3281 iuxta
886 3220 960 3280 inlro
988 3220 1025 3280 ob
1056 3222 1089 3280 ol
1114 3241 1149 3281 oc
1174 3242 1266 3302 penes
1287 3245 1341 3306 per
1359 3238 1428 3308 post

137 3326 257 3400 propter
277 3327 393 3400 praeter
414 3339 467 3400 pro
489 3340 558 3401 prae
581 3321 674 3400 palom
696 3341 787 3401 propo
806 3341 883 3401 pone
904 3323 995 3401 prode
1016 3342 1048 3383 re
1067 3343 1120 3383 suc
1143 3344 1175 3384 se
1189 3325 1251 3386 sine
1267 3327 1322 3388 sub
1338 3348 1427 3411 snper

137 3422 238 3486 subter
262 3440 360 3502 supro
384 3423 544 3484 secundum
570 3431 649 3486 trans
672 3433 757 3485 tenus
783 3442 880 3503 usque
907 3424 979 3484 ultra
1007 3424 1069 3497 uls;
1103 3426 1182 3486 volnt
1208 3448 1224 3487 a
1252 3429 1424 3506 rationibus,
1439 3459 1466 3500 ιι

207 3655 293 3706 iloco
311 3655 434 3705 Plocnm
452 3653 478 3702 N
562 3654 703 3722 2'l'roioe]
726 3656 806 3720 Verp.
827 3654 891 3704 Aen.
912 3652 970 3703 195
1057 3654 1234 3722 lelipoique]
1259 3661 1338 3724 Verp.
1358 3661 1425 3712 Aen.

139 3726 228 3777 11227
298 3723 392 3789 llsnb]
418 3726 497 3789 Verp.
516 3724 581 3774 Aen.
601 3724 727 3776 v111515
805 3719 907 3787 ileece]
932 3723 1143 3788 Verp.1len.t't
1163 3728 1213 3777 255
1291 3727 1428 3793 ριίίιιιιίΝ

136 3796 228 3861 priami
242 3796 267 3844 P
344 3795 438 3845 lumine
456 3794 505 3843 NP
584 3792 762 3844 tuumne-
782 3795 814 3845 15
832 3794 992 3844 inveniuntur
1009 3794 1089 3845 Diem.
1104 3810 1131 3858 p.
1145 3797 1196 3870 tiit
1277 3802 1384 3862 requirit
1403 3802 1428 3853 P

1144 3875 1151 3902 l
1249 3870 1255 3876 .

136 3924 161 3969 et
177 3918 233 3967 cod.
251 3915 324 3967 Leid.
418 3914 449 3967 13
473 3915 584 3982 resipere
606 3922 635 3964 ot
647 3914 673 3964 llt
691 3917 757 3965 tertii
776 3916 873 3965 ordinis
888 3915 934 3964 sed
953 3916 1053 3981 desipio
1073 3917 1188 3983 desipere
1207 3917 1267 3969 iacit
1286 3935 1336 3969 nou
1356 3921 1425 3974 desi-

135 3991 195 4053 per‘e
207 3986 233 4035 Ν
254 3985 405 4050 resipiscet
423 3985 469 4034 erit
487 3985 533 4033 llll
551 3984 647 4034 ordinis
665 3985 711 4035 sed
729 3986 835 4050 dissipio
853 3986 974 4050 dissipire
993 3985 1052 4036 iacit
1068 4002 1115 4036 nun
1136 3991 1253 4052 disepere
1270 3991 1295 4038 P
1313 3993 1424 4059 recipire

136 4059 223 4108 eterit
241 4056 307 4106 tertii
324 4054 418 4105 ordinis
433 4054 480 4104 sed
497 4055 604 4120 dissipio
623 4055 749 4120 dissipere
768 4055 829 4104 iacit
848 4070 897 4104 nou
920 4056 1046 4120 dissipere
1064 4059 1118 4109 cod.
1136 4059 1210 4109 beiti.
1299 4061 1331 4111 14
1351 4065 1424 4116 excio

136 4128 221 4178 excire
240 4125 372 4177 Diomedes
389 4128 406 4174 t.
425 4140 447 4176 c.
478 4138 540 4174 exeo
559 4126 628 4175 exire
647 4124 697 4173 NP
781 4124 813 4175 te
835 4140 897 4190 prce
912 4125 937 4173 iu
953 4141 985 4174 ex
1009 4125 1071 4188 (orn.
1091 4127 1190 4192 prope)
1209 4128 1233 4176 N
1263 4145 1324 4194 prae
1347 4148 1423 4199 prop.

135 4198 227 4248 meoP
294 4197 327 4246 '22
347 4194 406 4257 quia
417 4194 467 4242 NP
483 4210 557 4256 quam
567 4194 699 4244 Fabricium
767 4194 921 4245 onestrolsm
938 4194 963 4242 N
979 4196 1161 4247 onestrolonP
1228 4200 1261 4248 ’25
1280 4199 1321 4266 sn]
1342 4217 1424 4254 oum:

135 4284 168 4319 su
185 4274 267 4318 tuetur
283 4264 414 4316 Diomedes
429 4280 458 4328 p.
471 4264 521 4314 405
590 4265 624 4315 26
636 4267 838 4328 praepositiones
855 4265 901 4314 ebs
919 4279 952 4329 sp
969 4279 1002 4315 ou
1019 4267 1118 4316 circiter
1138 4283 1215 4332 supro
1234 4284 1312 4333 nsque
1331 4274 1355 4321 in
1376 4274 1428 4323 NP

136 4339 239 4395 amimae
257 4336 346 4388 addidi
361 4350 396 4384 erc
411 4336 531 4398 exemplis
546 4334 616 4398 infra
631 4337 722 4397 positis
795 4332 829 4384 30
844 4338 959 4398 exempla
975 4338 1184 4399 praepositionum
1201 4341 1225 4388 in
1242 4339 1293 4387 NP
1310 4342 1424 4403 merboto,

134 4423 187 4457 eum
204 4410 324 4458 rationem
339 4403 485 4475 orcletppi.
507 4405 532 4453 in
550 4421 598 4470 quo
612 4407 707 4469 popina
725 4403 842 4467 bifariam
859 4400 938 4456 divisa
962 4421 993 4456 ea
1014 4409 1159 4469 perscripto
1182 4417 1266 4467 erunt,
1295 4427 1343 4471 non
1361 4418 1426 4465 satis

135 4478 318 4528 intellexissent
333 4475 446 4539 librarii,
468 4476 492 4524 in
510 4491 578 4524 sunm
596 4475 706 4524 ordinem
721 4478 844 4526 revocavi.
878 4484 935 4526 sunt
951 4483 1031 4527 autem
1046 4477 1071 4525 in
1088 4476 1113 4525 Ν
1128 4478 1165 4527 ita
1188 4483 1299 4542 scripta,
1323 4482 1393 4532 uelut
1411 4500 1426 4534 e

137 4548 276 4598 rationibus
299 4554 357 4596 onte
378 4545 460 4594 lunum
486 4544 517 4594 ob
542 4544 687 4594 auctoribus
711 4544 839 4611 appellare
857 4545 903 4594 ubs
922 4555 944 4596 tc
961 4546 1029 4612 opud
1047 4547 1157 4596 iudicem
1176 4551 1275 4613 accepit
1292 4552 1379 4601 estulit
1398 4563 1425 4604 ut

136 4622 214 4666 neter-
235 4617 345 4667 adtraxit
360 4614 459 4681 aufugit
477 4615 592 4666 addictos
612 4614 702 4664 ²cnm
721 4615 864 4681 legionibus
884 4616 1042 4667 ssudnrersns
1060 4619 1169 4668 edictum
1189 4619 1225 4668 cis
1243 4623 1339 4684 padum
1360 4624 1425 4674 citro

1288 4688 1373 4740 cognit:

137 4737 245 4804 gestiam
269 4737 363 4786 circum
385 4737 480 4787 amicos
501 4744 587 4787 contre
609 4737 725 4788 inimicos
748 4738 847 4789 circiter
868 4736 970 4788 kalend.
996 4738 1063 4788 circo
1085 4738 1172 4789 urbem
1196 4742 1311 4807 concepit
1333 4752 1425 4809 perte

137 4815 196 4873 post
216 4821 266 4856 rem
285 4814 388 4872 propter
403 4821 449 4856 nos
468 4815 569 4872 praeter
585 4807 655 4858 iocos
673 4822 718 4873 pro
735 4823 778 4858 reo
793 4822 855 4873 pree
872 4809 925 4858 risu
944 4808 1029 4872 polum
1047 4809 1142 4874 populo
1168 4824 1247 4875 prope
1269 4828 1313 4862 rus
1334 4813 1426 4865 detulit
