3114 5356
502 327 506 335 ·
615 311 698 372 ΛΒΤ.
721 311 863 374 (11131111,
883 312 957 375 ΠΒ.
980 312 1008 373 11
1404 316 1468 378 429

1300 442 1322 484 p.
1336 430 1376 472 lu
1390 430 1414 472 P.

331 496 541 574 Albanique
562 502 702 577 patres.
962 572 971 585 ⁶

162 599 273 678 syllaba
294 598 372 658 enim
395 616 471 675 quae
492 597 558 659 sine
576 599 633 660 hoo
651 599 855 661 observatione
877 606 993 679 poterat
1014 619 1081 665 esse
1100 601 1247 681 positione
1264 601 1350 681 longa
1368 603 1466 666 brevis

162 701 299 762 efficitur.
344 701 360 758 l
377 717 494 776 quoque
512 698 624 774 littera,
642 700 667 761 si
688 700 857 780 praeposita
879 702 968 762 luerit
988 702 1129 779 liquidae,
1152 701 1286 780 quamvis
1305 703 1468 766 semivoca-

161 800 199 861 lis
221 801 275 874 sit,
309 808 406 860 inulae
429 808 527 862 nmen
554 801 690 863 obtinens
715 801 828 876 locum,
860 803 978 865 brevem
1006 804 1077 865 lacit
1104 822 1179 883 quae
1207 805 1355 884 positione
1378 805 1466 885 longa

133 902 227 962 alleri
250 907 379 981 poterat,
404 911 437 961 ut
458 912 505 962 est

998 1022 1063 1065 ore
1085 1005 1300 1067 tremebant

162 1109 193 1162 et

328 1202 418 1264 talia
441 1203 643 1266 flammato.

161 1304 311 1365 secundus
334 1313 394 1377 ost,
417 1325 484 1365 oum
509 1306 606 1366 locuni
628 1305 726 1365 brevis
748 1306 833 1384 longa
858 1318 984 1387 occupat
1011 1309 1120 1386 syllaba
1142 1329 1197 1389 per
1216 1309 1391 1388 productam
1415 1330 1465 1370 vo·

121 1405 256 1465 localem
286 1404 329 1464 vel
360 1405 562 1485 diphthongon
593 1406 674 1467 linita
701 1413 785 1486 parte
814 1406 954 1469 orationis
982 1427 1038 1469 neo
1066 1410 1124 1471 ulla
1152 1410 1325 1489 interposita
1356 1431 1478 1473 conso·-

161 1515 267 1581 nante,
289 1515 320 1567 ul
338 1514 383 1566 est

328 1615 363 1666 te
387 1607 571 1685 Corydon,
597 1627 615 1668 o
636 1607 757 1681 Alexi,

161 1716 193 1767 et

327 1807 475 1868 insulae
498 1807 603 1868 lonio
629 1807 667 1868 in
691 1824 840 1885 magn03

125 1927 149 1968 us
163 1888 263 1969 ut'est
280 1909 454 1970 llomerious
476 1909 540 1981 ille,

330 2002 373 2069 οὔ
394 2010 431 2068 τί
449 2031 511 2087 μοι
533 2008 637 2076 αἰτίη
659 2005 753 2067 ἐσσί·
777 2006 868 2066 θεοί
887 1998 932 2065 νύ
952 2028 1013 2083 μοι
1033 2009 1160 2070 αἴτιοί
1178 2010 1278 2070 εἰσιν

162 2122 191 2173 et
1123 2123 1127 2131 '

326 2203 447 2288 ἄνδρα
468 2229 529 2286 μοι
554 2207 703 2284 ἔννεπε,
727 2210 871 2271 Μοῦσα.

161 2313 282 2385 tertius,
311 2330 378 2372 curn
400 2304 429 2370 ln
452 2313 512 2371 dno
535 2311 627 2389 partis
637 2310 786 2376 ‚orationis
808 2330 891 2373 versa
913 2313 976 2373 vice
997 2313 1062 2374 loco
1082 2313 1187 2392 longae
1209 2314 1330 2394 ponitur
1349 2313 1460 2376 uocalis

121 2437 145 2478 su
159 2420 294 2492 correpta
313 2430 371 2472 nna
392 2411 564 2490 interposita
587 2420 785 2487 consonante,
809 2420 842 2473 ut

327 2511 464 2572 emieat
485 2511 672 2592 Euryalus
695 2520 730 2573 et
749 2532 913 2590 munere,

157 2616 229 2674 item

324 2721 526 2801 ostentans
548 2723 742 2793 artemque
763 2725 873 2797 pater
891 2734 1094 2796 arcumque
1115 2725 1315 2804 sonantem

158 2823 188 2876 et

117 2947 144 2985 25
326 2914 448 2975 omnia
471 2913 590 2975 vincit
610 2935 726 2993 amor;
785 2968 788 2973 .

158 3026 191 3078 ut
213 3024 260 3078 est
281 3015 359 3095 apud
381 3015 542 3076 Homerum

328 3115 500 3195 Νέστορα
522 3110 551 3174 δ’
575 3109 642 3177 οὐκ
662 3117 801 3180 ἔλαθεν
823 3113 920 3199 ἰαχή.

158 3227 298 3296 quartus,
327 3238 394 3279 cuni
416 3228 581 3299 correptam
603 3219 732 3280 vocalem
753 3221 827 3282 duae
852 3229 1049 3282 consonantes
1072 3229 1213 3282 secuntur
1233 3241 1357 3300 quarum
1379 3223 1461 3303 prior

158 3339 174 3379 s
196 3319 293 3380 littora
315 3327 376 3392 est,
406 3338 480 3397 quae
501 3319 629 3398 syllabae
650 3321 763 3382 ratione
783 3323 947 3383 eommunis
968 3322 1047 3383 velut
1069 3321 1173 3383 sibilus
1192 3323 1288 3403 posita
1309 3325 1368 3384 uim
1389 3344 1460 3385 oon·

115 3446 143 3485 uo
159 3420 295 3482 sonantis
323 3421 439 3482 amittit.
484 3420 630 3482 interdum
650 3421 728 3481 onim
746 3421 921 3501 liquidarum
939 3422 1034 3500 legem
1057 3431 1165 3497 mutat,
1199 3424 1225 3486 si
1250 3424 1370 3502 quidem
1391 3424 1459 3485 illae

157 3522 333 3584 subiunctas
359 3522 448 3583 mutis
470 3529 623 3602 utramque
645 3531 819 3603 potestatem
841 3524 1009 3604 possident,
1034 3525 1108 3585 haee
1132 3545 1201 3587 vero
1222 3525 1380 3606 plurimum
1402 3525 1458 3586 sibi

157 3623 298 3684 ‹lelondit
343 3643 402 3684 nou
425 3624 521 3685 solum
540 3626 618 3686 enim
637 3624 825 3703 subiungitur
843 3642 943 3684 verum
969 3624 1057 3687 etiam
1084 3646 1100 3687 e
1123 3627 1269 3688 contrario
1291 3625 1458 3706 praeposita

157 3725 226 3786 loco
247 3723 374 3802 liquidae
395 3724 540 3802 iungitur,
563 3733 596 3786 ut
617 3733 663 3787 est

326 3826 455 3905 ponite
480 3845 569 3906 spes
591 3825 665 3888 sihi
686 3825 861 3905 quisque,

229 4037 241 4085 l
263 4033 413 4101 Albanique}
439 4037 518 4098 Verp.
537 4036 602 4085 Aen.
622 4036 667 4084 17
755 4046 849 4101 patres.
874 4037 953 4103 longa
971 4038 1005 4086 ibl
1023 4036 1119 4102 (Verp.
1139 4037 1205 4089 Aen.
1226 4040 1260 4090 lll
1277 4040 1355 4106 673),
1371 4051 1397 4092 at
1412 4057 1458 4107 ge-

157 4122 208 4156 nus
226 4122 240 4155 e
258 4107 331 4155 siluis
349 4105 487 4169 Cyclopum
504 4112 529 4152 et
544 4104 673 4154 montibus
692 4114 717 4155 et
735 4115 826 4156 cetera.
846 4114 872 4154 et
889 4108 985 4171 (Verp.
1004 4105 1071 4156 Aen.
1091 4106 1138 4155 Vll
1158 4108 1221 4170 176)
1239 4111 1370 4176 perpetuis
1389 4111 1456 4159 rolltl

156 4186 244 4242 putres
261 4175 393 4224 considere
412 4174 516 4223 mensis.
536 4172 669 4237 syllabae
755 4171 1166 4240 dorelVerp.Aeu.X1132
1251 4176 1355 4242 nutu]
1377 4180 1456 4242 Verp.

155 4247 223 4295 Aen.
242 4245 252 4292 l
271 4243 305 4293 50
392 4241 424 4292 10
439 4240 598 4307 dipthougon
617 4243 643 4291 B
660 4241 828 4309 dypthongon
846 4243 871 4292 A
890 4244 1040 4311 dyptougon
1060 4241 1093 4290 M
1174 4245 1207 4294 12
1222 4244 1257 4313 to]
1279 4248 1358 4310 Verp.
1376 4247 1457 4297 bucol.

154 4318 181 4371 2.
201 4314 235 4364 65
319 4312 352 4362 14
370 4313 467 4361 insulae
485 4310 578 4362 ABM.
600 4314 679 4376 Ver-p.
700 4313 819 4363 Aenslll
837 4312 887 4363 211
972 4312 1004 4363 lo
1023 4311 1103 4376 ntymi
1121 4314 1185 4362 etiae
1203 4322 1272 4363 esoet
1289 4312 1417 4379 heynymy
1433 4323 1458 4364 et

154 4383 248 4445 tryiuin
267 4382 292 4429 A
312 4381 392 4445 utymi
409 4381 474 4429 etiae
491 4382 554 4429 esoit
571 4379 684 4444 heinimy
707 4390 732 4430 et
755 4381 832 4445 iylcin
850 4381 878 4429 B
899 4382 936 4430 uti
958 4381 1067 4444 myetlae
1085 4390 1153 4431 esset
1176 4380 1301 4446 heyuamy
1322 4383 1379 4433 etlsl
1398 4384 1457 4433 euin

155 4453 196 4502 M.
217 4453 293 4500 Hom.
313 4451 345 4499 Il.
367 4447 393 4497 Γ
411 4449 460 4500 164
532 4448 565 4500 18
585 4449 690 4499 andrum
709 4448 792 4500 henne
809 4465 916 4517 pomosa
934 4449 1026 4500 ABM.
1044 4450 1119 4500 Hom.
1139 4448 1185 4500 Od.
1206 4451 1228 4498 A
1248 4451 1260 4500 1
1345 4452 1377 4501 21
1397 4453 1459 4502 emi-

155 4530 202 4588 εει
221 4517 288 4570 AM.
312 4520 390 4583 Verp.
404 4520 471 4569 Aen.
490 4518 513 4566 V
530 4518 581 4571 337
632 4517 685 4570 «33
703 4527 817 4569 ostentas
832 4518 871 4568 M.
897 4521 976 4584 Verp.
990 4518 1055 4568 Aen.
1074 4518 1097 4566 V
1114 4519 1164 4568 521
1235 4526 1314 4568 artem
1334 4522 1459 4587 pariterr

226 4585 716 4652 noomnia1Ver-p.tuoot.10,69
802 4588 837 4640 26
859 4588 929 4654 apud
952 4584 1105 4651 Homerum]
1131 4587 1164 4638 11.
1188 4585 1253 4641 sl
1342 4589 1376 4639 27
1400 4605 1460 4639 nes·

154 4671 212 4709 tora
231 4658 297 4706 dirce
321 4657 421 4721 (dnicae
438 4655 480 4719 B)
505 4655 589 4706 lothen
613 4655 685 4706 iacho
701 4656 788 4707 ABM
864 4656 898 4706 28
922 4665 1063 4722 sequuntur
1088 4655 1120 4704 M
1200 4653 1237 4706 30
1257 4658 1406 4708 ummlttltur
1429 4658 1463 4710 Μ

226 4726 257 4778 31
279 4725 416 4790 possedent
437 4725 488 4774 AB
574 4724 608 4776 33
626 4727 681 4775 loeo
700 4723 732 4774 M
753 4726 830 4790 loquo
847 4726 874 4776 B
896 4726 951 4776 loco
969 4739 985 4774 a
1003 4724 1028 4773 A
1115 4723 1150 4775 34
1171 4723 1275 4792 ponlte]
1297 4728 1376 4794 Vera.
1393 4727 1459 4781 Aen.

152 4795 262 4846 111309
