3114 5356
197 296 258 361 ero
759 275 912 359 cuuusu

157 424 172 455 ·
248 411 522 566 ogram-nomen
544 484 661 562 quidun
683 490 729 544 cst
749 488 875 563 aptoton,
903 480 1027 559 ideoque
1047 481 1079 541 C.
1098 480 1181 541 Cotta
1202 496 1264 558 pro
1284 407 1484 572 Clllilelurio

196 588 272 650 libro
299 588 312 650 l
340 591 395 649 ‘tu
423 586 527 649 solus
554 586 615 648 hic
642 603 722 646 cum
750 578 909 665 optimis,
937 591 974 644 tn
1002 582 1044 644 de
1069 589 1132 642 tua
1156 589 1293 661 sponte
1315 581 1378 643 hic
1399 601 1482 645 cnm

195 691 411 772 religione’.
447 732 452 746 .

284 794 381 857 Setius
402 812 456 874 pro
475 791 575 881 minus
593 791 728 853 Afranius
749 790 776 850 in
792 786 955 867 Repudiato,

479 894 605 975 perdit
623 892 756 973 ingens
776 888 1001 953 inbecillitas
1021 899 1082 951 tna
1101 909 1156 953 rne
1181 908 1250 969 quo
1272 890 1395 954 setius
1496 908 1510 951 5

362 1016 417 1060 me
439 996 629 1075 colligam.

283 1100 409 1178 Sequins
430 1100 508 1162 idern
528 1099 558 1161 iu
581 1099 693 1173 eodem,

365 1202 439 1278 sin,
468 1202 502 1263 id
522 1200 617 1281 quod
639 1217 710 1260 non
732 1218 848 1280 spero,
877 1195 972 1260 ratio
993 1196 1086 1258 talis
1107 1195 1263 1273 sequius
1283 1196 1481 1261 ceciderit

285 1301 394 1363 Statim·
408 1305 513 1366 Accius
535 1304 565 1364 in
587 1300 782 1363 didascalicon
802 1299 887 1375 lllll,

362 1405 567 1485 vectigalia
588 1410 744 1485 egerant
763 1410 892 1477 vestra,
915 1409 949 1464 ct
970 1408 1166 1464 struantur
1189 1399 1331 1474 statim,
1499 1425 1523 1467 u

199 1524 253 1586 pro
273 1512 380 1566 statute
402 1514 432 1567 et
450 1504 590 1566 ordinate.

286 1607 453 1669 Subinde
480 1607 579 1688 Nepos
606 1608 642 1669 de
669 1608 828 1670 intnstubu
860 1604 987 1669 viris'll.
1033 1604 1084 1668 sed
1110 1613 1140 1666 et
1164 1604 1274 1666 Brutus
1305 1613 1335 1665 et
1361 1606 1484 1669 Coelius

200 1711 369 1790 [requenter
390 1727 424 1770 eo
446 1709 491 1771 usi
513 1717 590 1770 sunt„

284 1811 376 1873 Secus
398 1831 452 1891 pro
474 1820 541 1892 post
562 1812 756 1895 Sempronius
773 1812 868 1875 Asdlio
896 1810 1083 1872 historiarum
1105 1809 1200 1883 Xllll‚
1227 1812 1288 1871 ‘ue
1317 1819 1485 1891 possent

200 1913 257 1975 rel
279 1914 447 1975 sationes
469 1915 595 1976 lacere
617 1916 685 1977 hoc
707 1919 840 1988 secus’‚
861 1914 889 1975 id
912 1922 958 1975 est
978 1931 1036 1975 non
1059 1912 1151 1974 multo
1173 1920 1250 1992 post.
1502 1940 1525 1981 u

286 2017 458 2078 Secunde
478 2019 548 2080 Cato
571 2036 674 2092 senex,
696 2026 728 2079 ut
745 2016 875 2080 llariruus
897 2024 987 2078 notat.

285 2118 390 2180 Sedate
426 2120 527 2182 Cicero
561 2119 789 2181 Tusculanarum
819 2120 856 2193 lt,
895 2116 1142 2180 ‘exclamabis
1177 2124 1213 2178 ut
1245 2117 1381 2180 mulier
1415 2138 1485 2181 nec

201 2227 426 2283 constanter
447 2229 483 2283 et
503 2221 633 2283 sedate
653 2222 778 2282 leres’.

287 2324 378 2385 Serus
397 2344 450 2405 pro
469 2324 551 2385 aliter
569 2323 692 2386 Naeuius
712 2323 742 2384 in
763 2322 921 2402 Agitatoria

370 2444 476 2487 secus
497 2425 527 2486 si
551 2445 714 2506 umquam
734 2425 921 2503 quiequam
945 2424 1030 2499 leci,
1055 2425 1278 2487 carnificem
1301 2426 1409 2501 cedo,
1500 2442 1527 2483 ao

200 2534 229 2589 ct
248 2527 368 2589 Plautus
390 2528 419 2588 in
439 2528 532 2590 Caeco

571 2629 667 2690 nihil
689 2630 758 2690 leci
780 2648 887 2690 secus
907 2646 1012 2707 quam
1034 2646 1088 2688 ure
1107 2628 1230 2703 decet,
1273 2698 1275 2703 ,

199 2733 270 2793 Cato
286 2730 322 2791 de
339 2727 492 2791 consulatu
511 2749 564 2792 suo
584 2732 711 2791 ‘secus
735 2736 888 2791 aetatem
908 2748 1054 2807 agerem
1076 2748 1179 2808 altram
1202 2725 1483 2811 illi'egisseut'.

285 2831 367 2891 Serio
393 2850 447 2911 pro
477 2850 541 2892 rere
563 2832 685 2899 Naevius
715 2831 743 2891 iu
767 2829 932 2903 Tarentilla,
963 2831 1112 2891 ‘vereor
1142 2832 1272 2908 serio'‚
1309 2835 1431 2899 Plautus
1456 2839 1485 2899 in

198 2931 393 2993 Bacchidibus
1499 2958 1526 2998 as

756 3036 862 3097 ioeon
885 3036 1102 3098 adsimulem
1125 3056 1168 3098 an
1192 3037 1314 3100 serio?

283 3136 385 3197 Sarcte
411 3155 465 3215 pro
495 3136 615 3216 integre.
660 3139 766 3200 sarcire
792 3139 866 3200 euim
891 3147 935 3200 est
963 3139 1106 3218 integrum
1134 3140 1239 3201 lacero.
1287 3140 1355 3201 hinc
1385 3145 1486 3203 ‘sarta

197 3244 273 3301 tecta
296 3237 336 3298 uti
351 3235 365 3317 ΙΙ
381 3238 455 3299 siut'
477 3258 567 3319 opera
586 3240 701 3320 pudilica
726 3236 870 3325 [publice]
896 3242 1043 3314 locantur,
1072 3249 1101 3302 et
1122 3251 1154 3303 ut
1176 3242 1335 3325 Porphyrio
1356 3263 1390 3304 er
1415 3245 1487 3307 Ver·

196 3338 241 3400 rio
259 3347 289 3401 et
310 3339 396 3401 Festo
426 3340 473 3401 ‘in
492 3343 696 3420 auguralibus*
718 3344 808 3423 iuquit
829 3343 927 3405 ‘liluis
945 3344 983 3405 ita
1006 3352 1067 3418 est,
1095 3364 1187 3406 saue
1220 3353 1421 3424 secreteque
1445 3393 1451 3406 .
1478 3394 1485 3406 .

1497 3462 1524 3503 eo

298 3748 400 3800 agerem
417 3748 494 3798 quanm
511 3733 548 3782 illi
567 3735 679 3800 egissent
691 3751 707 3783 ε·
719 3732 745 3803 ll
757 3752 788 3785 ou
806 3736 871 3787 serio
884 3750 899 3783 ι·
915 3735 1002 3786 Sorcte
1018 3751 1037 3800 g
1056 3737 1152 3801 iutegre
1170 3732 1326 3784 soreii-otte
1333 3769 1410 3782 .....
1418 3735 1433 3783 r'

326 3821 405 3871 -Ser'ro
419 3836 437 3884 g
452 3835 511 3870 uere
524 3822 616 3886 nutrius
631 3822 657 3871 in
669 3822 792 3872 tarentilla
809 3838 895 3873 uereor
908 3824 975 3872 serio
988 3823 1047 3889 plari
1060 3824 1086 3871 iu
1099 3821 1191 3871 haeclrl
1202 3821 1275 3870 iocou
1290 3819 1435 3871 adsimulem
1451 3824 1487 3875 25

299 3906 383 3958 iacere
411 3906 471 3957 hinc
501 3915 570 3958 samo
594 3915 660 3958 tecto
694 3910 729 3958 uti
755 3910 803 3958 siut
835 3924 911 3975 opera
941 3910 1044 3976 publica
1072 3911 1171 3976 pubuco
1204 3909 1317 3959 locnutur
1349 3917 1374 3959 et
1406 3918 1434 3960 ut

298 4028 413 4093 porlnrio
426 4044 459 4078 ex
473 4029 544 4078 nerio
560 4037 584 4078 et
596 4028 662 4081 leste
677 4031 702 4079 in
721 4031 859 4096 singuralih:
876 4032 957 4096 inquit
975 4031 1047 4084 libris
1067 4013 1128 4082 itn⁰
1147 4048 1208 4083 sarie
1227 4038 1349 4094 surcteq..
1360 4067 1367 4079 .
1378 4033 1433 4095 ,1113

264 4168 297 4217 27
320 4175 358 4217 eat
382 4144 508 4234 integrum
533 4166 616 4218 facere
638 4183 660 4218 ω

264 4345 276 4393 1
297 4341 417 4409 ideoque]
437 4350 461 4392 et
481 4358 511 4393 eo
529 4359 546 4408 g
563 4342 589 4392 N
605 4350 629 4393 et
649 4357 679 4391 eo
698 4342 766 4404 quod
783 4358 805 4391 ω
829 4351 852 4392 et
872 4358 901 4393 oo
920 4344 999 4392 utitur
1017 4340 1149 4394 Putaebiuo
1236 4356 1283 4408 pro
1302 4358 1347 4393 ora.
1368 4341 1406 4408 N,
1425 4344 1488 4394 odd.

195 4412 328 4465 munaus
415 4415 518 4463 Veturio
537 4413 660 4478 Megerus
678 4419 744 4464 orat.
764 4414 832 4463 Rom.
850 4415 944 4478 fragm.
961 4429 989 4477 p.
1008 4412 1059 4465 343
1076 4413 1116 4463 ed.
1136 4429 1187 4464 sec.
1205 4414 1300 4463 ueterio
1319 4411 1344 4461 N
1425 4417 1490 4466 2111

195 4484 267 4535 solus
285 4483 318 4546 N,
335 4491 362 4533 ut
380 4483 437 4533 melei
452 4482 593 4543 uidebatur,
605 4491 633 4559 ⁰t.
645 4482 716 4548 .plns
732 4482 926 4542 bladeimarius,
942 4499 987 4535 om.
1006 4499 1027 4534 ω
1097 4483 1113 4532 5
1130 4486 1173 4533 tub
1191 4499 1256 4546 equo
1274 4483 1304 4533 Ν·
1316 4491 1385 4532 tuam
1405 4498 1490 4547 aequo

194 4570 215 4604 ω
233 4563 276 4604 tna
293 4570 333 4604 me
350 4567 400 4616 quo
418 4553 551 4604 Pulsehiue
639 4552 673 4603 10
692 4562 794 4618 egerant
812 4564 895 4605 vestra
913 4563 937 4604 et
955 4562 1085 4605 struuntur
1102 4552 1276 4603 Lmhooonuue
1293 4553 1346 4605 ind.
1365 4555 1423 4605 lect.
1437 4554 1490 4604 Be-

194 4627 245 4674 rot.
262 4624 312 4675 bib.
332 4640 358 4675 o.
380 4625 446 4676 1849
463 4625 524 4688 aar
550 4623 664 4688 legerant
683 4631 767 4674 uestro
790 4634 814 4675 et
836 4634 969 4676 seruantur
993 4625 1033 4674 N:
1059 4625 1094 4687 cs.
1118 4622 1235 4674 Nitaebet.
1261 4624 1293 4673 de
1311 4624 1383 4684 fiatri.
1409 4626 1490 4675 litter.

193 4708 219 4755 ρ.
242 4692 271 4743 11
363 4694 395 4745 la
419 4708 498 4759 nepos
516 4701 587 4744 sente
605 4695 622 4744 ia
640 4693 750 4744 sationes
769 4692 961 4762 (relectiones)
978 4694 1003 4744 N
1025 4708 1057 4743 ne
1074 4704 1179 4759 possent
1197 4704 1239 4744 aut
1257 4694 1381 4744 stationes
1396 4711 1419 4744 ω

198 4761 229 4813 16
248 4763 360 4814 secundo
377 4779 398 4813 ω
487 4767 518 4816 17
537 4764 737 4814 Tusculanarum
755 4765 795 4830 ll]
813 4767 857 4829 20,
875 4764 909 4814 46
995 4761 1028 4814 23
1047 4764 1078 4814 de
1095 4765 1189 4813 consuo
1208 4779 1282 4814 secus
1299 4762 1325 4813 N
1408 4764 1444 4815 at
1463 4764 1490 4814 in

196 4831 377 4898 Bacchidibus]
399 4836 409 4883 l
431 4834 454 4895 l,
473 4836 506 4886 42
524 4834 571 4898 (75
589 4833 623 4900 R)
699 4836 732 4887 27
748 4833 846 4900 Sarcte]
868 4833 937 4884 Fert.
952 4848 981 4897 p.
1000 4832 1051 4885 322
1067 4834 1107 4886 ed.
1125 4832 1200 4887 blut.
