3114 5356
715 334 913 399 exesam
1401 341 1463 403 539

159 520 296 601 pellatira
319 537 393 598 quae
413 519 552 581 feminina
572 521 602 581 in
622 541 639 582 a
660 521 786 596 iaciunt,
815 522 894 585 relat
915 523 1060 604 superbus
1082 523 1226 606 superna,
1248 452 1464 604 soliassum&

158 623 232 683 item
252 621 300 683 illa
324 639 399 700 quae
417 640 452 683 ex
471 620 633 702 participiis
655 623 789 697 veniunt,
816 624 865 685 lric
885 633 997 686 tractus
1022 625 1110 686 huius
1136 627 1237 700 tracti,
1263 626 1312 688 iric
1338 648 1462 708 pressus

161 723 251 784 huius
273 723 385 804 pressi;
421 721 489 783 item
512 732 542 783 et
565 740 640 801 quae
661 724 837 787 nominativo
864 726 1078 806 corripiuntur,
1111 726 1189 789 velut
1211 727 1296 790 locus
1322 732 1460 807 muudus,

161 832 286 905 excepto
308 832 412 905 portus
434 832 553 904 portus,
582 823 651 903 quia
669 832 790 903 quartae
812 827 1016 890 declinationis
1038 839 1092 890 est.
1137 828 1225 908 longe
1246 836 1344 893 auteur
1365 833 1462 896 solent

131 943 261 987 serrare
288 926 338 1004 qui
365 926 512 988 secundae
540 925 743 989 declinationis
768 927 908 990 feminina
935 937 1044 1007 negant
1067 949 1149 1004 esse,
1182 949 1249 992 cum
1276 932 1360 1014 plura
1382 936 1462 997 inve·

158 1028 296 1102 niuntur,
327 1036 359 1089 ut
386 1027 460 1089 llaec
488 1027 571 1091 colus
592 1036 622 1088 et
643 1028 717 1089 haec
739 1029 863 1105 humus,
896 1028 966 1092 item
990 1030 1131 1111 pleraque
1151 1032 1310 1096 cirimtium
1331 1038 1460 1113 ιοιιιιιιι,

159 1130 323 1192 Damascus
344 1128 468 1208 Berytus
488 1129 597 1208 Τιιιιι,
627 1126 697 1189 item
722 1128 876 1205 amonim,
901 1131 981 1192 velut
1007 1132 1108 1194 laurus
1135 1132 1233 1196 ulmus
1255 1143 1341 1199 taxus
1365 1137 1461 1200 buxus

159 1248 281 1293 cerasus
309 1232 402 1309 lagos.
447 1230 547 1311 plures
574 1238 671 1291 autern
698 1240 731 1292 ut
754 1241 875 1311 quarme
902 1235 1106 1298 declinationis
1127 1235 1294 1297 extulerunt
1311 1237 1386 1299 llaec
1407 1259 1461 1301 no·

157 1334 239 1396 mina
261 1333 415 1407 arborum,
438 1341 470 1393 ut
485 1332 628 1411 Vergilius
649 1332 729 1411 ‘qui
751 1333 925 1414 tripodas
949 1336 1051 1398 Clari
1070 1336 1231 1399 laurus’.
1261 1340 1344 1418 siqua
1361 1349 1459 1401 autem

118 1454 146 1496 ro
160 1434 323 1497 masculina
345 1434 523 1497 nominativo
542 1433 761 1515 producuntur,
789 1436 982 1498 haecomnia
1009 1446 1130 1517 quartae
1156 1446 1226 1500 sunt
1247 1439 1460 1515 declinationis,

159 1544 193 1598 ut
214 1537 263 1598 hic
284 1544 405 1598 scamus
427 1535 516 1597 huius
536 1542 666 1597 senatus.
717 1552 893 1615 caramquam
922 1546 1037 1600 veteres
1062 1540 1160 1601 omnia
1188 1549 1309 1619 duanae
1332 1540 1462 1603 declina·

159 1626 250 1699 tionis
271 1645 304 1698 nt
324 1637 472 1699 secundae
502 1635 683 1711 extulerunt,
708 1646 742 1698 ut
764 1637 922 1700 Sallustius
950 1643 1047 1701 ‘narn
1074 1640 1220 1703 dnobus
1246 1643 1369 1704 senati
1398 1643 1461 1703 de·

162 1739 315 1815 cretis’,
337 1738 538 1800 et'lereutins
558 1737 729 1817 ‘quaesti
751 1738 891 1816 gratia'
910 1747 940 1800 et
961 1741 1078 1802 ‘nihil
1100 1742 1278 1804 tumulti'.
1306 1743 1458 1823 acipiun-

159 1848 211 1902 tur
228 1839 303 1902 llaec
325 1839 389 1905 sola
411 1856 487 1918 quae
515 1849 585 1902 sunt
606 1826 809 1901 declinationis
832 1839 950 1913 tertiae,
979 1843 1116 1919 quoniam
1141 1843 1174 1903 'et
1202 1852 1341 1906 crescunt
1369 1862 1459 1923 geno·

118 1961 145 2002 rs
159 1941 220 2004 tiro
247 1950 276 2029 et
299 1942 363 2005 sola
390 1941 579 2004 inveniuntur
604 1938 635 2002 in
662 1939 747 2002 tertia
773 1939 968 2004 declinatione
987 1942 1018 2004 iu
1039 1963 1075 2005 us
1098 1944 1269 2018 terminata,
1296 1943 1458 2006 masculina

158 2044 296 2124 quidun,
317 2043 367 2105 hic
385 2041 476 2121 Ligus
495 2042 627 2122 liguris,
647 2040 731 2123 lepus
752 2041 877 2122 leporis,
905 2062 972 2129 mus
990 2045 1097 2119 muris,
1126 2052 1210 2107 vetus
1229 2045 1354 2121 ueteris,
1381 2045 1460 2125 quod

158 2154 209 2208 est
229 2144 317 2208 trium
339 2162 495 2223 genernm3
524 2142 663 2206 feminina
683 2149 797 2218 autem,
822 2144 896 2207 haec
918 2146 1054 2208 iuuentus
1073 2147 1200 2209 servitus
1219 2154 1359 2209 senectus
1379 2144 1459 2206 salus

160 2247 256 2310 virtus
282 2247 381 2309 Venus
407 2245 494 2308 tellus
520 2246 616 2327 palus.
665 2244 735 2307 item
763 2246 883 2309 secundi
911 2258 981 2311 sunt
1007 2248 1118 2311 ordinis
1145 2265 1222 2328 qrrae
1248 2247 1279 2309 in
1305 2266 1357 2319 ευς
1381 2244 1459 2326 apud

159 2350 290 2411 Graecos
322 2348 527 2430 proteruntur,
562 2347 641 2410 relut
665 2348 791 2427 Tydeus.
849 2347 898 2410 hic
925 2349 1001 2410 enim
1030 2351 1146 2430 ludens
1174 2348 1262 2411 huius
1288 2345 1387 2426 Tydei.
1432 2355 1459 2406 et

114 2472 145 2514 so
159 2468 197 2514 ea
223 2450 344 2513 nomina
374 2448 504 2511 secundo
531 2448 626 2511 ordini
656 2447 818 2510 attribuunt
844 2466 919 2528 quae
948 2451 1032 2531 apud
1059 2451 1188 2512 Graecos
1220 2447 1354 2528 genetivo
1388 2465 1459 2509 casu

157 2546 404 2631 sumaimup«
431 2557 519 2628 aaut,
550 2549 629 2613 velut
658 2540 810 2627 Ἀχιλλεύς
831 2538 1001 2629 lividius,
1027 2542 1186 2624 Ὀδυσσεύς
1205 2538 1379 2623 Ὀδυσσέος,
1411 2548 1460 2608 hic

159 2652 289 2716 achilles
316 2652 404 2716 huius
435 2653 554 2727 achilli,
592 2651 641 2712 hio
673 2651 770 2714 Vlixes
799 2651 887 2714 huius
915 2653 998 2715 Vlixi.
1047 2653 1100 2715 sed
1130 2651 1248 2733 quidaru
1279 2650 1382 2713 dicunt
1410 2650 1459 2710 lric

158 2754 288 2818 Achilles
307 2754 395 2817 liuius
413 2753 550 2828 Achillei,
575 2752 670 2815 Vlixes
693 2752 800 2831 Vlixei;
827 2752 875 2815 alii
898 2774 967 2817 vero
989 2752 1067 2816 tertii
1089 2754 1200 2816 ordinis
1219 2752 1346 2815 Achilles
1363 2751 1461 2814 schil-

159 2857 215 2932 lis,
247 2856 343 2918 Vlixes
364 2856 462 2918 Vlixis.
512 2872 619 2917 nomen
648 2853 844 2918 masculinum
873 2857 1024 2939 proprium
1051 2854 1199 2933 singulare
1224 2852 1346 2934 simplex
1371 2852 1461 2915 decli·

113 2986 144 3028 a
159 2958 289 3022 nationis
308 2957 453 3019 secundae
475 2958 514 3018 ita
534 2965 659 3036 utroque
679 2957 843 3019 declinatur
860 2975 1001 3032 numero,
1019 2956 1070 3017 lric
1088 2956 1203 3016 llarcus
1222 2954 1310 3016 huius
1324 2952 1413 3014 llarci
1431 2962 1461 3014 et

160 3069 330 3140 sequenter.
375 3059 444 3120 item
472 3077 546 3137 quae
572 3068 639 3120 ante
663 3078 698 3120 us
720 3058 861 3139 syllabam
889 3059 1033 3122 habenti
1061 3058 1105 3119 sic
1131 3056 1330 3130 declinantur,
1358 3063 1391 3115 ut
1413 3052 1463 3115 nic

160 3160 345 3225 concordius
366 3159 454 3221 huius
475 3158 639 3222 Concordii.
655 3154 669 3242 ll
684 3159 755 3220 item
769 3160 926 3238 feminine,
945 3161 1018 3223 llaec
1037 3161 1138 3222 laurus
1159 3158 1248 3221 huius
1270 3156 1353 3217 lauri.
1387 3172 1460 3216 nen-

160 3273 241 3326 trum
262 3279 368 3324 nornen
394 3261 424 3321 in
451 3280 488 3323 us
515 3269 700 3342 correptum,
735 3261 815 3341 quod
842 3261 1028 3342 singulariter
1051 3270 1164 3323 tanturn
1192 3257 1371 3329 declinatur,
1402 3256 1459 3316 lroc

159 3364 243 3426 rinus
264 3363 351 3425 hadus
372 3362 425 3424 viri
450 3363 519 3424 huic
540 3363 603 3424 viro
630 3361 688 3423 lroc
708 3362 787 3424 virus
814 3363 929 3425 ovinis
956 3363 993 3424 ab
1021 3363 1078 3424 lroo
1106 3363 1177 3423 riro.
1222 3358 1252 3420 in
1274 3364 1460 3428 amaeam,

115 3490 146 3534 so
159 3466 221 3528 hoc
247 3464 367 3538 bellum,
411 3464 479 3526 item
507 3480 582 3542 quae
605 3473 674 3525 ante
701 3482 750 3527 um
776 3463 887 3527 liabent
913 3464 922 3525 i
951 3464 1084 3526 similiter
1111 3454 1312 3531 declinantur,
1344 3467 1377 3518 ut
1402 3455 1459 3515 lroc

159 3566 292 3633 studium
311 3567 399 3629 huius
418 3565 516 3628 studii.
559 3564 631 3628 illud
653 3567 822 3630 memineris
842 3565 921 3647 quod
943 3566 1041 3627 omnia
1063 3565 1180 3627 nomina
1202 3558 1363 3624 mamlius
1384 3574 1460 3636 quae

159 3678 231 3732 ante
258 3688 294 3731 us
321 3666 460 3748 syllabam
483 3665 491 3727 l
514 3664 640 3743 habent,
668 3669 748 3735 ‚llaec
775 3667 910 3750 genetivo
936 3666 1077 3746 singulari
1106 3665 1228 3728 eandem
1254 3662 1381 3724 litterum
1408 3678 1457 3739 ge-

160 3770 300 3834 minatam
327 3767 487 3849 recipiunt,
517 3768 596 3830 velut
622 3767 671 3830 hic
699 3769 882 3832 concordius
910 3768 999 3830 huius
1028 3767 1200 3842 Coucurffii,
1230 3763 1340 3826 Marius
1367 3761 1459 3834 ilarii,
1544 3808 1547 3815 .

158 3870 304 3934 'lleracius
324 3869 449 3934 'l'lrraoii
493 3869 523 3931 iu
545 3870 640 3932 dativo
663 3890 732 3934 rero
755 3882 783 3933 et
810 3869 935 3932 ablativo
955 3869 1060 3950 plurali
1083 3869 1206 3930 eandem
1229 3865 1238 3925 i
1259 3865 1387 3927 litteram
1409 3880 1485 3941 geu
1529 3876 1531 3880 ·

117 3998 147 4039 ss
160 3973 303 4035 minutam
324 3970 489 4053 accipiunt,
516 3971 596 4034 velut
618 3971 665 4034 luis
686 3982 715 4034 et
741 3972 778 4034 ab
800 3971 847 4034 lrls
872 3971 1054 4035 concordiis.
1099 3988 1166 4037 nam
1188 3968 1225 4030 de
1246 3967 1376 4032 vocativo
1396 3967 1461 4048 plu·

161 4074 217 4137 rali
238 4073 312 4135 nihil
337 4072 493 4136 dicendum
516 4082 578 4148 est,
609 4091 675 4135 curn
696 4074 807 4136 scimus
836 4073 968 4136 omnium
997 4072 1147 4134 nominum
1177 4070 1338 4133 vocativum
1361 4067 1460 4148 plura·

161 4176 221 4237 leur
240 4175 367 4237 similem
389 4192 456 4236 esse
477 4175 656 4237 nominativo
679 4173 795 4256 plurali.
839 4174 870 4236 in
897 4194 931 4236 er
959 4192 1034 4236 vero
1055 4181 1169 4235 tantum
1191 4170 1354 4237 masculina
1380 4170 1461 4230 inre·

161 4275 286 4338 niuntur
306 4275 336 4336 iu
358 4275 414 4338 hac
434 4276 638 4339 declinatione.
683 4294 752 4337 nam
776 4293 851 4356 quae
872 4262 1010 4339 lemininn
1036 4284 1065 4337 et
1094 4274 1252 4348 neutralia,
1282 4272 1347 4334 sine
1371 4270 1460 4332 dnbio

160 4376 268 4439 tertiae
288 4375 490 4441 declinationis
511 4387 595 4453 sunt,
621 4377 699 4440 velut
719 4378 793 4439 haec
813 4386 907 4441 mater
928 4378 1016 4439 huius
1036 4377 1155 4451 nictus,
1182 4377 1240 4437 hoo
1258 4390 1387 4456 papaver
1406 4373 1460 4434 hu·

118 4504 146 4544 ao
162 4479 210 4542 ius
229 4479 398 4559 papaveris,
426 4480 550 4542 cadaver
577 4479 736 4542 callareris.
781 4477 941 4540 masculina
971 4487 1067 4539 autem
1093 4476 1166 4538 lraec
1197 4492 1272 4555 quae
1300 4490 1316 4535 a
1342 4473 1462 4535 Graecis

231 4700 352 4752 Vbuxus
385 4716 470 4768 pnxus
488 4700 513 4752 B
581 4699 758 4768 ill'ergllius]
774 4701 839 4752 Aen.
859 4704 893 4752 lll
910 4700 963 4754 360
1043 4699 1075 4752 12
1092 4695 1241 4764 Sallustius]
1267 4700 1340 4752 eaor.
1358 4698 1394 4751 ts

162 4770 197 4823 13
214 4770 348 4822 Terentius
378 4772 477 4835 Hecyr.
496 4772 517 4819 V
536 4770 562 4832 3,
579 4770 623 4825 38.
648 4773 732 4822 Andr.
750 4774 772 4822 ll
790 4773 816 4831 2,
836 4773 870 4821 28
954 4771 1159 4822 larneneia
1239 4768 1461 4820 ‘lllattribnnntur

159 4842 296 4891 Charisius
372 4841 402 4891 al
424 4855 640 4891 caeosorrannur
660 4840 728 4889 rrelnt
748 4841 774 4891 B
851 4840 886 4889 2³8
910 4838 1100 4904 corruptumll
1180 4838 1215 4889 34
1233 4840 1327 4888 tmolus
1346 4839 1418 4888 trseii
1440 4837 1465 4887 Il

1183 4926 1224 4984 35
1237 4921 1255 4959 *
