3114 5356
176 283 239 346 430
735 279 918 342 diotusius

228 412 251 454 p.
266 397 312 438 ιιι.
328 397 354 436 ae
367 395 392 436 r.
495 384 508 398 ‘

176 480 207 531 et
228 468 306 549 apud
326 467 470 528 Lucilium

925 564 1143 626 inlantilrus
1166 569 1311 646 parvis3

177 669 255 732 sieut
273 668 448 731 Homericus
470 686 573 729 versus
593 666 641 727 ille
660 672 793 739 testatur,

344 767 461 830 δῶκεν
482 767 611 829 ἔπειτα
631 763 852 843 σκέπαρνον.

178 869 300 949 quintus
320 878 381 944 est,
405 890 472 932 curn
495 875 659 948 correptam
681 867 810 927 vocalem
834 865 957 944 suscipit
975 886 990 925 z
1013 866 1134 944 duplex,
1156 888 1231 946 quae
1247 890 1315 930 eum
1333 874 1495 950 positiones

179 974 296 1051 longam
318 971 414 1052 possit
435 972 568 1051 allicere,
589 969 648 1030 vim
669 968 841 1047 plerumque
863 964 987 1044 duplicis
1011 971 1200 1031 consonantis
1221 971 1343 1043 amittit,
1364 981 1396 1032 ut

462 1066 465 1074 ’
874 1085 1068 1128 nemorosa
1090 1069 1311 1148 Zacynthos.

180 1174 234 1237 sed
254 1174 303 1234 hic
321 1153 427 1234 modus
450 1191 509 1232 nou
533 1179 591 1232 tam
614 1171 726 1233 ratione
748 1167 912 1231 communis
932 1167 1079 1229 admissus
1102 1177 1147 1229 est
1168 1188 1258 1247 quam
1280 1173 1408 1234 nominis
1428 1193 1476 1233 ue·

181 1275 318 1336 cessitate
338 1281 511 1353 soresmos,
530 1280 563 1333 ut
584 1279 630 1333 est

927 1358 1087 1443 ὑλήεσσα
1109 1363 1313 1445 Ζάκυνθος
1487 1406 1506 1444 ιι

182 1480 213 1534 et

347 1572 385 1630 οἳ
408 1569 446 1631 δὲ
468 1567 623 1630 Ζέλειαν
646 1569 781 1630 ἔναιον.

183 1680 283 1734 sertus
312 1681 372 1746 est,
401 1693 466 1734 cum
489 1671 662 1751 pronomina
692 1671 740 1730 hic
770 1670 814 1729 vel
836 1671 893 1729 hoc
915 1691 932 1730 c
956 1671 1051 1730 littera
1072 1673 1226 1732 terminata
1249 1675 1359 1735 vocalis
1383 1678 1474 1737 statim

183 1771 405 1853 subsellquitur‚
433 1773 571 1851 quoniam
593 1771 624 1831 iu
644 1771 691 1831 his
712 1771 935 1851 pronominibus
957 1791 973 1831 c
994 1772 1090 1835 littera
1110 1794 1243 1837 crassum
1270 1784 1300 1835 et
1325 1779 1406 1854 quasi
1429 1798 1476 1870 pe

181 1876 324 1938 minatum
347 1876 477 1936 continet
498 1891 613 1935 sonum.
659 1880 704 1932 est
725 1873 852 1932 enimin
875 1873 933 1932 hoc
955 1880 1013 1932 tam
1037 1874 1131 1954 prima
1154 1877 1237 1956 pedis
1260 1876 1370 1956 syllaba
1392 1879 1475 1958 longa
1488 1901 1505 1938 o

183 1997 271 2057 quam
292 1977 377 2037 tertia
398 1976 511 2050 brevis,

348 2079 408 2139 liic
430 2078 499 2151 vir,
521 2075 589 2136 ‘hic
608 2080 665 2134 est
688 2073 754 2133 tilii
778 2090 883 2150 quom
905 2075 1079 2150 promitti
1102 2078 1252 2156 saepius
1275 2080 1393 2142 audis.

184 2180 326 2260 septimus
352 2188 411 2253 ost,
440 2196 507 2238 cum
529 2182 663 2254 correpta
686 2173 793 2233 vocalis
815 2173 845 2232 in
866 2190 954 2232 unani
977 2173 1083 2233 desinit
1104 2187 1315 2239 consonantem
1338 2191 1475 2259 sequente

183 2282 220 2356 ir,
244 2299 317 2359 quae
338 2279 485 2360 plerisque
508 2274 713 2356 adspirationis
736 2273 849 2355 ridetur
870 2282 955 2347 nota,
977 2283 1009 2334 ut

349 2388 451 2458 terga
474 2377 677 2454 fatigamus
697 2376 819 2448 hasta,
1487 2411 1507 2448 ,υ

184 2483 255 2544 item
372 2471 377 2479 ’

238 2630 240 2635 .
312 2559 322 2570 ’
351 2584 497 2642 Aenean
520 2577 704 2638 hominum
727 2578 929 2655 quisquam.

185 2685 237 2748 sed
258 2685 362 2744 modus
384 2679 519 2759 superior
540 2677 715 2753 qrrilmsdam
736 2681 901 2757 superfluus
928 2678 1008 2738 visus
1034 2687 1079 2739 est
1109 2678 1283 2760 [praecipue
1302 2689 1332 2740 et
1355 2681 1403 2741 hic
1425 2681 1477 2740 uti·

184 2783 285 2869 mur]‚
313 2802 379 2844 enm
400 2779 527 2841 sufficiat
549 2779 659 2837 linitam
680 2797 745 2838 esse
767 2788 879 2857 partem
906 2781 1055 2841 orationis
1101 2799 1135 2839 ex
1158 2780 1363 2842 hismundus
1387 2783 1478 2842 modis

185 2906 244 2946 uno
271 2885 311 2945 uti
341 2884 487 2943 dumtaxat
512 2881 668 2940 admittunt
688 2881 737 2957 qrri
757 2890 916 2942 metrorum
941 2883 1063 2942 rationis
1089 2890 1157 2942 suut
1183 2882 1340 2943 admodum
1369 2885 1509 2963 perspi-s

185 3003 280 3047 cares.

680 3167 729 3228 DE
751 3167 983 3228 ACCENTlBVS

269 3287 415 3346 docentus
439 3295 484 3346 est
510 3292 614 3347 acutus
637 3286 682 3346 vel
708 3287 802 3364 gravis
826 3284 870 3344 vel
893 3284 999 3346 inllera
1028 3285 1114 3346 elatio
1138 3287 1278 3348 orationis
1299 3286 1416 3346 vocisve
1437 3287 1479 3345 in-

184 3387 276 3448 tentio
303 3387 348 3447 vel
377 3387 524 3448 inclinatio
548 3394 635 3448 acuto
663 3396 712 3448 aut
739 3388 845 3448 inllexo
873 3406 946 3447 sorio
976 3406 1081 3465 regens
1110 3389 1206 3448 verba.
1256 3407 1325 3448 nam
1348 3397 1381 3448 ut
1403 3387 1512 3448 nullam

186 3506 240 3549 vor
262 3489 326 3550 sine
345 3488 435 3550 vocali
456 3496 516 3561 est,
539 3488 578 3549 ita
602 3489 665 3549 sine
687 3498 811 3550 accoutu
830 3487 908 3549 nulla
931 3496 992 3556 est:
1014 3496 1043 3547 et
1065 3497 1110 3548 est
1130 3497 1285 3561 accentus,
1311 3499 1342 3550 ut
1365 3491 1480 3568 quidam

256 3711 269 3760 1
290 3713 401 3762 lucilium
422 3712 470 3761 Am
488 3711 608 3761 lut-illium
621 3712 646 3760 Β
665 3710 757 3760 lucium
769 3710 809 3760 M.
830 3712 932 3760 horret.
953 3712 961 3759 l
984 3710 1041 3761 186.
1060 3713 1154 3762 Lucilii
1172 3717 1288 3776 ememplo
1306 3715 1331 3762 in
1349 3717 1435 3764 eodem
1455 3730 1483 3762 re

184 3785 258 3846 ponit
276 3782 378 3831 Murius
399 3783 545 3833 Victorinus
562 3798 587 3844 p.
607 3781 675 3830 2472
694 3790 719 3830 et
735 3798 785 3829 uno
803 3797 856 3829 cum
873 3782 989 3831 Lucretii
1006 3798 1081 3832 versu
1096 3799 1142 3832 auo
1161 3785 1261 3832 auctori
1278 3784 1405 3834 vindicato
1426 3785 1482 3832 Mu-

184 3855 268 3901 ccr'mus
290 3853 437 3901 Victorinus
452 3869 479 3914 p.
501 3850 576 3901 1003.
607 3854 690 3914 itaque
706 3853 745 3899 oei
762 3853 861 3901 nomino
876 3858 1008 3912 poetarum
1026 3855 1159 3901 mutavisse
1177 3853 1276 3900 videtur·
1296 3854 1430 3903 Diomedes
1448 3856 1483 3902 vel

186 3925 302 3983 exemplo
321 3923 414 3969 Lucilii
432 3923 545 3970 omisisse
565 3919 685 3968 librarius
764 3919 833 3969 {lsic
853 3928 877 3966 et
886 3919 945 3967 AM
960 3921 996 3968 sie
1014 3920 1039 3968 Β
1110 3920 1256 3969 Homericus
1276 3920 1377 3985 versus]
1400 3919 1482 3971 dard

185 3988 237 4039 237
324 3997 429 4037 testatur
454 3988 516 4037 doce
538 3989 637 4052 nepitas
661 4003 788 4052 eepurnou
808 3987 831 4034 A
860 3996 965 4036 testatur
990 3988 1053 4037 doce
1077 3991 1176 4053 napitas
1195 4004 1309 4054 oparnon
1330 3991 1354 4038 Β
1381 4004 1405 4040 et
1424 3995 1437 4039 ι’·
1458 4000 1481 4037 ιιι

184 4058 263 4107 curdo
282 4057 409 4120 eeuepitos
428 4071 523 4121 oparon
538 4057 570 4105 M
646 4056 662 4104 5
681 4057 792 4121 suscepit
806 4055 837 4104 M
915 4072 979 4117 quae
994 4059 1189 4123 compositione
1203 4074 1218 4114 ς
1238 4075 1303 4120 quarte
1319 4058 1481 4125 positioneA

202 4142 250 4175 utre
269 4125 420 4189 positionem
439 4127 494 4174 ΒΜ
564 4126 714 4176 Dummittit
728 4127 761 4174 M
829 4125 844 4173 7
865 4125 1008 4191 nemorosa]
1028 4127 1184 4191 Very.Aen.
1201 4127 1301 4177 111270
1373 4129 1481 4191 zue-lipo-

186 4205 194 4243 t
213 4209 242 4244 os
254 4195 279 4243 A
299 4194 413 4243 zaeimus
427 4194 452 4243 B
470 4196 598 4244 zoeiuctus
613 4194 642 4242 M
714 4194 747 4242 10
764 4194 865 4256 pleessa
883 4195 1035 4259 zuclrpctlros
1050 4196 1075 4244 A
1095 4198 1194 4260 pleessa
1212 4199 1375 4247 raeinrtasll
1393 4200 1482 4246 ileessu

186 4263 298 4312 ruciutus
317 4263 356 4312 M.
385 4264 459 4313 Hom.
480 4262 526 4313 Od.
548 4265 613 4313 124
702 4261 736 4311 12.
758 4262 806 4324 yde
832 4262 988 4314 zelimeueou
1005 4265 1029 4313 A
1054 4266 1102 4328 yde
1127 4267 1251 4315 zelimeon
1270 4266 1294 4314 Β
1322 4268 1362 4315 ide
1382 4268 1481 4316 aelimo-

186 4346 236 4381 uon
254 4331 292 4380 M.
311 4333 386 4383 Iluro.
406 4332 438 4383 It.
459 4331 480 4380 B
498 4332 550 4382 824
635 4331 666 4381 13
684 4332 833 4397 pronomine
852 4332 885 4381 M
901 4348 1040 4396 pronomen
1057 4335 1123 4385 AB:
1144 4350 1284 4399 pronomen
1301 4353 1314 4382 e
1333 4338 1416 4385 littera
1434 4346 1481 4384 ter-

84 4430 87 4436 ·
186 4401 306 4449 minatum
327 4403 441 4451 Donatus
511 4403 645 4451 terminata
663 4401 860 4450 Btermiuatam
881 4402 925 4451 M:
944 4406 1077 4454 terminato
1094 4433 1129 4440 —
1150 4406 1180 4453 14
1199 4406 1309 4453 elidere
1328 4423 1375 4456 orn.
1396 4406 1421 4453 A

185 4467 219 4518 15
236 4468 394 4518 contenetB
480 4470 512 4519 17
530 4468 587 4534 hio]
616 4470 903 4535 Verp.Aeo.l'17ll2
990 4473 1023 4521 20
1041 4471 1126 4538 terga]
1158 4475 1236 4538 Vorp.
1256 4474 1322 4521 Aen.
1344 4475 1413 4523 i'llll
1432 4473 1481 4522 010

253 4537 287 4584 22
305 4552 410 4589 aeneum
430 4539 462 4590 A.
497 4541 576 4602 Verp.
594 4540 659 4590 Aen.
679 4537 751 4589 X65
837 4540 870 4589 23
895 4543 1030 4607 praecipue
1052 4552 1135 4590 utitem
1160 4541 1213 4597 liic.
1243 4544 1362 4605 quoniam
1389 4543 1480 4591 sulticit

185 4604 329 4655 Caesonius.
349 4622 380 4656 ea
396 4624 461 4671 quoe
478 4611 571 4658 seclusi
586 4618 676 4672 postea
694 4610 826 4671 adscripta
843 4626 899 4659 esse
917 4612 1046 4668 uidentur,
1064 4619 1091 4660 ut
1106 4615 1245 4674 praecipue
1261 4611 1301 4659 irie
1320 4621 1343 4661 et
1358 4611 1407 4660 lroc
1419 4629 1480 4674 pro-

184 4672 244 4722 auor
260 4675 417 4725 indicaretur
486 4677 519 4726 25
538 4678 634 4726 ratione
653 4677 737 4726 ΑΒΜ
805 4678 838 4726 27
856 4693 888 4726 or
907 4677 1071 4746 acossrrrsvs]
1091 4682 1183 4730 Donat.
1200 4698 1227 4744 p.
1245 4681 1312 4729 1710
1324 4699 1380 4747 sqq.
1404 4680 1478 4729 illuc.

189 4740 316 4793 Victoria.
332 4760 359 4806 p.
381 4744 448 4794 1042
466 4761 522 4811 sqq.
552 4746 625 4810 Serp.
644 4748 670 4796 in
688 4749 780 4797 Donat.
797 4764 824 4811 p.
845 4748 896 4798 483
912 4766 968 4814 sqq.
989 4749 1027 4799 e'd.
1052 4749 1161 4799 VindoD.
