3114 5356
168 246 229 309 toa
731 244 893 309 emulsa
907 256 915 279 ⁶

233 394 239 406 .
268 363 296 403 aa
325 390 332 402 .
1222 362 1226 368 ·
1306 389 1312 402 .
1343 360 1366 401 n
1398 389 1405 402 .

218 362 395 498 ”deodate
416 431 1241 506 NaeuiusiuTarentilla,‘laceteetdclricate’.
1290 362 1339 415 ΡΙ
1380 359 1397 402 L

237 536 421 599 -llecolorem
447 526 589 617 prasina
615 535 712 597 colore
742 535 844 598 Cicero
871 534 1100 596 Tusculanarum
1129 532 1172 607 ll,
1209 552 1275 595 cum
1300 534 1455 596 Herculem

167 640 250 701 daret
269 639 531 717 ingemescentem,

333 740 401 801 iam
426 738 641 801 decolorem
663 739 881 819 sauguinem
902 758 1041 801 omnem
1064 736 1246 800 exorbuit.

253 842 408 923 llapsiliter
429 842 552 903 Naevius
574 842 603 902 in
626 840 799 917 Corollaria,
1469 858 1484 898 s

314 946 321 957 '
598 943 700 1006 ultro
723 950 901 1018 meretur,
923 961 1027 1022 quam
1048 941 1094 1002 ob
1117 960 1191 1002 rem
1215 948 1372 1002 ametur:

333 1047 383 1108 ita
404 1044 606 1126 dapsiliter
624 1064 712 1107 suos
733 1045 873 1106 amicos
895 1044 971 1105 alit

254 1149 305 1209 [lis
326 1168 380 1230 pro
402 1147 485 1209 ualde
504 1147 625 1209 Plautus
646 1147 677 1208 in
695 1144 907 1221 Bacchidibus,

335 1269 413 1310 nam
435 1248 498 1311 illa
521 1267 738 1322 memorare,
761 1265 853 1327 quae
879 1247 982 1308 illum
1005 1248 1129 1309 lacere
1151 1246 1242 1321 vidi,
1264 1246 1457 1325 dispudet,

146 1392 149 1397 .
170 1350 324 1413 Terentius
346 1351 376 1411 in
396 1351 571 1412 Phormione
1473 1368 1498 1409 ro

711 1450 790 1495 mam
814 1433 883 1495 boc
902 1432 984 1514 ipso
1006 1432 1198 1494 distaedet
1218 1432 1329 1511 loqui.

256 1535 394 1597 Edlictim
414 1536 537 1598 Naevius
557 1534 585 1598 in
608 1535 776 1610 Corollaria,

995 1617 1081 1680 uolo
1104 1638 1169 1697 ego

337 1722 429 1784 hanc
451 1720 541 1782 adeo
564 1723 742 1784 elilietim
765 1710 909 1786 amares
928 1725 990 1785 diu
1012 1722 1108 1783 vivat
1129 1722 1228 1797 volo,

336 1830 374 1884 ut
399 1823 484 1884 mihi
507 1824 690 1904 prodesse
712 1826 850 1907 possit;
947 1862 956 1881 ·
1475 1839 1500 1880 ¹⁵

172 1924 221 1985 ubi
246 1924 359 1986 Probus
375 1926 487 2004 ‘usque
510 1927 646 1988 donicum
669 1928 842 2007 eliligatur’.
906 1911 916 1931 ⁹
1142 1931 1146 1940 '

257 2025 330 2087 Edio
351 2027 434 2103 lidio,
454 2029 620 2109 parionem
643 2030 687 2091 vel
709 2031 794 2093 sidem
817 2029 944 2092 filiumve
965 2027 1041 2090 loris
1063 2026 1227 2088 llereulem.
1265 2047 1339 2108 quae
1355 2029 1461 2090 irrratio

171 2129 289 2209 propria
308 2128 433 2191 uirorum
456 2139 515 2206 est,
544 2139 576 2192 ut
598 2133 770 2195 seminarem
794 2128 898 2212 edepol
918 2138 1033 2191 ecastor
1051 2129 1146 2189 cinno.
1191 2130 1316 2210 denique
1338 2131 1463 2193 Titinius

171 2232 202 2292 in
236 2231 352 2305 Setina,
384 2232 563 2294 urolliculum
591 2233 841 2296 adulescentulum
870 2232 1035 2294 elieminate
1063 2231 1230 2311 loquentem
1265 2251 1331 2293 cum
1362 2252 1464 2313 repre·

172 2334 301 2396 henderc
323 2335 415 2413 magis
434 2335 533 2409 vellet,
666 2364 668 2368 ⁸
1475 2344 1503 2386 ²⁰

336 2454 397 2512 au,
419 2436 525 2515 inquit,
549 2438 633 2516 qrria
655 2438 735 2519 ‘pol
758 2437 910 2517 edepol'
931 2435 1120 2500 fabulare‘.l
1141 2435 1300 2498 edimedi
1325 2431 1462 2521 [omini]

174 2538 360 2600 cdi'lib'uius
382 2538 411 2598 in
433 2538 562 2612 baralla,
594 2539 648 2599 ‘id
671 2538 906 2601 necessest’?
939 2540 1134 2621 respondetur
1161 2538 1271 2614 ‘edi';
1306 2537 1464 2618 proedins

173 2642 268 2702 lidius.

257 2740 441 2802 Exumnssim
462 2737 581 2800 Plautus
598 2739 628 2799 in
645 2738 867 2819 Amphitryone,

817 2843 1041 2904 examussim
1063 2853 1122 2905 est
1141 2845 1297 2926 optima;
1477 2861 1505 2900 as

176 2945 226 3007 tilii
250 2945 374 3006 Sisenna
402 2945 472 3023 ‘pro
501 2943 680 3005 exaurinato'
708 2943 809 3021 iuquit.
854 2944 980 3005 amussis
1003 2952 1099 3006 atatem
1121 2956 1165 3007 est
1187 2947 1281 3009 tabula
1306 2948 1464 3024 minicata,

176 3065 250 3126 quae
272 3044 425 3106 dimittitur
447 3044 627 3106 examinandi
651 3045 749 3125 operis
768 3046 860 3124 graba
879 3066 916 3107 au
939 3055 1051 3108 rectum
1072 3067 1146 3128 opus
1169 3058 1276 3126 surgat.

259 3146 409 3208 Eruditins
432 3147 533 3208 Cicero
555 3146 591 3207 de
611 3138 779 3223 senectute,
808 3149 887 3228 ‘qui
909 3149 941 3210 si
963 3149 1150 3211 eruditius
1175 3149 1363 3211 ridebitur
1385 3151 1466 3213 dis-

176 3257 311 3331 putare
332 3267 437 3328 quiam
458 3248 654 3321 consucvit
676 3249 813 3330 ipsein
837 3253 916 3313 suis
940 3251 1078 3313 libris’.

259 3351 407 3413 Ehrenatc
426 3350 527 3412 Cicero
549 3350 586 3412 de
608 3352 775 3428 senectute,
798 3353 947 3415 ‘auidae
966 3352 1153 3415 libidines
1179 3361 1322 3414 temere
1350 3360 1385 3414 et
1413 3354 1507 3417 el·ao

177 3456 324 3517 frenate
345 3453 387 3514 ad
407 3451 624 3534 potiendum
646 3454 926 3518 incitarentur'.
942 3453 955 3534 Η

244 3608 261 3657 2
279 3604 477 3656 Tusculanarum
495 3602 534 3669 ll]
555 3603 584 3663 8,
602 3604 637 3654 20
718 3605 736 3656 8
754 3606 778 3654 in
798 3601 983 3668 Bacchidibus]
1004 3603 1083 3663 1113,
1101 3603 1132 3651 11
1151 3600 1164 3665 (
1171 3602 1220 3652 181
1239 3602 1279 3669 n)
1368 3603 1385 3654 9
1403 3602 1467 3654 Nam

178 3677 229 3727 alia
247 3675 378 3727 Fabricium
465 3674 497 3724 10
515 3675 541 3722 in
558 3673 725 3740 Phormione]
746 3677 768 3724 V
784 3676 809 3741 11,
827 3677 861 3726 22
950 3674 980 3725 ll
1000 3690 1057 3724 cum
1075 3673 1101 3724 h.
1119 3687 1151 3738 po
1171 3672 1236 3722 disis
1254 3673 1324 3739 tpdet
1340 3672 1409 3735 loqui
1430 3675 1466 3723 N:

177 3747 298 3798 tererrtius
317 3746 402 3811 posuit
415 3745 464 3796 hoc
483 3746 567 3809 ipsum
584 3745 625 3793 dis
643 3748 711 3794 stetit
728 3746 797 3808 loqui
813 3761 840 3808 p.
873 3761 930 3795 cum
947 3743 982 3794 ha
1000 3744 1043 3809 pol
1063 3742 1189 3793 distaedet
1208 3741 1277 3806 loqui
1296 3757 1318 3792 ω
1344 3744 1469 3793 cumbae

177 3818 219 3883 pol
240 3816 364 3867 distaedet
382 3815 452 3878 loqui
469 3813 600 3864 Fabricius
688 3814 720 3866 13
738 3819 762 3867 r'u
782 3821 889 3867 armeris
905 3831 1017 3866 uersuum
1034 3813 1204 3864 describendis
1219 3821 1320 3864 secatae
1336 3829 1389 3863 awa
1407 3815 1468 3865 Nib-

774 3895 787 3921 V

177 3936 286 3988 borleiano
306 3951 365 3986 eom.
385 3937 445 3987 Lat.
465 3935 512 3984 rel.
527 3949 555 3996 p.
576 3932 608 3983 10
696 3933 728 3983 lc
750 3935 848 3986 diuiuat
871 3935 897 3984 N
982 3935 1013 3986 17
1036 3934 1120 3985 bledio
1136 3933 1197 3984 ssdio
1216 3934 1242 3984 N
1262 3933 1325 3984 Edio
1342 3934 1404 3984 lidio
1422 3950 1469 4000 per

179 4011 262 4058 ioucm
285 4005 415 4069 filiumque
438 4005 504 4053 iouis
526 4002 654 4053 herculem
677 4019 742 4067 quae
764 4007 854 4055 iuratio
878 4006 983 4072 propria
1007 4006 1116 4056 uirorum
1140 4014 1178 4053 est
1198 4020 1216 4067 p
1248 4004 1305 4054 edio
1334 4003 1395 4054 tidie
1423 4021 1468 4071 per

180 4080 263 4128 lovem
282 4084 307 4125 et
328 4074 375 4128 rol.
402 4081 426 4124 et
440 4075 592 4136 paulopost
609 4071 679 4124 Com.
699 4073 756 4125 edio
772 4076 831 4127 lidio
850 4090 896 4140 pcr
912 4075 997 4126 lovem
1015 4074 1055 4125 vcl
1078 4074 1153 4125 fldem
1170 4073 1299 4137 liliumque
1319 4075 1387 4124 Iovis
1406 4076 1468 4125 ller-

142 4165 148 4176 ·
178 4146 271 4207 eulcm,
302 4160 366 4208 quae
386 4144 477 4193 iuratio
496 4144 600 4209 propria
621 4143 733 4193 virorum
760 4153 811 4204 cst,
841 4153 869 4195 ut
892 4142 1041 4195 laminarum
1060 4144 1150 4211 edepol
1168 4153 1267 4194 ecastor
1285 4144 1359 4194 eiuno
1378 4154 1404 4195 et
1421 4146 1466 4195 rel.

178 4223 302 4279 camptu
323 4215 476 4265 Berncncio.
506 4215 532 4263 in
555 4229 578 4263 m
597 4214 704 4264 litteram
723 4223 782 4278 post
802 4232 824 4265 c.
849 4213 953 4281 largiter
971 4230 999 4278 p.
1026 4213 1075 4266 183
1100 4222 1204 4265 amota
1226 4215 1319 4264 codicis
1340 4217 1469 4278 coaptare

179 4285 341 4349 medioelldio
358 4285 452 4336 titulum
468 4285 622 4347 transportet
634 4299 656 4334 ω
727 4284 758 4335 13
776 4293 889 4336 ecastore
905 4285 981 4335 eiurro
999 4284 1024 4333 N
1092 4284 1125 4335 19
1143 4284 1286 4335 effeminate
1300 4300 1321 4333 ω
1339 4283 1471 4335 lerninah'

179 4357 300 4407 l'emiuate
317 4357 422 4405 coniecit
440 4352 624 4404 cadmeae
692 4354 723 4405 21
744 4355 831 4418 inquid
849 4370 916 4404 corr.
936 4355 1017 4418 inquit
1032 4354 1058 4404 N
1131 4355 1171 4404 edi
1190 4354 1257 4405 medi
1275 4374 1297 4405 ω
1315 4354 1398 4405 adime
1416 4356 1469 4405 die·

180 4428 242 4477 mini
256 4425 283 4476 N
367 4425 401 4474 22
418 4426 444 4473 in
462 4423 565 4487 Baratro
580 4440 612 4475 co.
636 4424 661 4473 in
680 4425 787 4474 barbato
804 4434 828 4475 et
844 4424 923 4475 hicet
940 4427 966 4475 r'n
982 4425 1086 4490 reliquie
1102 4423 1210 4475 Charisia·
1224 4426 1286 4475 locis
1303 4426 1380 4475 uoluit
1397 4424 1469 4475 Mer-

180 4512 253 4548 ceruc
268 4497 295 4546 iu
309 4493 372 4544 Non.
390 4510 416 4556 p.
436 4494 453 4545 3
525 4494 552 4544 id
570 4508 688 4545 necesses
705 4495 786 4552 Redi
803 4495 827 4544 N
845 4496 871 4545 id
890 4509 994 4545 necesse
1008 4495 1147 4560 respondet
1162 4495 1203 4543 edi
1221 4510 1256 4543 ru:
1276 4495 1302 4544 id
1320 4498 1470 4545 necessest?

180 4564 332 4618 Ribbeclrius
354 4580 414 4614 ωηι.
439 4562 499 4613 Lat.
523 4564 571 4615 rel.
587 4578 616 4629 p.
633 4562 684 4616 lib
767 4565 801 4614 24
824 4566 849 4614 iu
868 4563 1068 4630 Amphitryone]
1089 4565 1156 4622 112,
1173 4564 1224 4616 213
1309 4564 1343 4614 25
1365 4580 1470 4615 examu-

181 4639 230 4686 sim
248 4636 274 4685 N
349 4633 384 4685 26
402 4635 498 4684 omissis
515 4634 541 4683 N
611 4632 646 4682 28
664 4633 750 4684 Cicero
766 4634 798 4685 de
816 4632 960 4699 senectute]
981 4635 1041 4698 1,a
1120 4632 1154 4686 31)
1172 4631 1259 4683 Cicero
1277 4634 1310 4684 de
1329 4633 1469 4700 senectute]

183 4706 225 4767 12,
242 4703 278 4758 39
354 4703 445 4754 auidae
463 4704 582 4755 libidines
600 4712 728 4755 temereac
746 4706 823 4756 auide
841 4705 904 4756 alibi
922 4713 1061 4756 uestemcre
1079 4702 1104 4751 N
1181 4703 1213 4755 31
1233 4705 1264 4753 ab
1283 4705 1427 4756 rodendum
1448 4704 1473 4756 N

183 4776 215 4825 sd
231 4775 380 4840 potiundam
399 4789 421 4823 ω
