3114 5356
497 94 643 182 'rusnn
664 121 778 185 enan.
801 122 873 185 cm.
894 124 936 187 ιιι
1312 132 1372 196 rer

117 249 142 290 p.
157 233 316 278 ror-aon
1207 260 1231 302 ρ.
1248 247 1322 296 run.

61 328 140 384 sm,
152 306 277 390 possim.
308 306 492 369 subirmotiva
509 307 646 370 instantis
661 328 728 370 curn
742 310 864 389 possim,
881 331 1011 392 possem,
1027 315 1183 394 potiuerim,
1197 319 1372 398 potuissem,

63 419 203 492 pomero
240 406 383 468 infinitivo
400 406 537 471 instantis
562 419 590 471 et
611 411 761 491 praeteriti
782 420 896 474 tanturn
918 432 1009 494 posse
1030 415 1179 495 potuisse;
1200 420 1290 481 futuri
1312 441 1393 486 non·

64 513 166 575 habet„
213 507 399 589 participium
420 509 557 573 instantis
576 519 689 574 tanturn
710 513 759 574 hic
786 522 901 593 potens.
950 515 1002 576 sed
1022 517 1139 596 quidam
1162 519 1263 585 dicunt
1283 523 1372 601 parti·

66 612 180 694 cipium
202 629 239 672 ne
261 608 397 671 instantis
418 612 560 692 temporis
583 613 700 693 quidem
722 612 839 676 babere.
885 635 953 677 nam
980 629 1086 699 potens
1113 640 1221 683 nomen
1244 631 1290 684 est
1311 624 1372 691 sive

39 713 246 796 sappedatio,
270 730 330 772 non
352 713 548 794 participium.

155 815 229 876 ltem
251 812 330 874 aliud
353 814 482 875 verbum.
527 817 636 877 finitiva
663 818 800 880 instantis
821 819 901 880 eois
925 819 963 894 if,
992 823 1085 897 ibanr,
1112 823 1149 898 ii,
1177 824 1285 898 ieram,
1311 824 1370 891 ibo.

65 916 240 998 imperativa
259 914 406 975 instantis
420 912 433 999 ΙΙ
450 915 458 974 i
477 926 524 978 eat
546 936 647 979 eamus
664 919 704 978 ite
723 929 806 994 eant,
830 922 913 999 quasi
931 923 1021 983 futuri
1043 924 1083 985 ito
1107 933 1156 986 eet
1176 945 1277 989 eamus
1300 927 1372 988 itote

66 1027 147 1082 eant.
183 1017 309 1096 optativa
328 1016 465 1078 instantis
490 1027 519 1079 et
541 1019 694 1099 inperfecti
715 1022 825 1084 utinarn
848 1024 931 1096 irem,
953 1023 1047 1097 ierint,
1070 1026 1170 1100 issem,
1193 1046 1267 1087 eam.
1301 1027 1372 1088 sub·

64 1119 196 1182 iunctira
210 1136 278 1178 cum
295 1136 370 1192 earn,
389 1118 472 1192 irem,
492 1121 585 1195 ierim,
603 1120 703 1195 issem,
721 1123 792 1184 iero.
825 1124 965 1185 infinitiva
981 1100 1118 1189 instantis
1133 1129 1184 1202 ire,
1207 1128 1373 1206 praeteriti

29 1246 55 1287 n
69 1223 132 1284 isse
153 1215 246 1303 [itum
269 1215 370 1303 essel,
400 1221 489 1281 futuri
510 1220 583 1281 itum
606 1221 648 1281 ire
670 1223 715 1283 rel
737 1225 846 1286 iturum
870 1245 946 1286 esse.
991 1228 1144 1308 participia
1165 1228 1302 1290 instantis
1322 1229 1370 1290 hic

64 1325 148 1395 iens,
171 1321 261 1382 futuri
282 1320 331 1385 hic
352 1321 447 1382 iturus
470 1329 499 1382 et
519 1331 626 1383 cetera.
670 1324 804 1386 similiter
826 1345 901 1405 quae
924 1327 960 1388 ab
982 1347 1019 1391 so
1040 1330 1194 1409 conposita
1215 1336 1301 1402 sunt,
1323 1349 1372 1390 ro-

64 1425 110 1485 lut
135 1423 210 1483 abeo
238 1422 304 1483 ineo
334 1421 426 1483 subeo
448 1423 520 1483 adeo
547 1424 657 1503 prodeo
685 1427 832 1489 circumeo
865 1430 977 1490 intereo
1007 1450 1095 1510 pereo
1120 1439 1272 1511 praetereo
1301 1449 1371 1492 exeo

65 1543 175 1607 praeeo
197 1543 268 1584 coeo
290 1541 382 1584 veneo
403 1542 478 1603 queo
500 1542 615 1602 nequeo
636 1527 724 1588 redeo
746 1537 864 1592 transeo
886 1539 999 1593 anteco.
1045 1533 1238 1612 prodeuntem
1262 1530 1372 1593 abeun-

66 1637 128 1689 tem
148 1625 324 1689 subeuntem
348 1625 480 1687 dicemus
503 1635 532 1687 et
552 1634 665 1701 cetera,
694 1648 753 1690 non
782 1631 981 1709 prodientem
1009 1633 1138 1712 ahoquin
1167 1632 1371 1712 peccabimus:

29 1751 55 1792 rs
68 1731 142 1791 item
163 1728 311 1790 abientem
331 1727 505 1789 subientern.

151 1829 227 1891 ltem
256 1829 338 1890 aliud·
361 1830 491 1891 verbum.
537 1831 645 1891 finitiva
676 1827 813 1893 instantis
841 1834 904 1893 fero
933 1834 992 1893 fers
1024 1835 1094 1910 fert,
1128 1833 1273 1906 ferebam,
1306 1834 1369 1908 tuli,

64 1935 208 2007 tuleram,
239 1932 331 1992 feram
352 1932 428 1991 feres
451 1934 533 1992 feret
579 1933 748 2012 imperativa
770 1934 905 1995 instantis
929 1936 973 1994 fer
995 1936 1083 2007 ferat,
1117 1934 1205 1995 futun‘
1234 1935 1309 1995 ferto
1339 1941 1370 1996 tu

65 2047 96 2098 et
118 2036 177 2097 ille.
208 2034 334 2115 optativa
355 2035 492 2096 instantis
514 2041 543 2093 et
561 2034 714 2113 inperfecti
731 2036 840 2096 utinarn
856 2036 978 2109 ferrem,
1002 2035 1132 2109 uderim,
1158 2035 1308 2110 tulissem,
1327 2038 1371 2097 fe-

64 2157 139 2199 ram.
185 2135 367 2198 subiunctira
396 2154 463 2197 curn
485 2136 592 2208 ieram,
615 2135 736 2209 ferrem,
755 2136 886 2210 tulerirn,
909 2136 1060 2211 tulissem,
1083 2135 1185 2198 tulero,
1229 2137 1370 2200 infinitiva

19 2262 51 2303 w
66 2242 156 2312 ferre,
179 2236 291 2311 tulisse,
313 2237 403 2298 latum
427 2237 468 2296 ire
487 2245 516 2297 et
536 2234 663 2296 laturum
683 2256 760 2312 esse,
781 2237 897 2317 passivo
919 2236 1115 2300 modulatum
1136 2238 1182 2299 iri.
1216 2239 1370 2318 participia

66 2344 184 2414 ferens,
210 2339 322 2400 laturus
345 2347 374 2399 et
395 2346 501 2399 cetera.
547 2338 680 2399 similiter
708 2357 783 2416 qnae
804 2339 840 2399 ab
863 2358 898 2399 eo
924 2339 1077 2418 conposito
1104 2346 1173 2399 sunt
1194 2347 1253 2400 tam
1276 2339 1369 2399 activo

65 2461 157 2522 quarn
179 2442 267 2502 etiam
289 2441 406 2521 passivo
428 2440 516 2499 modo
538 2439 737 2513 declinantur,
760 2439 836 2499 velut
857 2441 957 2501 defero
980 2440 1080 2500 adfero
1102 2440 1218 2519 profero
1236 2440 1369 2520 praefero

65 2546 160 2606 effero
182 2544 287 2605 differo
306 2543 425 2603 confero
449 2542 543 2602 refero
567 2541 697 2602 antefero
722 2541 822 2601 aufero
845 2543 953 2603 suffero
977 2543 1150 2604 circumfero
1171 2543 1326 2602 transfero.

154 2644 228 2705 ltem
250 2644 328 2705 aliud
351 2643 480 2704 verbum.
525 2641 633 2703 finitiva
655 2643 791 2704 instantis
817 2644 872 2704 edo
894 2662 927 2705 es
954 2652 1000 2712 est
1020 2644 1135 2705 edimus
1156 2641 1242 2718 editis
1269 2642 1369 2717 edunt,

18 2773 53 2816 π
66 2747 123 2809 sed
145 2755 260 2807 veteres
284 2746 338 2807 edo
359 2745 421 2806 edis
444 2744 519 2820 edit3
555 2744 709 2823 inperfecti
739 2737 878 2821 edebam3
910 2745 1032 2826 perfecti
1055 2744 1119 2819 edi;
1147 2743 1371 2823 plusquamper-

65 2849 137 2910 feeti
161 2848 296 2922 ederam;
320 2848 409 2907 futuri
430 2846 523 2906 edam.
568 2845 737 2924 imperativa
757 2847 894 2908 instantis
919 2847 973 2908 ede
994 2847 1061 2908 edat
1081 2846 1203 2908 edamus
1226 2843 1302 2904 edite
1325 2843 1370 2904 vel
1407 2837 1413 2850 '

65 2959 131 3012 este
150 2950 256 3024 edant,
278 2949 367 3011 futuri
388 2949 465 3009 edito
488 2946 555 3008 edat
576 2947 697 3008 edamus
721 2947 844 3023 editote,
867 2950 950 3027 quasi
973 2950 1063 3011 futuri
1084 2956 1148 3010 esto
1168 2945 1235 3007 edat
1250 2944 1371 3006 edamus

65 3060 165 3114 estote
182 3051 279 3112 edant
316 3052 444 3132 optativa
466 3049 603 3111 instantis
623 3048 826 3128 et·inperfecti
849 3051 957 3111 utinam
978 3049 1112 3123 ederem,
1145 3047 1272 3122 ederim,
1294 3046 1371 3107 edis-

65 3174 133 3216 sem
155 3171 271 3227 essem,
298 3154 390 3214 edam.
437 3151 619 3213 subiunctira
642 3168 709 3212 corn
736 3151 836 3226 edam,
859 3150 991 3225 ederem,
1023 3150 1151 3223 ederim,
1175 3149 1372 3210 edissemes·

19 3281 51 3323 a
65 3276 150 3330 sem,
170 3256 269 3317 edero.
314 3254 452 3315 infinitiva
476 3253 581 3326 edere,
605 3251 701 3312 edisse
723 3271 805 3327 esse,
828 3271 928 3328 essum
950 3253 1009 3326 ire,
1029 3270 1165 3313 essurum
1188 3269 1264 3312 esse.
1303 3269 1371 3330 par·

65 3358 168 3437 ticipia
190 3357 239 3418 hic
262 3357 368 3430 edens,
389 3357 436 3416 hic
455 3374 577 3416 essurus
594 3363 624 3415 et
639 3363 745 3414 cetera.
781 3355 912 3430 similiter
926 3373 1001 3433 quiae
1025 3372 1059 3412 er
1081 3354 1271 3426 reveniunt,
1294 3353 1372 3415 velut

64 3459 192 3520 comedo
216 3458 309 3519 abedo
333 3457 509 3518 circumedo.
554 3457 671 3537 passivo
690 3454 778 3516 modo
801 3456 872 3525 odor
894 3463 923 3515 et
944 3464 1049 3517 cetera.

154 3559 248 3620 Verba
270 3578 346 3638 quae
367 3560 531 3637 perfectum
552 3566 682 3631 mutant,
710 3556 786 3617 sicut
804 3556 834 3616 in
860 3557 1064 3637 superioribus
1085 3556 1163 3617 varie
1186 3556 1371 3636 conprehen-

64 3683 134 3728 sum
154 3670 218 3736 est,
249 3662 323 3722 haec
346 3668 431 3735 sunt,
453 3660 584 3740 spondeo
606 3657 768 3739 spopondi,
799 3676 890 3738 pasco
917 3660 996 3740 pari,
1024 3653 1113 3745 fessrio
1139 3657 1202 3719 ferii
1227 3657 1370 3738 percussi,

135 3850 264 3916 {ipsrtiei
281 3849 332 3899 inst
349 3849 432 3914 temps
457 3847 593 3910 nequidem
615 3844 631 3894 lt
656 3845 750 3895 habere
769 3845 795 3894 N
819 3846 867 3910 pei
891 3861 923 3895 ne
945 3847 1047 3909 quidem
1071 3845 1166 3895 hebere
1182 3845 1208 3894 P
1237 3844 1373 3909 participio

64 3938 99 3971 ne
117 3921 239 3972 instantis
256 3920 359 3982 quidem
377 3919 498 3983 temporis
516 3916 611 3966 babere
626 3917 758 3966 Diomedes
845 3917 860 3965 7
878 3917 996 3968 instantis
1013 3923 1072 3982 poet
1089 3915 1242 3980 imperativo
1258 3929 1304 3964 om.
1324 3912 1374 3962 NP

135 3993 154 4044 fi
173 3990 303 4055 praeteriti
321 4004 366 4038 orn.
387 3989 437 4037 NP
530 3985 562 4035 10
579 3987 642 4035 itum
660 4001 717 4036 esse
736 4002 771 4036 σω
789 3986 955 4036 declinatione
978 3986 1050 4037 verbi
1070 3985 1241 4048 inpereonolie
1264 3986 1315 4032 itur
1335 3984 1374 4032 in·

63 4063 215 4125 terpoeitrau
243 4073 298 4108 esse
322 4058 422 4107 uidetur
507 4058 546 4107 vel
571 4070 617 4108 oni.
644 4056 681 4116 N,
713 4057 773 4105 add.
797 4055 822 4104 P
908 4055 942 4107 13
965 4051 1149 4122 prodeuntem]
1177 4061 1326 4120 preeuntem
1349 4052 1375 4101 P

139 4159 175 4211 20
194 4142 385 4208 infletum-ire
404 4157 511 4207 laturum
529 4171 586 4207 esse
606 4156 667 4221 passi
685 4156 762 4207 modo
781 4156 889 4206 laturum
907 4156 937 4204 iri
955 4156 981 4204 P
1048 4156 1082 4207 23
1098 4154 1187 4221 effero]
1200 4156 1278 4206 offero
1295 4156 1319 4205 P

66 4231 102 4282 27
118 4227 311 4335 ediotsotepuedant
329 4227 370 4275 uel
390 4226 482 4276 edunto
501 4227 574 4290 qussi
592 4224 745 4332 fflffffi,
758 4226 964 4290 es.Diorned.1r.
982 4224 1034 4277 358
1105 4226 1140 4276 28
1157 4226 1254 4276 utinam
1271 4226 1374 4275 ederem

69 4349 289 4400 catumeum
308 4340 431 4410 sudeam
449 4348 523 4397 edam
549 4344 650 4394 ederem
664 4360 671 4393 :
685 4345 797 4398 edissem
814 4361 896 4397 essem
914 4345 941 4394 N
958 4348 1056 4396 utinam
1072 4347 1175 4397 ederem
1193 4347 1288 4397 ederim
1306 4347 1374 4396 edis-

70 4434 125 4470 sem
144 4419 229 4472 edum.
247 4416 362 4466 Subiune
378 4432 435 4467 cum
449 4417 523 4465 edam
541 4428 598 4464 eum
616 4416 720 4465 ederem
737 4432 796 4466 oum
810 4416 905 4466 ederim
922 4432 981 4466 cum
999 4416 1110 4467 edissem
1128 4432 1212 4467 essem
1230 4416 1255 4464 P
1340 4415 1372 4467 31

70 4499 101 4538 ut
115 4489 225 4539 &medo
244 4487 269 4535 P
336 4486 370 4537 32
386 4486 468 4536 abedo
487 4485 537 4534 NP
553 4485 663 4535 ambedo
680 4485 814 4537 Fabricius
833 4486 942 4537 ambedo
957 4487 1040 4538 abedo
1057 4488 1191 4537 bromede·
1200 4502 1230 4551 p.
1244 4485 1308 4549 358,
1327 4487 1376 4536 arei

72 4566 179 4623 umque
192 4561 247 4609 foco
265 4557 442 4606 restituendas
460 4561 517 4605 erat
535 4555 645 4613 ambedo
663 4554 746 4604 adedo
834 4557 898 4607 edor
920 4567 945 4607 et
969 4560 1010 4606 eet
1031 4558 1089 4622 uirsg
1111 4558 1237 4607 ambesas,
1263 4555 1374 4607 lierburu

74 4643 125 4692 qap
144 4630 167 4677 P
241 4624 275 4677 33
294 4634 389 4674 motant
408 4628 431 4675 P
505 4624 538 4676 ot
556 4624 621 4674 ferio
638 4623 703 4675 ferio
723 4625 800 4686 (corr.
816 4623 886 4690 ferii)
905 4626 930 4675 P
952 4626 1017 4678 ferio
1036 4627 1083 4677 feri
1099 4627 1126 4676 Ν
