3114 5356
610 307 691 367 mr.
715 305 854 367 emuu.
883 308 955 369 em.
978 310 1004 371 u
1388 314 1451 374 ror
1489 391 1492 397 Ι

148 514 184 556 se
211 494 318 571 longae
347 490 462 551 vocales
491 490 640 564 incidunt,
673 499 704 552 ut
731 491 849 553 'l'bebae
872 495 1044 573 Aegyptiac,
1078 497 1203 575 prologo
1231 426 1361 557 belligeri).³
1375 427 1452 560 psed

150 597 264 658 babent
297 592 444 671 quendam
479 610 616 653 canorem
655 592 916 671 pronuntiationis,
953 596 1036 672 quasi
1072 597 1273 675 neglegentem
1305 598 1450 660 decorem.

153 698 240 774 longa
261 694 354 772 magis
375 713 440 754 cum
463 693 543 753 brevi
566 693 708 787 iungitur,
732 695 812 754 ‘aere
834 695 916 761 emit'
943 695 996 756 ‘illi
1015 698 1170 785 incubuit',
1194 701 1326 778 quamsi
1346 698 1449 784 duaell

152 799 260 860 breves
282 796 451 872 iungantur,
470 796 550 854 ‘aere
571 798 687 855 erutos’
708 797 800 856 ‘arma
815 795 943 857 abiecit'.
965 797 1123 877 plurimum
1140 819 1209 861 vero
1226 801 1407 863 auctoritatis
1426 811 1455 863 et

111 897 296 980 'sponderis
318 891 429 956 babent
455 894 573 973 longae,
600 894 755 957 celeritatis
776 897 897 972 breves,
934 918 1009 978 quoe
1038 900 1063 960 si
1091 902 1253 963 miscentur
1278 901 1453 978 quibusdam

154 1000 269 1079 longis,
303 1004 441 1070 currunt3
479 996 504 1056 si
539 996 761 1071 continuantur,
794 999 931 1060 exrdtant
976 1020 1060 1062 acres
1088 1020 1163 1080 quae
1191 1020 1225 1062 er
1252 1002 1389 1065 brevibus
1415 1005 1452 1065 ad

153 1100 259 1179 longas
286 1098 457 1183 insurgunt,
490 1096 617 1158 leniores
641 1117 715 1178 quae
743 1120 760 1161 a
787 1100 882 1179 longis
909 1102 938 1162 in
969 1101 1072 1163 breves
1103 1103 1294 1165 descendunt.
1343 1106 1453 1185 optime

153 1201 297 1282 incipitur
316 1220 333 1260 a
353 1199 464 1277 longis,
487 1206 565 1260 reete
587 1199 744 1279 aliqnando
766 1223 783 1263 a
803 1203 953 1276 brevibus,
976 1211 1008 1265 ut
1029 1205 1178 1265 ‘novum
1197 1205 1340 1267 crimen
1363 1206 1453 1268 G.C.'

154 1302 252 1364 lenius
277 1321 294 1361 a
316 1301 446 1375 duabus,
479 1308 510 1362 ut
542 1301 811 1364 ‘animadverti
844 1303 1033 1389 iudiccs'3
1064 1303 1192 1365 clausula
1215 1307 1454 1385 quoqueelon-

116 1421 142 1462 ro
154 1405 202 1483 gis
228 1402 396 1464 firmissima
423 1409 483 1477 est;
518 1401 571 1462 sed
600 1402 678 1463 venit
704 1410 734 1463 et
760 1404 790 1465 in
817 1402 934 1476 breves,
968 1405 1098 1481 quamvis
1121 1405 1264 1467 habeatur
1284 1408 1455 1470 indifferens

154 1506 269 1567 rdtima.
315 1521 411 1580 neque
432 1504 510 1565 enim
529 1523 584 1582 ego
606 1505 710 1582 ignoro
733 1505 762 1565 in
784 1507 842 1565 linc
865 1523 917 1584 pro
939 1504 1026 1581 longa
1047 1503 1141 1584 accipi
1162 1505 1297 1582 brevem,
1326 1510 1394 1587 quia
1416 1510 1456 1570 ui·

154 1607 244 1666 detur
262 1604 370 1682 aliquid
390 1605 519 1666 vacantis
540 1606 682 1685 temporis
704 1624 739 1665 cx
767 1623 802 1665 eo
831 1605 908 1682 quod
934 1605 1098 1684 insequitm·
1126 1608 1275 1669 accedere.
1320 1611 1456 1688 fugiendo

156 1723 278 1784 quoquc
300 1712 345 1765 est
370 1713 398 1766 et
420 1725 587 1768 consonans
605 1705 692 1767 inlisa
711 1705 818 1778 enodi,
836 1705 958 1767 ‘bonum
976 1710 1092 1767 aurum'
1117 1709 1240 1769 ‘iustum
1252 1709 1331 1769 enim
1347 1714 1404 1770 est’
1427 1719 1457 1770 et

156 1806 282 1880 similia,
301 1824 376 1884 quae
394 1806 559 1866 deformant
580 1807 720 1868 orationis
741 1806 945 1884 integritatem.
983 1807 1053 1868 item
1074 1829 1108 1870 ex
1131 1809 1362 1871 consonantibus
1381 1829 1456 1888 quae

112 1927 140 1966 rs
156 1908 188 1968 in
214 1925 248 1967 se
265 1905 428 1968 incidentes
448 1908 572 1969 stridere
598 1917 627 1969 et
654 1909 737 1987 quasi
762 1908 849 1969 rixari
875 1907 1009 1968 videntur
1037 1910 1151 1971 vitanda
1177 1910 1312 1971 iunctura
1335 1918 1395 1985 cst,
1425 1919 1458 1971 ut

156 2011 266 2071 Sextus
289 2008 428 2082 Roscius,
450 2028 498 2069 ars
518 2009 698 2084 studiomm,
722 2029 773 2071 rex
790 2010 916 2083 Xerxes,
938 2029 1021 2071 error
1039 2010 1165 2071 Romuli.
1202 2011 1276 2071 liaeo
1293 2010 1330 2070 de
1348 2012 1455 2084 verbis,

157 2129 285 2189 quorum
307 2112 440 2190 exemplo
468 2111 607 2173 iudicium
635 2113 722 2173 etiam
752 2112 789 2173 de
816 2110 921 2171 ceteris
942 2111 1017 2171 vitiis
1042 2129 1116 2188 quac
1143 2111 1271 2172 cavenda
1299 2120 1369 2173 sunt
1394 2113 1456 2173 lieri

157 2212 284 2294 poterit,
307 2212 350 2273 sic
371 2222 468 2275 tamen
492 2221 522 2274 ut
543 2215 617 2274 haec
638 2213 787 2291 diligentia
812 2231 872 2273 non
894 2211 977 2271 anxie
1000 2211 1038 2271 sit
1057 2212 1261 2291 persequenda
1283 2213 1336 2274 sed
1357 2232 1412 2274 usu
1428 2222 1458 2274 et

159 2315 370 2377 exercitatione
391 2315 540 2389 docenda,
573 2334 610 2375 ne
632 2334 686 2377 nos
709 2315 738 2375 iu
760 2315 857 2376 verbis
879 2314 971 2392 magis
989 2328 1076 2391 quam
1095 2313 1125 2373 in
1143 2314 1232 2375 rebus
1251 2321 1351 2375 teneat
1370 2335 1459 2378 occu·

114 2445 143 2485 ω
158 2425 263 2498 patos;
302 2416 459 2495 potiusque
488 2425 534 2478 est
561 2425 594 2478 ut
622 2435 654 2477 se
681 2415 757 2476 ultro
785 2416 903 2491 ollerat,
931 2433 1018 2493 quam
1048 2432 1123 2492 quac
1151 2413 1274 2476 sollicite
1304 2419 1456 2479 referatur.

159 2525 294 2579 ceterum
313 2518 342 2577 in
364 2517 558 2578 commatibus
576 2527 605 2578 et
627 2519 658 2579 in
680 2517 753 2578 colis
774 2526 803 2578 ct
825 2517 854 2577 in
877 2516 1006 2596 periodis
1029 2518 1230 2596 conponendis
1251 2518 1458 2599 struendisque

158 2620 245 2701 prius
265 2619 416 2692 sensibus,
439 2626 509 2677 tunc
531 2619 636 2680 deinde
659 2620 754 2681 verbis
777 2620 849 2681 ordo
868 2616 1041 2679 tribuendus
1063 2626 1123 2693 est,
1147 2627 1259 2681 utnon
1281 2627 1394 2681 mutum
1408 2618 1459 2680 de-

160 2740 233 2782 core
256 2720 309 2781 sed
330 2720 416 2780 etiam
440 2719 548 2780 viribus
570 2720 726 2800 impleatur
745 2719 854 2794 oratio,
877 2728 909 2781 ut
928 2717 1035 2792 ¹Cicero
1057 2718 1087 2778 in
1110 2720 1267 2780 Antonium
1289 2724 1459 2782 ‘vomens

161 2821 299 2883 irustis
327 2821 541 2883 esculentis
569 2821 746 2900 gremium
781 2842 886 2885 suum
916 2829 952 2882 et
978 2827 1094 2882 lotum
1129 2821 1298 2905 tribunal
1325 2823 1461 2905 imple-

118 2923 248 2998 asrit'3
270 2922 340 2982 item
360 2923 391 2983 in
413 2922 531 2983 Verrem
555 2922 701 3000 ‘cuius,
725 2933 763 2985 ut
791 2923 1084 2986 adulescentiae
1112 2923 1279 2986 maculas
1306 2925 1462 3004 ignomi-

160 3024 323 3103 niasque
343 3034 595 3103 praeteream,
618 3036 838 3103 quaestura,
854 3027 996 3107 primus
1019 3024 1156 3104 gradus
1177 3024 1349 3099 lroiioris,
1372 3025 1462 3104 quid

160 3124 278 3187 habet
299 3123 399 3186 aliud
421 3125 458 3184 in
482 3144 568 3187 sese
590 3126 667 3188 nisi
685 3126 743 3187 Cn.
762 3128 970 3190 Carbonem
993 3124 1199 3206 spoliatum
1222 3145 1238 3186 a
1260 3135 1463 3204 quaestore

162 3245 231 3289 suo
252 3226 413 3305 pecunia
433 3226 604 3305 publica,
626 3227 1002 3307 nudatum,inquam,
1021 3246 1037 3287 a
1056 3233 1257 3304 quaestore
1278 3234 1314 3287 et
1334 3227 1463 3307 prodi·

162 3337 238 3388 tum
272 3328 481 3401 consulem,
516 3329 709 3391 desertum
745 3327 966 3402 exercitum,
1008 3325 1184 3388 relictam
1216 3324 1462 3406 provinciam,

120 3456 147 3497 ao
163 3428 285 3492 sortis
307 3429 631 3491 necessitudinem
659 3428 957 3508 religionemque
980 3424 1199 3488 violatam?'
1243 3427 1330 3488 liuius
1351 3428 1464 3508 periodi

163 3528 329 3611 conpositio
351 3530 506 3592 decoratur
527 3531 600 3592 adeo
624 3539 670 3604 ut,
693 3529 789 3608 siquid
811 3528 922 3591 solvere
945 3538 973 3590 et
995 3537 1166 3592 conmutare
1194 3527 1334 3603 volueris,
1363 3537 1465 3609 pereat

163 3633 297 3693 omnium
316 3650 415 3694 rerum
437 3641 524 3711 atque
547 3632 701 3694 verborum
722 3639 752 3691 et
773 3630 898 3710 dignitas
922 3638 950 3691 et
969 3639 1109 3711 potestas.
1125 3629 1139 3717 ΙΙ

239 3837 389 3886 liuredunt
407 3835 440 3884 M
507 3836 677 3901 dplurimum
697 3863 732 3871 -
753 3835 785 3885 12
802 3835 922 3885 accedere
942 3837 1043 3898 Quintil.
1063 3838 1133 3887 Vllll
1153 3839 1177 3897 4,
1196 3835 1227 3888 91
1245 3853 1301 3900 sqq.
1373 3835 1468 3885 bsiB

164 3910 203 3959 sie
222 3907 282 3957 AM
349 3907 404 3958 usi
422 3907 472 3956 AB
491 3922 523 3955 uu
543 3906 576 3956 M
644 3907 822 3956 continuantur
839 3905 1003 3966 Qtdntiliuuoe
1024 3907 1225 3956 eoumriuuontur
1242 3905 1327 3955 ABM
1395 3919 1467 3952 aeres

166 3994 232 4042 quae
252 3978 302 4026 ΑΒ
319 3984 386 4026 atres
405 3993 436 4025 ex
455 3976 546 4039 quibus
566 3975 597 4027 M
615 3975 711 4025 alacres
732 3988 830 4039 quaes·
901 3976 934 4024 od
952 3991 970 4031 ς
989 3977 1196 4037 &Quintilianus
1214 3990 1230 4023 a
1244 3972 1329 4024 ABM
1397 3973 1466 4023 ile-

165 4050 253 4097 uiorcs
273 4045 357 4096 ABM
431 4046 582 4096 discendunt
601 4045 632 4094 M
713 4041 851 4110 8u0vum]
872 4044 923 4095 Cic.
940 4063 990 4110 pro
1008 4046 1101 4110 Lepi
1186 4041 1227 4093 GC
1245 4044 1270 4093 A
1287 4060 1301 4091 o
1319 4043 1345 4093 B
1361 4057 1419 4091 curn
1438 4042 1470 4090 M

236 4116 355 4165 illenius
371 4115 498 4165 Busrdius
516 4116 614 4165 leuibus
635 4115 720 4164 ABM
805 4114 967 4164 unimotuerti
982 4114 1016 4164 B.
1037 4116 1088 4165 Cic.
1101 4128 1153 4177 pro
1169 4112 1301 4164 cenem!
1388 4127 1467 4161 eous.

167 4185 200 4234 M
282 4183 311 4234 ll
332 4184 515 4250 aecepiABM
602 4185 633 4234 15
653 4184 799 4234 incedentes
815 4183 876 4232 ΒΜ
892 4183 1034 4234 indicentes
1052 4183 1078 4232 A
1162 4182 1193 4231 17
1212 4181 1267 4231 lieri
1285 4181 1366 4247 potuit
1386 4178 1470 4228 ABM

163 4255 259 4321 poterit
277 4253 368 4309 ileri5
444 4253 476 4303 18
495 4252 540 4302 sed
559 4281 594 4289 -
611 4254 643 4305 lu
661 4254 777 4303 ducende
795 4270 843 4304 om.
863 4252 923 4301 AM
998 4253 1033 4303 20
1050 4265 1176 4315 quamque
1192 4252 1219 4301 B
1239 4265 1393 4314 quamquam
1412 4247 1472 4296 AM

164 4337 279 4388 quom5
359 4323 391 4372 21
412 4320 542 4388 perihodis
561 4323 585 4372 A
669 4321 703 4371 ⁶23
721 4332 760 4372 set
779 4323 853 4372 etium
872 4322 897 4371 A
986 4322 1012 4369 in
1031 4319 1180 4386 Antonium]
1199 4323 1311 4385 Philipp.
1331 4320 1355 4368 ll
1373 4317 1416 4375 25,
1435 4317 1469 4367 uu

234 4393 270 4442 24
295 4390 397 4441 lmrstris
420 4391 479 4440 AM
570 4392 722 4440 posculentis
741 4392 768 4441 B
790 4391 932 4441 exculcntis
949 4389 982 4439 M
1005 4390 1150 4440 excolendis
1169 4390 1195 4438 A
1219 4389 1354 4438 eseirleutis
1380 4388 1469 4435 uiuum

164 4462 371 4516 redolentibuss
457 4461 491 4510 25
516 4462 541 4509 in
559 4459 681 4523 Verrem]
704 4469 754 4510 ort.
770 4476 814 4525 pr.
833 4463 865 4520 4,
885 4460 916 4510 ll
1007 4459 1190 4510 aduliscentiae
1214 4458 1273 4508 AM
1356 4455 1468 4505 maculem

163 4532 372 4598 ignominiasque
389 4547 405 4578 α
427 4530 524 4578 macida
550 4531 653 4594 signum
676 4529 792 4592 initiaque
812 4530 897 4580 ΑΒΜ
981 4529 1016 4579 ’26
1041 4537 1203 4592 quaesturam
1231 4528 1315 4576 miuus
1336 4524 1468 4590 grauisA

164 4616 230 4666 quac
248 4609 376 4650 structura
395 4600 479 4648 minus
497 4600 593 4664 gradus
612 4599 637 4649 B
661 4606 814 4647 structuram
832 4601 918 4649 miuus
936 4599 1033 4665 gradus
1052 4597 1086 4646 M
1170 4595 1245 4661 quid]
1273 4595 1409 4658 quicquam
1427 4594 1466 4673 ed.

159 4688 246 4788 ΒΜ
268 4670 543 4803 stitutum
607 4668 645 4790 ³²3
657 4680 893 4793 diminuit
912 4666 1144 4802 ”additui
1158 4663 1468 4799 iitlgionssillllil

235 4806 267 4858 31
289 4807 463 4871 conpositione
482 4803 564 4855 ABM
633 4806 719 4870 siquid
737 4823 754 4855 o
771 4807 853 4869 siquis
871 4805 957 4854 ABM
1022 4813 1125 4872 poereot
1143 4805 1169 4855 B
1186 4810 1274 4870 pareat
1292 4801 1353 4851 AM
