3114 5356
141 371 176 416 χχ
521 397 525 402 .
685 343 892 407 PRAEFATIO

139 557 219 602 sono.
231 539 306 611 sinit.
328 530 441 595 addita
456 539 532 593 sunt
551 529 587 592 in
609 528 722 592 eadem
737 527 859 614 pagina
879 548 984 612 pauca
1006 527 1047 591 de
1069 527 1184 592 ordine
1204 529 1345 613 partium
1365 549 1418 592 ora

140 637 251 703 tionis.
274 653 350 697 nam
373 633 407 695 in
428 653 494 694 una
515 629 636 695 scheda
657 650 741 715 quae
763 627 803 691 dc
824 652 862 692 eo
884 629 1101 717 quaternione
1121 638 1223 693 restat
1242 629 1309 694 alia
1335 652 1418 716 quae

141 738 217 803 dnm
237 734 360 800 diversi
381 733 565 817 argumenti
585 732 707 814 scripta
730 739 814 812 sunt,
840 732 886 793 ita
908 729 1042 794 utillae
1063 731 1272 795 membranae
1296 732 1374 795 olim
1402 731 1418 794 i:

141 841 205 903 fine
229 834 352 900 codicis
373 832 513 896 alicuius
533 832 659 918 positae
682 832 785 894 fuisse
807 831 992 913 videantur,
1022 840 1097 895 ante
1134 853 1189 896 eas
1218 843 1327 897 autem
1362 831 1418 894 reli

141 959 278 1028 quarum
293 935 434 1021 partium
449 932 604 997 orationis
628 932 790 996 enarratio
810 933 932 1020 scripta
952 932 1060 996 fuerit.
1083 931 1306 998 commentarii
1322 931 1364 995 de
1382 930 1418 994 ad

141 1039 255 1106 verbio
278 1043 403 1124 partem
426 1033 570 1120 aliquam
593 1030 697 1095 edidit
711 1031 900 1097 Fridericua
915 1032 1162 1097 Lindemannus
1186 1035 1221 1097 in
1240 1031 1418 1097 ineditorur

139 1142 332 1206 Latinorum
353 1133 550 1222 particulaI
572 1133 735 1198 Zittaviae
756 1155 786 1198 a.
813 1136 903 1198 1832.
927 1134 967 1198 de
987 1133 1120 1220 reliquis
1142 1134 1266 1198 codicis
1283 1131 1417 1220 partibo

140 1243 224 1308 dixit
245 1239 333 1305 idern
351 1236 387 1298 in
407 1233 612 1321 praefatione
634 1235 677 1298 ad
698 1234 861 1299 Prisciani
886 1257 986 1322 opera
1005 1235 1129 1298 minora
1158 1258 1190 1321 p.
1218 1233 1339 1300 XVIII
1366 1256 1416 1320 sq<

141 1367 184 1409 ex
206 1341 320 1406 eodem
340 1335 452 1400 codice
475 1333 668 1421 deprompta
682 1345 759 1401 sunt
776 1348 930 1423 excerpta
943 1337 1062 1424 quibus
1081 1359 1161 1401 usus
1178 1348 1226 1401 eat
1247 1337 1415 1403 Bondamu

142 1467 211 1508 var.
235 1441 308 1504 lect.
328 1461 359 1525 p.
383 1439 457 1500 239.
481 1435 609 1500 codex
626 1437 1003 1503 Sanctamandinus
1031 1436 1154 1502 formae
1171 1439 1317 1521 minoris,
1340 1459 1413 1522 quar

142 1548 176 1610 in
199 1551 315 1609 octavo
337 1539 446 1602 dicere
464 1537 708 1619 consuevimus,
732 1539 863 1605 saeculo
878 1563 963 1605 nono
979 1539 1033 1604 vel
1054 1538 1179 1603 decimo
1195 1540 1337 1626 scriptus
1353 1535 1412 1602 inu

141 1655 191 1712 est
211 1640 417 1707 Valentianis
438 1638 473 1700 in
492 1636 690 1702 bibliotheca
708 1636 842 1724 publica
866 1641 910 1705 M.
927 1645 957 1706 i.
977 1645 1006 1706 3.
1024 1638 1111 1703 huno
1126 1638 1411 1704 Sanctamandinui

140 1753 312 1835 propterea
333 1740 415 1822 dixi,
437 1737 526 1825 quod
547 1739 792 1825 antiquissimos
816 1742 885 1805 eius
908 1740 1126 1807 bibliothecae
1149 1738 1279 1807 codices
1308 1762 1352 1805 ex
1373 1762 1410 1804 m«

141 1848 283 1912 nasterlo
311 1842 345 1907 S.
372 1839 516 1905 Amandi
543 1838 744 1906 Elnonensis
775 1843 809 1905 in
838 1844 937 1906 istam
966 1842 1132 1906 civitatem
1159 1841 1336 1906 translatos
1365 1863 1409 1906 esi

141 1955 281 2014 constat:
299 1944 342 2007 ci.
358 1940 542 2005 Bethmann
556 1941 679 2005 archiv.
704 1944 816 2007 societ.
833 1943 909 2006 hist.
927 1939 1037 2006 Germ.
1055 1944 1156 2028 antiq.
1174 1941 1260 2006 VIII
1274 1946 1307 2029 p.
1324 1949 1377 2008 95.
1399 1967 1407 2005 i

141 2051 349 2115 continentur
369 2042 466 2108 haec:
491 2041 513 2104 f.
533 2029 642 2105 '1—68
657 2042 772 2107 Albini
796 2044 829 2107 in
851 2044 1053 2108 Priscianum
1079 2042 1154 2107 libri
1179 2044 1258 2125 duo,
1281 2048 1406 2123 Incipiet

139 2156 273 2232 capitata
293 2150 365 2211 libri
371 2151 475 2224 primi.
513 2148 651 2221 Definitio
664 2151 806 2210 orationis
827 2154 887 2209 cte.
916 2150 1016 2209 Albini
1028 2154 1060 2208 in
1076 2151 1263 2210 Prisciamim
1279 2154 1405 2226 incipiit

140 2259 192 2317 ber
205 2257 329 2331 primas.
373 2251 511 2323 Definitio
538 2253 682 2311 orationis
698 2258 727 2311 et
746 2253 820 2326 qaid
841 2254 879 2311 sit
899 2252 1060 2326 propriam
1093 2255 1219 2312 nominis
1243 2253 1316 2328 qaid
1345 2271 1404 2313 neri

143 2357 245 2418 Oratio
265 2358 309 2416 esi
327 2332 476 2411 ordiniitio
503 2352 663 2411 dictionum
681 2368 846 2433 congruam
869 2356 1041 2412 sententiam
1059 2354 1286 2429 perfectamque
1313 2356 1402 2414 tiemo

140 2466 240 2517 strans
253 2486 296 2500 —-
311 2469 405 2525 neque
424 2468 514 2510 unum
529 2468 625 2525 assem
638 2461 776 2529 praestat
790 2456 840 2514 iiie
860 2457 959 2529 epenti
978 2472 1033 2515 nec
1047 2456 1096 2516 liic
1110 2457 1240 2528 abnepat
1250 2461 1364 2531 palmiti
1375 2474 1401 2515 ai

140 2560 215 2634 qaid
231 2571 359 2630 prorsas
373 2553 454 2626 qima
470 2558 566 2627 potest
579 2560 609 2611 et
628 2555 719 2613 decet.
743 2549 767 2613 f.
790 2553 928 2614 69-115
944 2553 1196 2616 commentarius
1213 2553 1247 2615 in
1260 2551 1400 2616 Donatin

139 2660 252 2732 Incipit
274 2655 311 2714 de
328 2655 467 2728 partibus
486 2655 638 2744 orationis.
688 2655 823 2727 limatas
849 2657 1046 2730 artiprapbas
1073 2658 1145 2718 dicit
1166 2664 1271 2733 partes
1296 2660 1398 2718 matio

140 2768 209 2819 sant
230 2756 310 2817 VIII
328 2771 433 2815 nomen
449 2754 614 2829 pronomen
632 2755 753 2813 aerbam
770 2762 800 2815 et
818 2761 936 2814 ceterae
959 2787 998 2799 -
1017 2765 1073 2816 iiia
1090 2773 1160 2832 pax
1176 2760 1360 2830 prataiantis
1380 2757 1397 2816 i

140 2863 266 2920 dolentis
286 2875 327 2916 na
340 2856 471 2931 optantis
492 2854 606 2913 atatem
615 2854 771 2928 sapientis.
786 2857 911 2930 explicit
933 2856 1125 2932 departibor
1147 2862 1297 2919 orationis.
1351 2860 1395 2919 lm

133 2966 225 3037 piant
246 2974 352 3035 pauca
379 2957 417 3015 iic
440 2953 633 3015 barbaricinis
661 2958 785 3016 collecta
813 2958 851 3016 iic
877 2960 985 3017 maltis.
1035 2960 1114 3030 ,Onia
1139 2969 1183 3019 est
1209 2961 1394 3020 barbarismi

138 3064 295 3138 Pompeias
315 3058 443 3120 osieiati
462 3059 505 3116 ita
521 3056 626 3136 dicens
640 3090 675 3101 -
694 3051 749 3128 (de
771 3055 887 3138 tropis)
907 3061 985 3118 troia
1005 3068 1096 3136 capta
1115 3062 1186 3135 fait.
1227 3066 1295 3134 sinit
1313 3064 1352 3122 de
1372 3079 1393 3121 a

138 3166 250 3224 Donati
264 3163 402 3238 pleniter.
446 3155 974 3233 i.llb-1341ncipiantpiossae
998 3163 1038 3222 tie
1064 3163 1149 3222 libris
1172 3166 1391 3237 prammaticor

139 3266 177 3324 aa
198 3268 296 3324 littera
318 3269 348 3322 et
366 3244 484 3337 syllaba
505 3267 533 3320 et
553 3265 676 3319 accentu
697 3267 726 3318 et
738 3262 891 3334 posituris.
935 3261 1103 3338 Disciplina
1118 3265 1197 3323 ande
1215 3281 1319 3325 nomen
1346 3280 1390 3323 aci

136 3368 183 3440 pit
206 3397 241 3408 -
265 3359 320 3437 (de
348 3357 443 3422 modo
475 3355 691 3442 inpersonali)
719 3360 800 3435 qaod
822 3364 924 3435 passio
955 3365 1110 3425 alterimes
1139 3383 1197 3425 non
1225 3367 1313 3425 babet
1344 3381 1389 3426 aci

137 3468 269 3541 explicit.
292 3460 316 3524 f.
337 3449 501 3522 134-'444
518 3460 702 3522 Retractatio
720 3465 874 3536 reciproce
893 3465 1086 3537 interropatio
1105 3470 1151 3526 aei
1162 3470 1313 3543 responsio
1328 3468 1387 3542 dep

138 3568 208 3626 iiam
225 3566 338 3637 repetis
359 3561 510 3621 aldhelmi.
555 3563 706 3638 Expositis
717 3566 917 3638 aenipmatiim
930 3569 1181 3641 propositionibus
1194 3576 1224 3627 et
1243 3570 1386 3643 dipestnn

58 3689 84 3742 .'
137 3675 251 3725 trorum
271 3664 477 3723 melodia—e
495 3669 579 3723 terra
594 3665 708 3724 distare
729 3665 820 3724 nabes
841 3667 879 3725 iic
894 3667 999 3740 quibas
1012 3665 1195 3738 funduntur.
1222 3664 1246 3729 f.
1273 3669 1385 3728 rai-t

136 3766 248 3841 Incipit
267 3765 394 3824 conlatio
414 3765 452 3823 ile
467 3766 627 3839 peneribm
646 3771 814 3825 nietrnrnm.
859 3766 935 3836 Quot
952 3776 1022 3827 sant
1037 3785 1151 3842 penera
1169 3778 1328 3829 metrorum
1342 3787 1384 3845 pr

136 3868 249 3941 cipaiia
271 3899 313 3909 -
331 3865 409 3925 bona
430 3869 513 3927 iustis
534 3884 591 3926 sna
611 3882 729 3941 semper
746 3867 821 3927 dens
840 3868 942 3940 affert.
971 3872 1038 3930 item
1053 3871 1131 3930 bona
1152 3873 1235 3930 iustis
1250 3872 1324 3930 tiens
1337 3870 1383 3944 all

137 3962 161 4025 f.
181 3965 239 4026 148
263 3985 333 4050 sqq.
356 3984 409 4028 ars
430 3973 532 4029 mareri
551 3969 646 4028 seriiii
660 3971 854 4050 prammatici
873 3971 911 4030 ile
931 3978 1047 4031 centum
1069 3973 1179 4031 metri's.
1202 3989 1245 4032 ex
1264 3967 1315 4031 his
1338 3968 1382 4053 igi

137 4061 305 4127 codicibus
320 4065 463 4150 quae'ad
485 4064 746 4131 emendationem
763 4062 903 4129 Charisii
923 4066 1069 4150 adhibui,
1090 4089 1129 4131 ea
1148 4069 1338 4156 deprompta
1361 4091 1380 4131 s·

139 4185 182 4228 ex
196 4173 266 4228 arte
281 4168 497 4249 grammatica
518 4187 603 4254 quae
623 4165 658 4228 in
679 4162 955 4232 Sanctamandino
975 4168 1088 4233 codice
1103 4180 1178 4255 post
1199 4154 1316 4234 albini
1335 4167 1379 4233 lib

137 4266 255 4350 posita,
278 4268 355 4352 quia
378 4265 560 4330 disserendi
575 4265 724 4330 ordinem
742 4287 762 4330 a
777 4265 908 4331 Donato
927 4268 1113 4332 institutum
1131 4271 1281 4355 sequitur
1303 4269 1378 4334 ‘del

136 4367 223 4430 nato'
246 4368 370 4452 scripta
387 4388 460 4431 esse
475 4366 612 4453 dicitur,
634 4366 669 4429 in
684 4366 846 4434 Berncnsi
861 4377 970 4432 autem
984 4366 1097 4433 codice
1116 4370 1226 4432 nescio
1242 4392 1307 4455 qua
1322 4391 1377 4432 aui

135 4466 267 4550 ritate*)
292 4466 472 4532 Clementis
498 4466 587 4532 Scoti
610 4469 742 4533 nominc
769 4469 929 4557 inscripta
954 4478 1020 4551 est,
1046 4471 1081 4531 in
1110 4468 1266 4534 Leidensi
1295 4468 1375 4533 deni

205 4637 234 4702 *)
246 4639 399 4689 Clementem
413 4638 538 4702 quendam
552 4654 603 4688 une
620 4655 678 4689 oum
696 4640 802 4690 Alcuino
821 4656 854 4690 ex
866 4640 987 4691 Hibernia
1000 4641 1032 4690 ud
1051 4640 1170 4690 Karolnm
1190 4640 1311 4706 Magnum
1337 4656 1374 4689 vei

136 4734 161 4774 et
176 4727 262 4789 pueris
286 4724 433 4775 erudiendis
453 4722 599 4787 scholisque
622 4726 784 4776 instituendis
802 4727 828 4777 in
847 4727 928 4778 Gallia
948 4740 1051 4792 operam
1068 4726 1170 4776 dedisse
1190 4726 1277 4775 scribit
1298 4740 1373 4776 mona

135 4807 310 4875 Sangallensis
324 4811 356 4860 de
374 4811 455 4875 gestis
472 4809 557 4860 Karoli
574 4809 661 4877 Magni
682 4811 954 4865 monum.Ger1u.od.
974 4810 1048 4861 Perta
1065 4814 1088 4862 II
1105 4828 1131 4878 p.
1151 4811 1212 4863 731.
1232 4826 1291 4860 euru
1312 4826 1362 4875 quo

135 4894 267 4945 Claudium
286 4894 440 4946 Clementem
459 4896 526 4946 dicat
540 4895 670 4948 Fabricius
686 4898 746 4949 bibl.
766 4897 834 4951 med.
853 4904 878 4947 et
896 4895 945 4946 ini.
959 4896 1046 4948 Latin.
1066 4912 1092 4964 p.
1115 4896 1182 4949 1082
1199 4913 1238 4962 sq.
1256 4899 1362 4960 reique
