3114 5356
140 303 144 314 ·
162 263 199 326 te
724 259 886 323 attamen

226 407 231 419 .
273 406 279 418 .
332 377 357 420 r.
969 376 972 381 ·
1309 407 1315 418 .
1344 376 1398 419 ιι.
1433 367 1439 378 ’

161 376 440 528 riip·liio⁵iique’;
469 448 518 510 ubi
547 449 617 511 illud
641 468 758 529 quoque
777 449 944 512 notabimus
969 448 1116 510 vinarium
1137 445 1209 508 diei.
1253 380 1451 509 lariio⁴dutem

162 553 240 634 quasi
263 548 423 635 deminutio
445 559 490 613 est
511 551 589 613 lani.

195 652 197 656 ’
241 653 376 717 Assarius
400 653 437 715 ab
458 653 585 734 antiquis
603 651 769 726 dicemur,
788 671 869 714 nune
891 672 924 715 as
941 652 1062 726 dieitur,
1085 670 1145 712 non
1166 653 1250 713 assia.
1294 669 1374 714 seue
1396 671 1449 714 os·

160 756 456 838 degenerasset,
479 764 512 816 ut
531 755 669 841 similiter
696 755 787 816 etium
808 755 944 816 oetussis.
994 754 1081 816 huius
1108 753 1249 815 ablativus
1271 763 1318 815 est
1335 755 1372 816 ab
1394 756 1451 820 hoc

161 868 290 922 notasse:
312 857 436 935 ideoque
455 859 728 937 ‘oetusseemptem
747 861 808 919 est’
828 856 903 917 bene
920 856 1062 931 dicimus3
1085 856 1137 916 sed
1154 856 1202 916 ‘da
1223 855 1262 916 iiii
1285 861 1477 919 oetassem’a

161 961 349 1024 soloecismus
376 967 431 1021 est
479 977 547 1022 nam
573 959 762 1021 nominativo
788 957 839 1020 dio
865 968 951 1021 aetus
978 978 1015 1020 ne
1037 959 1160 1033 dixeris,
1189 959 1241 1021 sed
1264 959 1451 1034 octonarius3

160 1062 331 1126 subanditur
357 1062 434 1124 enim
461 1081 613 1137 nummus,
639 1061 723 1121 uelut
749 1060 901 1123 sestertius
927 1080 1066 1122 nummus
1092 1070 1122 1122 et
1144 1060 1281 1122 denarius
1302 1078 1449 1122 nummus.

159 1184 225 1227 nam
252 1164 286 1225 id
307 1181 366 1225 uos
391 1183 544 1226 nummum
569 1163 750 1244 appellamus
774 1162 852 1241 quod
877 1162 980 1224 Graeci
1002 1157 1128 1241 νόμον.
1173 1163 1325 1226 sestertius
1352 1171 1451 1224 autem

162 1265 236 1329 unde
263 1265 306 1326 sit
326 1264 494 1346 appellatus
519 1265 595 1328 solet
620 1265 729 1343 quaeri.
773 1265 852 1343 quod
873 1265 1060 1326 manifestum
1078 1264 1148 1338 erit,
1176 1265 1200 1326 si
1223 1265 1351 1327 sciamus
1373 1264 1451 1346 apud

160 1373 276 1428 netem
303 1365 451 1429 denarium
476 1367 578 1428 deeem
593 1385 694 1428 oasses
724 1365 880 1427 habuisse:
908 1365 1033 1445 ideoque
1058 1366 1089 1427 iu
1116 1366 1278 1428 rationibus
1308 1364 1450 1435 iaciendis
1466 1383 1490 1425 ιι

162 1470 326 1542 denarium,
346 1469 376 1530 id
398 1477 444 1531 est
465 1470 635 1543 mansuem,
657 1467 683 1528 X
704 1467 820 1528 inducta
843 1476 995 1543 notamus;
1015 1467 1098 1529 euius
1119 1475 1221 1547 quarta
1242 1487 1325 1549 pars,
1347 1467 1452 1547 dipon-

161 1571 224 1632 dius
244 1571 349 1647 semis,
377 1573 529 1634 sestertius
556 1571 676 1645 dieitur,
703 1570 781 1650 quod
803 1569 840 1629 de
861 1567 956 1630 tribus
977 1568 1093 1631 assibus
1115 1571 1204 1632 semis
1231 1570 1357 1632 deliniat.
1401 1569 1452 1631 de-

161 1673 246 1750 niqne
265 1679 295 1732 et
311 1680 379 1734 nota
401 1674 464 1735 eius
485 1673 556 1735 nihil
579 1671 656 1734 aliud
678 1691 766 1751 quam
785 1671 954 1752 dipondium
976 1677 1005 1732 et
1026 1671 1116 1733 semis
1136 1671 1272 1733 ostendit

243 1772 297 1834 llic
323 1773 406 1837 loeus
431 1783 459 1836 et
485 1776 514 1837 1ιί
538 1776 594 1838 loei
618 1775 779 1837 masculino
802 1775 909 1853 genere
928 1773 1041 1834 ratione
1066 1774 1211 1836 dieantur
1259 1773 1311 1835 sed
1324 1782 1360 1834 -et
1378 1775 1452 1838 liaeo

159 1874 221 1937 loea
241 1874 423 1938 consuetudo
446 1878 529 1956 qnasi
550 1877 671 1939 loealius
690 1875 853 1957 usurparit,
875 1893 934 1935 non
955 1881 1053 1937 umen
1068 1885 1097 1937 et
1111 1876 1297 1956 singulariter
1313 1885 1450 1938 neutrum
1466 1891 1491 1934 re

160 1994 251 2055 genus
284 1976 417 2052 admisit,
452 1979 582 2056 quamms
611 1979 727 2059 quidam
761 1977 852 2038 velint
876 1983 979 2037 neutro
1014 1996 1121 2055 genere
1148 1979 1323 2041 Sallustium·
1342 1978 1451 2040 dixisse

160 2078 238 2141 ‘est
257 2079 292 2139 in
316 2097 473 2141 caruere
491 2080 614 2157 loeus,
638 2077 991 2164 quodllluliianum
1010 2081 1253 2160 appellatur'.
1298 2082 1350 2143 sed
1375 2082 1454 2143 inas·

160 2187 219 2257 tra3
250 2181 363 2260 ‘quod’
395 2181 473 2242 enim
496 2201 513 2244 a
535 2183 671 2245 Sallustio
698 2181 831 2244 absolute
852 2181 985 2242 Tulliano
1012 2183 1199 2245 coniunctum
1222 2192 1276 2245 est.

241 2283 356 2344 Delirus
382 2302 398 2344 a
425 2284 493 2361 lira,
517 2286 604 2347 aratri
630 2285 734 2357 ductu,
764 2283 935 2365 appellatur.
979 2289 1078 2363 potest
1098 2292 1194 2345 tamen
1217 2285 1335 2347 deierus
1359 2303 1414 2365 per
1434 2305 1451 2347 e

158 2373 291 2445 siedron
312 2386 402 2463 λῆρος
421 2388 605 2468 conpositum
628 2387 728 2448 rideri.
1293 2396 1300 2407 '
1463 2399 1491 2441 ²⁸

202 2551 211 2569 ‚
243 2486 442 2549 Cubicularius
460 2496 627 2550 esteustos
642 2488 780 2563 cubiculi,
803 2488 979 2552 cubicularis
1000 2509 1067 2551 vero
1087 2490 1181 2552 lectus
1199 2490 1333 2553 eubiculo
1354 2498 1450 2571 aptus,

163 2709 228 2760 1-
245 2708 275 2759 11
295 2709 320 2757 N

279 2794 359 2844 lutrio
387 2796 417 2842 W
448 2795 488 2857 qsi
515 2776 653 2845 deminutio
686 2795 700 2843 ὅ
733 2793 794 2843 lanii
827 2792 848 2860 ss
875 2798 939 2861 geue
970 2805 1008 2844 est
1037 2803 1063 2846 ut
1096 2799 1118 2846 si

282 2881 402 2930 asserius
424 2881 455 2929 ab
476 2881 586 2943 antiquis
609 2880 739 2931 dicebatur
762 2896 828 2930 nune
851 2896 880 2932 as
900 2882 993 2931 dieitur
1015 2898 1064 2933 uon
1089 2900 1117 2932 os

246 2968 345 3016 ocensis
364 2966 440 3017 huius
462 2966 521 3016 nblai
539 2976 578 3016 est
598 2969 630 3018 ab
651 2968 675 3017 1ι.
698 2983 789 3018 oeeuse
808 2968 891 3031 ideoq.
911 2985 987 3019 oeens

248 3053 311 3102 bene
331 3053 438 3104 dicimus
464 3053 509 3103 sed
532 3054 571 3103 da'
590 3055 626 3105 illi
647 3069 738 3106 oeeuse
755 3054 922 3106 soloecismus
941 3059 955 3106 e
975 3059 1007 3107 na

248 3155 293 3189 eus
311 3155 342 3189 ue
360 3139 458 3190 dixeris
476 3142 521 3190 sed
541 3144 716 3205 quaternarius
732 3142 884 3199 subauditur
901 3141 931 3190 11
945 3158 1005 3191 num

247 3228 379 3277 sestertius
418 3241 535 3278 nummus
575 3238 599 3279 et
639 3228 759 3280 denarius
792 3245 910 3280 nummus
946 3232 1030 3280 nami

247 3329 316 3363 marm
350 3312 510 3380 appellamus
544 3317 613 3379 quod
646 3319 718 3383 greci
742 3318 874 3368 sestertius
904 3317 934 3366 W
961 3316 1028 3366 unde

249 3401 357 3466 pellatur
392 3401 457 3451 solet
492 3403 565 3467 qupri
599 3402 667 3467 quod
702 3403 840 3454 manifestir
875 3406 922 3454 erit
957 3406 980 3454 si
1015 3404 1125 3453 sciamus
1160 3406 1192 3468 ap

250 3488 416 3539 denarium
443 3489 551 3539 decem
581 3505 672 3541 asses
706 3490 862 3540 lrubuisse
897 3490 1035 3552 ideoque
1070 3491 1100 3538 iu
1123 3490 1281 3540 rationib:
1422 3487 1456 3541 10

140 3604 150 3621 ·
249 3591 372 3644 iaciendis
413 3593 545 3643 denarium
586 3594 618 3644 de
660 3595 737 3646 decus
773 3631 780 3644 .
807 3577 832 3644 N
859 3631 866 3644 .
902 3595 1032 3645 inductum

232 3730 248 3781 3
266 3732 331 3781 assis
349 3752 362 3781 a
380 3732 508 3797 genitiuus
526 3741 563 3782 est
579 3741 607 3781 nt
625 3733 691 3784 sieut
704 3736 817 3785 oeeussis
839 3748 860 3783 to
945 3735 961 3785 5
980 3747 1084 3784 oeensse
1102 3733 1166 3783 bene
1184 3748 1205 3782 ω
1289 3735 1305 3782 7
1326 3747 1454 3785 ntrmmns.

163 3801 295 3854 sestertius
312 3817 333 3851 ω
403 3801 503 3853 sltem
519 3817 649 3852 nummum
668 3818 689 3855 ω
758 3803 864 3855 ilunde
882 3803 1024 3870 appellatur
1039 3820 1060 3853 ω

366 3922 498 3930 -.—-

233 3993 246 4043 1
262 3999 379 4042 notamus
391 3991 515 4041 dinarium
529 3991 579 4042 dici
591 3991 723 4042 macoma
792 3993 808 4044 3
820 3993 941 4043 Assarius
960 3991 991 4041 ab
1005 3991 1115 4054 antiquis
1127 3991 1305 4051 dicebamus,
1324 4005 1373 4040 non
1388 3991 1457 4041 assis

163 4064 266 4114 coniecit
286 4060 330 4112 Tit.
349 4061 514 4111 Mounesenas
602 4076 651 4112 non
672 4062 747 4114 assis.
775 4077 837 4113 sane
855 4063 921 4112 assis
940 4062 1074 4128 genetiuus
1092 4061 1326 4124 estoseortdopr.
1342 4063 1456 4123 312117

164 4149 221 4183 uam
239 4133 305 4182 assis
323 4130 454 4197 genitinus
469 4141 508 4182 est
523 4145 541 4192 p
628 4131 773 4194 dsortusse
790 4141 814 4182 et
836 4133 870 4182 da
892 4131 931 4181 1111
951 4132 1279 4208 οιιιιιιιειεοΙοιιίειιιιιι,
1286 4138 1312 4180 ut
1329 4132 1459 4183 caeciderit

162 4204 225 4255 illud
244 4201 312 4268 quod
333 4203 490 4252 soloecismus
512 4215 567 4250 esse
582 4201 673 4251 dicitur
757 4202 941 4253 doetonarins
959 4202 1125 4253 Monmsenua
1209 4192 1335 4265 ὃνόμοιι
1351 4200 1456 4251 illatran-

161 4322 236 4359 ιειιιιι
251 4296 374 4370 νόμισμα
390 4304 525 4355 Fabrieius
591 4303 757 4356 9Denarius
773 4306 842 4371 apud
857 4309 974 4370 antiquos
992 4306 1079 4357 decem
1097 4322 1180 4357 asses
1191 4306 1354 4370 habebatp:
1383 4289 1459 4357 areles

160 4380 243 4442 spatio
266 4377 372 4426 lammae
389 4377 468 4441 inopis
489 4375 619 4424 mesenae
639 4374 737 4425 uidem
759 4391 830 4441 quma
852 4379 970 4441 antiquos
1055 4377 1084 4428 ll
1103 4368 1234 4426 denarium
1258 4376 1360 4425 decussi
1376 4375 1424 4424 X
1418 4391 1458 4425 rn-

161 4448 264 4498 duetum
282 4446 414 4497 Fabricius
436 4445 567 4495 denarium
590 4443 691 4495 deenssi
711 4445 812 4497 inducto
836 4454 952 4498 notamus
969 4445 995 4496 11
1013 4447 1151 4499 Gronovius
1172 4446 1204 4495 de
1226 4455 1326 4497 aestert
1354 4445 1365 4494 1
1381 4446 1405 4497 :3

163 4516 197 4569 13
214 4514 362 4582 dipondium
379 4523 404 4566 at
421 4516 500 4566 semis
519 4524 543 4564 et
561 4515 640 4564 semis
654 4515 764 4565 ostendit
781 4515 806 4565 N
823 4516 974 4582 dipondium
990 4524 1015 4567 et
1031 4518 1110 4567 semis
1127 4515 1166 4565 HS
1185 4516 1296 4566 ostendit
1311 4533 1333 4566 ω
1423 4515 1457 4567 15

162 4588 236 4650 quasi
251 4586 325 4636 toeati
340 4601 389 4637 usu
405 4586 538 4652 usurpauit
554 4599 576 4633 ω
646 4584 792 4636 obseruauit
808 4601 876 4640 corr
896 4587 1028 4654 usurpauit
1046 4587 1072 4636 N
1149 4585 1182 4636 16
1201 4582 1363 4650 Sallustium]
1380 4585 1457 4636 Catil.

163 4657 196 4708 55
284 4655 318 4708 111
339 4655 434 4706 delirus
452 4670 468 4705 a
483 4654 529 4705 lira
549 4655 626 4705 aratri
647 4653 754 4704 denians
771 4655 897 4718 dieiturp
966 4657 1000 4707 ‘20
1017 4653 1103 4721 λῆρος
1125 4655 1309 4706 Lindemanmoe
1327 4670 1413 4706 aaron
1432 4654 1458 4704 N

163 4715 252 4804 tripos
269 4739 291 4773 ω
359 4727 391 4777 21
410 4733 485 4791 aptus
500 4722 505 4789 Ι
521 4724 662 4790 Caligarius
679 4725 718 4773 Νι
742 4733 770 4775 nt
788 4725 850 4777 add.
868 4741 926 4780 eae.
946 4725 1059 4792 ortdopr.
1077 4740 1105 4789 p.
1127 4725 1210 4777 2779:
1235 4734 1310 4792 aptas
1334 4733 1362 4774 ut
1383 4725 1457 4776 ealli-

164 4793 248 4844 earina
266 4793 357 4843 artilex
375 4795 489 4845 callicari
502 4794 587 4846 'clauis
605 4794 722 4845 similiter
737 4803 762 4844 et
780 4794 906 4858 similiap
