3114 5356
136 326 172 380 xa
674 294 881 358 PRAEFATIO

138 487 178 552 de
200 464 358 570 poematis
381 479 624 547 characteribus
647 476 820 543 scribenda
842 476 974 541 fuorunt
995 474 1037 539 ad
1058 474 1224 562 proxima,
1256 496 1341 561 quae
1359 498 1425 540 555

139 587 180 652 (15
201 588 294 673 55155
316 583 470 665 carmine,
492 581 667 664 aberravit,
685 577 813 661 deinde,
834 598 907 642 cum
928 598 996 640 rom
1012 575 1239 657 intellexisset,
1261 600 1327 640 non
1349 577 1422 643 (1515

139 688 183 753 115
216 685 282 750 11115
304 707 388 773 quae
416 685 655 770 interposuerat
683 679 726 744 ad
748 681 869 744 iustum
897 677 1044 743 ordinem
1072 698 1107 740 se
1129 677 1307 741 revocavit.
1351 701 1425 766 quat

139 809 214 855 cum
238 789 286 851 ita
305 787 380 869 sint,
402 807 468 849 non
480 806 597 850 vereor
609 804 651 845 ne
673 780 825 845 licentius
843 801 911 843 rem
929 779 1074 863 gessisse
1087 777 1187 859 dicar,
1211 777 1298 864 quod
1310 790 1422 864 pertur

140 887 217 953 bato
239 889 473 951 sententiarum
494 906 582 948 nexu
603 882 720 948 ductus
743 878 903 969 quaedam
922 880 1128 965 transpositis
1144 876 1255 942 verbis
1272 883 1425 968 corrigent

142 988 272 1053 studui?
290 986 334 1052 cf.
358 989 430 1066 311,
452 988 504 1049 24.
529 987 601 1067 314,
624 987 676 1048 30.
699 987 772 1065 319,
797 982 826 1042 2.
850 981 972 1061 345,1.
996 981 1068 1060 371,
1091 980 1143 1042 22.
1165 982 1237 1061 445,
1258 981 1288 1043 3.
1309 984 1382 1065 462,
1405 987 1423 1047 2

140 1089 301 1177 equibus
326 1087 392 1152 alia
412 1108 454 1150 ex
478 1085 541 1149 hac
562 1082 689 1148 librarii
722 1081 931 1167 neglegentia
951 1102 1049 1167 quam
1072 1077 1142 1143 dixi
1163 1082 1342 1167 repetenda
1363 1106 1425 1148 esst

140 1198 234 1280 puto,
256 1189 323 1254 alia
336 1190 372 1255 in
393 1187 542 1273 margine
566 1183 732 1269 adscripta
751 1181 858 1246 alieno
881 1180 951 1246 loco
972 1182 1165 1267 interposita
1182 1203 1253 1246 5555
1271 1183 1425 1250 videntur

140 1293 261 1360 certius
282 1311 383 1356 causa
404 1289 524 1354 erroris
544 1286 698 1372 adparuit
716 1288 798 1365 457,
824 1287 858 1365 1,
886 1281 942 1345 ubi
966 1283 999 1345 in
1025 1282 1335 1370 indiceJtroporum,
1363 1310 1424 1352 555

143 1393 270 1461 duobus
289 1388 525 1457 versiculorum
547 1386 762 1454 commatibus
783 1382 915 1447 nomina
940 1381 1017 1446 olim
1038 1385 1220 1473 perscripta
1240 1395 1364 1470 essent,
1387 1411 1424 1452 or

143 1495 253 1561 dinem
275 1514 341 1557 non
365 1501 453 1556 recto
471 1489 645 1554 adsecutus
665 1496 714 1551 est
738 1485 903 1551 librarius.
947 1496 1111 1574 postremo
1133 1487 1175 1551 ab
1198 1486 1351 1552 hocloco
1373 1512 1424 1553 nor

141 1597 239 1680 longe
261 1592 370 1657 aliena
393 1601 469 1656 sunt
489 1613 528 1656 ea
549 1611 634 1679 quae
660 1597 735 1677 post
756 1588 896 1674 primum
924 1587 1042 1652 librum
1066 1587 1126 1651 ‘de
1148 1589 1422 1655 momoria’item

143 1719 211 1786 que.
227 1703 301 1783 post
315 1693 493 1760 secundum
513 1692 574 1757 ‘dc
592 1690 749 1779 qualitate
766 1699 964 1754 structurae’
981 1687 1095 1754 addita
1116 1697 1201 1752 sunt.
1241 1712 1424 1779 quamquan

143 1800 228 1864 onim
257 1818 316 1883 per
350 1817 386 1859 55
421 1818 486 1860 555
519 1793 690 1879 indignam
718 1791 780 1857 hoc
808 1791 1020 1876 grammatico
1048 1799 1219 1878 utramque
1245 1790 1423 1878 disputatio

142 1919 217 1963 nem
240 1896 347 1980 dicas,
369 1902 479 1960 tamen
501 1917 606 1983 neque
628 1895 663 1958 in
684 1891 749 1957 illis
770 1891 851 1956 locis
875 1892 909 1954 in
931 1889 1050 1978 quibus
1074 1913 1161 1956 nunc
1183 1890 1264 1956 haec
1285 1892 1424 1978 legunto:

142 2007 230 2066 recte
254 1999 361 2087 posita
388 2018 459 2061 esse
481 1996 634 2082 adparet,
664 2017 770 2093 neque
793 1990 893 2056 alium
916 1990 1021 2056 locum
1045 1994 1080 2055 in
1105 2015 1201 2081 quem
1222 1994 1423 2080 probabilite⁴

142 2099 382 2165 transferantur
396 2099 430 2162 in
453 2120 491 2163 5ο
506 2120 613 2162 rerum
636 2096 749 2162 ordine
772 2116 866 2182 quem
883 2090 1067 2158 Diomedes
1082 2103 1212 2160 secutus
1227 2105 1276 2160 est
1288 2096 1423 2185 dispicio

143 2223 245 2290 quare
266 2224 286 2264 a
308 2200 460 2282 librario,
484 2201 539 2287 qui
562 2199 667 2287 spatio
680 2198 939 2262 membranarum
958 2197 1044 2283 quod
1058 2197 1159 2261 finitis
1171 2198 1265 2262 libris
1287 2199 1423 2266 relictun

143 2310 213 2368 erat
232 2304 280 2367 uti
302 2300 416 2382 vellet,
434 2299 516 2365 haec
538 2299 700 2366 corollarii
717 2301 820 2363 instar
841 2297 1005 2380 subiecta,
1029 2298 1148 2362 deiude
1170 2302 1421 2384 aposterioribu

142 2404 287 2469 librariis
303 2426 345 2467 ex
367 2403 544 2490 archetypo
564 2404 703 2488 repetita
719 2423 790 2465 csse
803 2398 966 2463 existimo.
995 2399 1082 2463 unde
1106 2401 1202 2465 simul
1218 2400 1299 2466 illud
1315 2404 1423 2470 facturr

143 2514 207 2584 est,
229 2512 265 2568 51
282 2512 315 2569 51
335 2504 425 2569 tertii
447 2502 522 2568 libri
543 2504 674 2568 initium
696 2503 803 2567 alieno
824 2500 896 2565 loco
913 2509 1088 2586 poneretur
1110 2501 1229 2587 511555
1250 2502 1423 2571 1111511515(

142 2607 236 2672 titulo
260 2607 493 2673 inscriberetur
513 2605 573 2669 ‘de
589 2602 747 2691 qualitate
770 2607 980 2666 structurae’.

228 2707 293 2773 Sed
313 2706 411 2771 video
432 2706 473 2769 de
495 2704 727 2793 orthographia
747 2705 827 2769 mihi
849 2702 1008 2790 quaedam
1025 2701 1177 2768 addenda
1200 2727 1282 2770 csse.
1319 2707 1351 2771 in
1375 2733 1422 2796 qut

141 2831 261 2896 genero
283 2831 355 2872 cum
371 2807 403 2871 id
427 2807 568 2884 15551515
591 2808 771 2871 curandum
795 2826 866 2868 5555
879 2812 1044 2889 55151515,
1064 2815 1100 2870 51
1121 2807 1253 2870 reiectis
1274 2809 1339 2873 illis
1354 2834 1420 2898 qua

143 2910 218 2973 olim
248 2917 362 2972 contra
386 2906 483 2971 fidem
511 2913 544 2969 51
567 2907 836 2971 consuetudinem
863 2915 1011 2971 veterum
1038 2904 1195 2971 librorum
1224 2931 1340 2995 parum
1364 2934 1422 2997 pru

143 3008 258 3074 denter
288 3018 409 3072 novata
446 3017 523 3071 sunt
550 3007 629 3095 quid
654 3009 820 3073 codicibus
849 3007 1005 3072 traditum
1035 3015 1121 3070 55551
1147 3009 1371 3095 ostenderem,
1406 3015 1422 3078 11

144 3110 292 3174 Charisio
313 3109 444 3195 quidem
467 3116 592 3172 certum
615 3108 729 3173 ducem
751 3109 851 3173 habui
873 3131 973 3173 unum
987 3116 1129 3173 veterem
1148 3110 1310 3193 codicem;
1332 3114 1423 3177 minu

141 3219 231 3275 certa
253 3232 306 3273 res
328 3209 391 3272 fuit
420 3210 455 3273 in
475 3208 651 3296 Diomede,
675 3212 709 3275 in
732 3233 796 3299 quo
818 3211 979 3297 scriptura
1012 3209 1134 3274 codicis
1156 3233 1251 3297 quem
1275 3214 1422 3299 sequimu

142 3312 249 3376 tribus
272 3309 365 3373 libris
387 3311 524 3374 conlatis
550 3310 742 3399 indaganda
764 3312 844 3394 fuit,
871 3334 953 3398 quos
980 3333 1044 3375 non
1069 3314 1149 3377 satis
1171 3321 1321 3377 accurate
1340 3317 1422 3401 5115(

141 3412 267 3477 librarii
287 3433 409 3476 morem
431 3415 575 3479 imitatus
600 3435 673 3477 esse
695 3414 768 3500 ipsa
790 3436 901 3478 eorum
921 3413 1143 3500 discrepantia
1163 3416 1267 3480 docet.
1312 3425 1422 3500 praete

142 3536 181 3579 ea
202 3525 311 3579 autom
333 3535 415 3601 quae
439 3514 535 3579 solita
557 3515 763 3581 librariorum
784 3515 993 3600 neglegentia
1014 3524 1150 3601 peccata
1172 3519 1299 3581 suntin
1325 3521 1421 3605 primi

143 3615 274 3686 diversa
294 3616 529 3703 pronuntiandi
555 3619 654 3700 ratio,
682 3639 779 3704 quam
805 3617 888 3681 alius
917 3617 1014 3682 aliter
1043 3619 1222 3703 expressit,
1246 3621 1421 3686 varietatet

143 3714 308 3780 scribendi
338 3718 486 3784 effecisse
510 3720 652 3786 videtur.
698 3740 783 3805 quac
809 3739 882 3780 cum
904 3718 949 3780 ita
968 3725 1093 3798 essent,
1120 3741 1224 3804 noque
1252 3723 1421 3788 continuat

142 3815 308 3880 scribendi
331 3821 612 3906 aequabilitatem,
637 3840 734 3906 quam
763 3841 939 3905 numquam
964 3818 1066 3883 151555
1096 3830 1241 3905 5555151,
1270 3824 1420 3889 instituet

141 3938 246 4003 neque
269 3920 401 3985 rarioris
428 3925 610 4009 scripturae
633 3919 784 4004 exempla
811 3921 932 4007 passim
961 3942 1020 4007 per
1042 3917 1144 3986 libros
1173 3921 1322 4011 dispersa
1351 3930 1421 4013 cup?

141 4018 215 4083 dius
238 4023 355 4084 sectari
383 4021 487 4105 volui,
517 4023 576 4088 sod
604 4045 675 4086 eam
702 4020 808 4107 legem
830 4030 960 4085 secutus
981 4043 1051 4084 sum
1074 4032 1111 4086 ut
1136 4024 1296 4111 quidquid
1319 4048 1362 4088 cx
1384 4049 1421 4092 an

139 4120 280 4206 tiquiore
308 4123 464 4188 memoria
489 4123 654 4210 proditum
683 4144 754 4211 5555
776 4120 829 4186 vel
858 4122 1006 4186 codicum
1029 4146 1208 4191 consensus
1233 4125 1365 4191 doceret
1386 4153 1420 4194 5(

140 4221 213 4307 1555
235 4223 418 4310 scripturae
440 4229 524 4290 ratio
546 4223 761 4312 persuaderet
789 4224 984 4310 reciperem3
1015 4224 1122 4312 siquid
1152 4228 1260 4290 miuus
1282 4230 1420 4296 usitatur

138 4324 172 4386 in
194 4345 258 4389 uno
277 4325 386 4412 aliquo
408 4325 520 4391 codice
540 4327 758 4412 reperiretur,
779 4326 949 4411 ¹vulgarem
974 4326 1139 4391 scribendi
1160 4330 1320 4394 rationem
1327 4380 1336 4413 ,
1366 4354 1420 4398 ear

140 4423 214 4489 dico
235 4448 320 4513 quae
341 4436 489 4491 veterum
512 4426 669 4492 librorum
692 4449 753 4490 usu
775 4426 913 4515 probata
934 4438 1001 4511 est,
1031 4430 1226 4514 reciperem,
1250 4431 1419 4520 discrepan

139 4525 217 4588 tiam
248 4535 356 4592 autem
391 4529 424 4592 15
447 4529 691 4594 adnotationem
717 4529 915 4607 conicerem3
946 4529 1056 4617 siquid
1071 4605 1075 4612 ,
1089 4529 1229 4617 denique
1252 4532 1305 4596 vel
1335 4557 1419 4600 error

138 4628 318 4691 recentium
340 4628 546 4695 librariorum
568 4629 852 4694 tribuendum-vel
875 4651 918 4693 cx
938 4633 1003 4696 oris
1022 4632 1103 4695 vitio
1126 4643 1237 4695 natum
1254 4656 1326 4697 5555
1347 4635 1419 4701 vide

137 4733 241 4803 retur,
276 4729 467 4795 omitterem.
506 4751 709 4829 'quamquam
742 4752 783 4794 ne
806 4731 847 4796 (15
881 4730 933 4796 1115
967 4732 1099 4820 quidem
1130 4732 1228 4797 rebus
1262 4736 1420 4823 quicquan

137 4825 286 4892 omisisse
312 4829 390 4893 mihi
419 4830 534 4898 videor
563 4830 652 4921 quod
678 4832 816 4897 alicuius
844 4836 1000 4899 momenti
1031 4856 1102 4898 esse
1128 4836 1242 4920 possit.
1288 4838 1345 4902 sed
1367 4862 1420 4926 qur
