3114 5356
522 313 650 377 INSTiT.
675 313 783 377 undu.
805 313 877 377 LIB.
900 315 926 376 li
1305 318 1361 378 171

126 447 151 489 p.
168 431 323 478 tet-ter.
1150 430 1221 485 μω.
1239 433 1276 475 lde
1289 432 1313 474 L.

73 506 159 588 poris
179 522 330 585 premere,
350 503 497 583 praeteriti
516 503 672 582 pressisse,
688 501 774 562 futuri
790 520 925 581 pressum
945 503 989 562 ire
1012 499 1080 585 [aut]
1102 521 1273 583 pressurum
1289 525 1364 567 esse.

75 606 234 690 participia
257 605 393 666 instantis
415 623 566 684 premens,
596 603 679 666 futuri
701 621 866 682 pressurus.
911 605 1016 685 supina
1034 602 1185 685 premendi
1206 608 1366 684 premendo

78 707 276 791 premendum
305 726 440 789 pressum
474 725 586 787 pressus
630 704 737 785 passiva
768 704 903 767 instantis
938 708 1076 788 temporis
1112 706 1258 768 indicativi
1288 709 1367 770 modi

80 830 202 895 premor
232 810 375 891 premeris
410 810 551 890 premitur
580 817 609 870 et
629 807 773 888 pluraliter
801 808 960 888 premimur
986 808 1150 889 premimini
1178 819 1366 890 premuntur,

51 911 198 995 spassiva
220 913 370 994 praeteriti
391 912 542 992 inperfecti
564 909 726 990 premebar,
746 911 866 991 perfecti
888 930 1009 992 pressus
1030 931 1095 973 sum
1117 910 1172 984 fui,
1199 910 1368 990 piusquam-

79 1016 203 1098 perfecti
227 1033 349 1094 pressus
371 1033 450 1076 eram
472 1015 599 1086 fueram,
620 1012 703 1074 futuri
722 1032 846 1093 premar.
891 1012 1059 1093 imperativa
1080 1012 1215 1075 instantis
1233 1033 1367 1094 premere

80 1124 250 1198 prematur,
279 1117 366 1178 fuurri
387 1117 534 1197 premitur.
580 1116 697 1197 optativa
723 1115 862 1196 temporis
886 1113 1021 1176 instantis
1047 1122 1076 1174 et
1099 1115 1247 1193 praetenti
1269 1117 1368 1197 inper-

21 1210 53 1279 Ο
79 1216 150 1279 fecti
172 1225 206 1279 ut
229 1235 391 1297 premerer,
414 1219 535 1299 perfecti
558 1227 590 1279 ιιι
606 1235 719 1298 pressus
734 1217 789 1279 sim
804 1217 925 1289 fuerim,
947 1214 1224 1296 plusquamperfecti
1238 1225 1272 1279 ιιι
1285 1238 1368 1299 pres·

79 1339 134 1381 sus
155 1338 254 1380 essem
275 1319 412 1393 fuissem,
449 1319 538 1381 futuuri
568 1326 602 1381 ot
627 1337 744 1401 premar.
789 1315 969 1381 subiunctiva
992 1316 1128 1378 instantis
1154 1336 1221 1380 cum
1241 1340 1367 1400 premar,

44 1450 68 1491 n
81 1422 233 1504 praeteriti
261 1422 413 1502 inperfecti
440 1440 506 1483 cum
533 1442 691 1505 premerer,
724 1421 845 1502 perfecti
877 1438 944 1481 cum
979 1437 1101 1498 pressus
1133 1420 1189 1482 sim
1216 1422 1336 1498 fuerim,
1351 1419 1365 1508 ΙΙ

80 1523 362 1606 plusquamperfecti
381 1543 447 1586 cum
470 1544 590 1604 pressus
608 1544 698 1586 essem
711 1524 853 1597 fuissem,
875 1521 964 1583 futuri
983 1539 1048 1582 cum
1066 1540 1188 1601 pressus
1208 1544 1259 1587 ero
1275 1527 1367 1589 fitero.

80 1627 196 1689 infinita
217 1627 353 1688 instantis
378 1625 488 1708 premi,
519 1624 664 1709 praeteriti
690 1643 824 1705 pressum
849 1644 932 1696 esse,
966 1621 1054 1684 luituri
1082 1644 1217 1705 pressum
1244 1629 1278 1690 iri
1303 1626 1369 1713 [aut

79 1747 255 1811 prassinum
278 1725 366 1809 essel.
411 1729 562 1810 participia
587 1725 728 1810 praeteriti
755 1745 892 1808 pressus,
921 1725 1010 1787 futuri
1038 1728 1225 1806 premendus.
1269 1733 1370 1813 appel-

79 1832 151 1894 latio
174 1831 307 1913 pressio;
326 1850 433 1892 nomen
455 1849 583 1912 pressor.
691 1902 699 1919 1
816 1856 833 1897 0

41 1963 67 2006 ι,
168 1933 248 2013 Ergo
275 1933 379 1993 tertius
406 1933 479 1995 ordo
508 1940 554 1993 est
580 1930 626 2010 qui
652 1949 703 2012 per
729 1929 754 1990 is
779 1939 942 2008 correptam
970 1932 1042 2006 exit,
1073 1942 1105 1994 nt
1126 1952 1228 2013 premo
1249 1937 1368 2015 premis,

79 2037 149 2098 ilico
171 2037 262 2110 dicis,
295 2053 351 2114 ago
370 2036 441 2115 agis.
485 2035 572 2097 liuius
599 2035 721 2095 futurum
741 2027 745 2112 Ι
765 2041 880 2112 tenipus
900 2033 1001 2094 finitivi
1023 2033 1052 2093 in
1075 2053 1121 2095 am
1144 2037 1216 2111 evit,
1250 2046 1283 2100 ut
1302 2058 1369 2119 pre·

78 2158 170 2201 mam.
214 2139 401 2219 imperativus
421 2139 450 2198 in
470 2158 487 2199 e
508 2137 629 2198 litteram
652 2130 699 2216 [et]
720 2135 805 2208 facit,
825 2141 857 2194 ut
878 2153 994 2214 preme;
1018 2135 1065 2196 cui
1088 2136 1218 2216 adpones
1239 2158 1272 2200 re
1293 2140 1369 2202 litte·

78 2261 130 2303 ras
154 2248 183 2301 et
207 2241 297 2302 facies
318 2239 506 2313 infinitivum,
536 2246 567 2300 ut
587 2255 722 2319 premere.
766 2254 870 2298 rursus
890 2235 920 2296 in
944 2237 1020 2298 tertii
1043 2223 1153 2300 oldinis
1173 2240 1268 2302 verbo
1290 2243 1369 2304 futu·

79 2362 147 2405 rum
170 2343 271 2405 finitivi
293 2344 349 2405 hcc
369 2343 481 2418 differt,
510 2342 587 2421 quod
606 2342 635 2402 in
659 2338 751 2421 primu
774 2346 803 2398 et
824 2337 953 2398 secundo
975 2338 1076 2400 ordine
1095 2357 1154 2418 per
1174 2340 1212 2402 bo
1235 2345 1316 2418 facit,
1339 2345 1368 2407 in

38 2444 260 2514 solertiorem
282 2464 336 2526 per
357 2464 421 2518 am,
450 2444 518 2506 item
540 2444 658 2524 optativa
681 2459 734 2522 per
755 2459 817 2513 am,
844 2440 1024 2502 subiunctiva
1045 2460 1112 2502 vero
1131 2462 1185 2522 per
1204 2463 1255 2522 ro;
1292 2447 1369 2508 velut

79 2548 192 2610 linitiva
213 2565 345 2628 premam
366 2565 449 2626 agam
470 2548 579 2620 dicam,
599 2542 721 2624 optativa
745 2548 778 2602 ot
799 2560 930 2622 premam
951 2561 1035 2622 agam
1051 2543 1162 2619 dicam,
1185 2546 1368 2612 subiunctiva

79 2668 152 2712 cum
181 2667 318 2730 pressero
347 2666 434 2727 egero
460 2648 568 2710 dinero.
609 2642 775 2707 meminisse
799 2653 896 2706 autem
924 2645 1065 2709 debemus
1094 2665 1195 2709 eorum
1216 2649 1369 2712 verborum

79 2771 159 2832 quae
184 2759 253 2813 sunt
283 2750 359 2811 tertii
382 2750 492 2812 ordinis
518 2751 574 2813 duo
599 2767 703 2829 genera
730 2765 814 2821 esse,
847 2765 936 2811 uuum
966 2767 1066 2810 conum
1093 2767 1218 2829 quorum
1242 2753 1370 2815 secunda

80 2872 210 2935 persona
233 2851 333 2913 finitivi
354 2870 408 2931 per
429 2852 455 2913 is
476 2852 583 2914 litteras
605 2851 952 2933 correptastevminatur,
974 2850 1052 2912 velut
1071 2870 1126 2931 ago
1145 2853 1224 2932 agis3
1246 2853 1370 2917 aiterum

36 2978 65 3020 m
80 2973 186 3018 eorum
206 2973 330 3035 quonum
349 2972 402 3034 per
423 2954 449 3015 is
466 2952 574 3016 litteras
599 2953 754 3034 productas
778 2954 963 3030 terminatur,
994 2962 1025 3016 ut
1052 2955 1146 3017 servio
1174 2955 1274 3017 servis.
1319 2957 1370 3019 sed

77 3065 204 3137 excepto
233 3065 362 3137 tempore
392 3063 422 3117 et
446 3055 633 3136 productione
661 3055 819 3117 litterarum
838 3074 898 3142 per
923 3065 1012 3118 totam
1033 3057 1256 3121 declinationem
1276 3059 1371 3121 isdem

77 3159 187 3221 litteris
214 3157 413 3220 terminantur.
457 3158 598 3236 quarein
631 3176 687 3219 uno
716 3157 817 3218 ordine
846 3177 881 3218 ea
916 3158 1052 3237 copulare
1077 3178 1135 3219 non
1164 3160 1370 3224 dubitabimus.

78 3268 234 3342 praeterea
261 3259 548 3322 animadvertendum
574 3267 617 3321 est
641 3259 828 3339 praeteritum
856 3261 1049 3340 inperfectumu
1083 3279 1184 3322 eorum
1216 3264 1371 3326 verborum

78 3381 157 3442 quae
178 3370 248 3424 sunt
267 3363 343 3424 tertii
363 3363 473 3424 ordinis
496 3380 531 3422 ex
555 3361 643 3441 prima
670 3379 796 3441 persona
822 3361 923 3422 finitivi
951 3380 1025 3439 quae
1050 3381 1104 3443 per
1128 3363 1157 3424 io
1180 3363 1290 3427 litteras
1313 3376 1372 3429 ter·

34 3488 66 3527 ao
79 3466 232 3526 nubantur
259 3484 376 3546 semper
400 3485 453 3546 per
476 3466 503 3526 ie
527 3462 635 3523 litteras
662 3463 771 3525 medias
799 3461 960 3534 terminari,
989 3463 1066 3524 velut
1084 3464 1158 3525 facio
1181 3466 1323 3530 faciebam
1342 3477 1372 3530 et

77 3566 216 3642 similia3·
228 3575 258 3628 et
272 3567 338 3629 ideo
353 3586 467 3629 summo
484 3584 581 3628 errore
602 3574 727 3644 aguntur
744 3566 793 3643 qui
814 3565 957 3627 servibam
976 3573 1005 3626 et
1023 3564 1138 3626 servibo
1153 3566 1269 3643 dicunt,
1293 3571 1371 3648 quod

77 3669 254 3730 observatur
274 3669 304 3730 in
325 3670 371 3732 bis
393 3669 488 3731 verbis
510 3686 583 3746 qnae
603 3669 698 3746 quarti
720 3666 829 3728 ordinis
852 3685 917 3729 esse
940 3667 1104 3729 definimus.
1149 3669 1201 3729 sed
1226 3689 1277 3732 eos
1299 3671 1372 3733 fallit

77 3773 211 3834 secunda
233 3791 359 3854 persona
380 3771 480 3833 finitivi
503 3771 588 3833 simili
609 3780 739 3850 tempore
762 3777 790 3830 et
818 3769 1009 3850 productione
1029 3770 1121 3831 isdem
1143 3770 1169 3833 is
1189 3770 1293 3833 litteris
1312 3780 1371 3834 ter-

76 3874 204 3946 minata,
227 3872 361 3934 videlicet
381 3893 440 3934 non
462 3872 670 3954 perspicientes
689 3871 812 3952 primam
834 3890 990 3952 personam
1014 3875 1107 3952 quarti
1130 3873 1240 3934 ordinis
1264 3874 1371 3953 ubique

35 3996 65 4037 aa
79 3994 135 4056 per
151 3976 180 4037 io
198 3976 382 4038 temninatam
403 3974 513 4037 ordinis
532 3974 745 4037 distinctionem
760 3974 1019 4055 declinationisque
1038 3976 1229 4038 differentiam
1249 3978 1372 4060 faeereli

468 4184 631 4228 occemund
652 4184 733 4227 letter
755 4184 866 4227 enutris
887 4183 985 4233 QVAM!

163 4282 291 4344 Verbum
312 4284 423 4346 ordinis
444 4286 538 4365 quarti
564 4285 687 4347 activum
708 4290 751 4345 et·
762 4284 910 4365 passivum
937 4283 1050 4345 finitum
1073 4282 1214 4368 temporis
1235 4282 1370 4345 instantis

75 4382 193 4446 num'evi
215 4384 370 4463 singularis
392 4395 421 4447 et
442 4387 571 4468 pluralis.
617 4387 707 4448 activa
727 4386 863 4449 instantis
885 4385 969 4447 audio
998 4385 1082 4447 audis
1110 4385 1191 4446 audit
1218 4394 1247 4445 et
1273 4384 1372 4465 plura·

76 4489 145 4549 liter
170 4487 304 4549 audimus
328 4489 432 4551 auditis
457 4490 593 4564 audiunt,
619 4489 765 4569 praeteriti
792 4488 944 4570 inperfecti
973 4487 1140 4562 audiebam,
1167 4489 1288 4568 perfecti
1320 4509 1371 4552 au-

146 4731 491 4848 epnenoieouul'plsom
510 4795 615 4846 pruessu
632 4780 658 4830 N
736 4780 981 4848 fpmo.ris.mitur
996 4776 1022 4826 N
1102 4778 1165 4829 8ut
1183 4793 1230 4829 osv.
1248 4776 1273 4828 N
1356 4776 1374 4829 o

76 4858 167 4900 utem.
186 4851 212 4900 Ν
284 4851 316 4903 iil
334 4866 380 4916 per
398 4866 442 4903 orn.
460 4850 486 4900 Ν
554 4850 587 4902 ao
604 4850 704 4901 hisdem
722 4852 749 4901 N
816 4850 850 4903 32
868 4849 1008 4901 diffinimus
1026 4846 1052 4897 N
