3114 5356
208 262 270 325 334
766 251 950 315 ntonssnts

260 389 283 430 p.
297 375 342 416 323.
356 374 381 414 bl
395 371 420 413 Ρ.
543 358 546 363 1

761 438 811 500 DE
834 438 959 500 venno

294 560 421 622 Verbum
444 566 581 638 estpars
605 556 745 617 orationis
765 557 923 637 praecipua
944 555 1009 617 sine
1034 573 1113 616 casu.
1158 555 1268 617 etenim
1295 557 1374 619 baec
1401 558 1508 620 unirer·

210 685 261 729 sae
282 660 407 725 orationi
424 660 532 721 uberes
554 656 675 738 praebet
701 657 737 717 ad
760 658 928 727 facultatem
947 657 1035 717 vires.
1079 656 1164 718 euius
1186 659 1448 738 operaepretium
1467 670 1508 722 eet

210 766 327 848 penitus
350 760 456 822 intueri
475 766 666 839 potestatem,
687 776 726 818 ne
746 757 862 820 inscitia
879 758 1016 819 vitiosum
1036 775 1225 819 exerceamus
1246 777 1428 824 sermonem
1469 761 1508 824 ris

211 868 300 948 igitm
326 862 413 925 buius
436 857 618 939 temporibus
646 867 675 920 ot
700 860 835 939 personis
861 859 1089 921 administratur.
1108 854 1111 861 ’
1132 860 1254 921 verbum
1281 872 1385 924 autem
1404 863 1526 926 dictum

211 966 314 1031 catab
336 982 371 1026 eo
394 961 473 1041 quod
494 958 646 1021 verberato
666 959 764 1037 lingua
781 960 858 1021 intra
881 959 1011 1042 palatum
1031 980 1099 1024 aere
1116 962 1212 1024 omnis
1234 962 1329 1026 oratio
1351 973 1507 1044 promatm.

211 1068 300 1131 ambo
323 1064 460 1127 accidunt
483 1070 613 1141 tempora
635 1079 703 1122 cum
723 1063 861 1141 personis
883 1062 1009 1139 sociata,
1038 1082 1094 1126 nec
1116 1065 1236 1126 omnino
1256 1065 1333 1126 baec
1360 1067 1474 1128 secerni
1493 1086 1508 1128 a

213 1187 247 1232 se
269 1172 394 1248 possunt
415 1164 486 1242 quin
509 1162 595 1225 simul
616 1161 697 1224 verbi
718 1164 762 1225 vis
782 1165 967 1228 dissolvatur.
1010 1166 1041 1227 in
1063 1165 1128 1228 eliis
1151 1165 1230 1226 enim
1247 1166 1387 1246 partibus
1404 1169 1508 1230 oratio·

152 1330 162 1345 „
213 1271 259 1332 nis
279 1276 348 1330 sunt
369 1276 501 1346 tempora
521 1284 538 1326 a
565 1265 701 1344 personis
722 1265 877 1342 distracta,
907 1268 989 1330 utin
1011 1266 1189 1348 participiis;
1216 1267 1288 1329 item
1309 1269 1342 1330 in
1361 1269 1427 1331 aliis
1447 1289 1508 1351 pcr-

214 1388 305 1433 sonae
323 1383 509 1446 nequaquam
530 1363 712 1444 temporibus
733 1367 882 1446 indigent,
911 1377 944 1429 ot
964 1369 994 1430 in
1012 1368 1246 1448 pronominibus.
1291 1371 1421 1435 admittit
1441 1392 1534 1453 quoia

214 1489 272 1550 que
294 1469 414 1528 verbum
443 1474 559 1546 praeter
579 1483 723 1546 personas
754 1476 784 1528 et
809 1478 939 1549 tempora
966 1488 1136 1545 numerum,
1166 1471 1306 1549 liguram,
1332 1473 1505 1552 qualitatmr,

214 1568 457 1648 significationem
478 1568 538 1628 sire
557 1585 665 1645 genus,
686 1569 806 1630 modum
826 1569 887 1630 sive
906 1569 1135 1646 inclinationem,
1166 1572 1421 1651 coniugationem:
1448 1595 1507 1657 per·

216 1688 305 1733 sonas
326 1669 459 1748 quidem,
490 1669 597 1748 quibus
619 1686 716 1730 sermo
737 1679 905 1746 exercetur3
937 1690 1090 1734 numerum
1119 1692 1203 1749 vero,
1237 1692 1305 1735 cum
1335 1677 1403 1754 quis
1430 1677 1505 1756 quire

216 1773 275 1834 sint
292 1772 341 1850 qui
363 1771 535 1849 loquantur;
558 1781 687 1851 tempus,
708 1788 776 1832 cum
799 1770 916 1847 quanm
938 1770 1007 1849 quid
1030 1773 1137 1835 iactum
1159 1785 1209 1836 ant
1230 1776 1343 1837 dictum
1366 1778 1406 1839 sit
1427 1795 1506 1856 quae

215 1874 317 1952 ritur3,
333 1875 471 1952 liguram,
499 1891 567 1934 cum
586 1871 737 1951 quaeritur
758 1870 880 1951 simplex
900 1871 938 1933 sit
959 1871 1080 1934 verbum
1101 1894 1138 1935 an
1157 1877 1363 1957 conpositum;
1391 1878 1530 1956 qualite-a

217 1985 291 2048 tem,
319 1993 386 2035 euin
409 1975 492 2036 cuius
515 1973 553 2035 sit
580 1973 688 2054 speciei
718 1973 763 2033 vel
790 1972 936 2050 qualitatis
965 1973 1084 2034 verbum
1106 1975 1290 2055 exploratum
1327 1977 1505 2057 significatio

216 2095 300 2150 nem,
322 2097 389 2138 eum
410 2077 494 2138 euius
517 2076 633 2155 generis
655 2084 685 2136 et
706 2075 928 2154 significationis
947 2075 986 2135 sit
1001 2075 1119 2136 verbum
1140 2079 1310 2141 ostenditur.
1357 2099 1433 2159 quae
1453 2081 1505 2143 sin

216 2177 283 2256 gula
301 2178 468 2257 diligentius
491 2195 680 2257 exponemus.

681 2381 718 2423 be
742 2381 876 2424 natisonis
903 2380 1052 2423 VERBORV!

302 2484 431 2545 Persona
453 2490 499 2543 est
520 2480 682 2543 substantia
704 2480 863 2544 rationalis.
908 2498 1053 2560 personae
1083 2481 1113 2542 in
1145 2481 1232 2542 verbo
1262 2491 1332 2543 sunt
1362 2494 1435 2559 tres,
1460 2502 1531 2565 pera

217 2606 290 2665 quas
318 2586 471 2646 universus
493 2583 742 2645 administrabitur
765 2601 871 2644 sermo.
915 2581 1008 2661 prima
1035 2591 1080 2645 est
1104 2601 1180 2662 quae
1207 2583 1355 2662 loquitur,
1386 2594 1417 2647 ut
1438 2585 1503 2656 dico,

218 2687 346 2749 secunda
375 2702 500 2761 quacum
529 2702 627 2743 sermo
657 2684 797 2757 habetur,
821 2690 853 2744 ut
876 2682 968 2758 dicis,
996 2684 1081 2746 tertia
1110 2684 1146 2743 de
1167 2702 1223 2761 qua
1245 2684 1312 2761 quis
1335 2686 1462 2765 loquitur
1480 2694 1503 2746 et

220 2785 321 2847 relatio
343 2783 502 2858 indicatur,
529 2792 560 2845 ut
584 2784 662 2846 elicit.
679 2782 693 2868 ss

779 2990 816 3033 llll
838 2989 951 3032 muno

303 3086 448 3146 Numerus
478 3095 627 3164 praeterea
655 3090 760 3151 decidit
784 3089 880 3150 verbis
908 3105 1030 3168 prorsus
1053 3097 1191 3166 uterque,
1221 3089 1379 3167 singularis
1403 3100 1433 3152 et
1453 3091 1534 3172 ptri-s

219 3187 297 3249 ralis.
333 3186 426 3246 dualis
445 3188 521 3249 enim
543 3188 619 3268 apud
636 3191 763 3252 Graecos
785 3191 934 3252 dumtaxat
951 3189 1041 3263 valet,
1063 3209 1080 3250 a
1105 3190 1191 3250 nobis
1214 3190 1395 3266 excluditur,
1416 3194 1508 3255 codem

220 3289 307 3350 modo
333 3306 391 3366 quo
416 3297 444 3349 et
472 3290 502 3350 in
525 3290 702 3352 nominibus.
746 3309 931 3371 nequaquam
960 3289 1038 3349 enim
1063 3292 1184 3371 reperiri
1208 3299 1307 3372 potest
1329 3293 1435 3355 Latirm
1457 3311 1510 3354 ser·

220 3409 308 3452 moue
336 3389 394 3451 ulla
418 3390 506 3452 dictio
535 3411 609 3471 quoe
636 3391 752 3452 dualem
781 3393 922 3472 exprimat
946 3410 1109 3453 numerum.
1155 3393 1336 3470 antiquitatis
1360 3396 1439 3456 enim
1460 3396 1510 3456 llo·

220 3494 298 3554 mani
323 3511 467 3553 memores
491 3493 606 3554 dualem
627 3511 781 3553 numerum
805 3493 983 3572 posteritatis
1006 3512 1060 3554 usu
1085 3503 1236 3573 receptum
1262 3496 1346 3572 quasi
1373 3496 1510 3557 novellum

220 3613 363 3675 usurpare
386 3593 551 3654 noluerunt.
596 3594 620 3653 is
651 3612 793 3671 namque,
830 3595 947 3655 sicula
975 3595 1134 3677 primordio
1159 3595 1303 3657 adseritur
1332 3598 1477 3658 sermonis
1496 3613 1538 3656 aa

219 3704 323 3757 natura
350 3695 472 3775 proditi,
510 3695 540 3755 in
567 3695 693 3755 obscuro
723 3695 840 3756 babitus
867 3696 1055 3772 ignorabatur
1087 3704 1116 3758 et
1142 3696 1251 3758 diutius
1282 3699 1414 3759 incertus
1443 3699 1512 3759 inter

221 3805 377 3874 utrumque
400 3814 569 3867 numerum,
593 3805 652 3855 tarn
675 3797 852 3874 singularem
874 3816 959 3874 quam
982 3798 1141 3877 pluralem,
1168 3797 1284 3859 latebat.
1330 3819 1398 3860 sero
1421 3810 1512 3861 autem

219 3897 492 3978 supervenientibus
525 3895 649 3957 saeculis
691 3890 881 3976 scrupulosae
920 3900 1094 3962 curiositatis
1127 3899 1381 3962 observationibus
1416 3911 1511 3982 captus

219 3997 302 4075 quasi
331 3997 511 4058 intercalaris
541 3997 681 4077 inrepsit,
716 4004 743 4057 et
768 3998 823 4057 bac
847 3998 883 4057 de
910 4017 999 4059 causa
1029 4001 1105 4079 apud
1131 4009 1243 4060 veteres
1268 4020 1334 4062 raro
1362 4004 1511 4084 reperitur,

219 4098 356 4176 quoniam
378 4100 526 4160 erroribus
548 4099 731 4177 inlaqueatus
753 4097 971 4177 multiplicatur.
1016 4101 1088 4162 adeo
1111 4119 1163 4180 per
1192 4101 1280 4162 huius
1308 4103 1389 4164 modi
1415 4120 1540 4166 omness

289 4337 301 4386 l
329 4350 445 4386 narnien
470 4353 502 4386 ns
526 4352 673 4388 annuemus
700 4352 794 4387 ruerem
819 4353 851 4386 na
875 4352 955 4387 nense
980 4339 1004 4388 Α
1034 4338 1089 4388 finit
1112 4354 1144 4388 os
1167 4353 1248 4389 ranno
1273 4354 1313 4388 rra
1331 4340 1358 4390 B
1386 4357 1419 4390 ns
1438 4353 1512 4392 nsum

220 4406 308 4456 irad!
376 4407 569 4455 7ueccduntA
641 4405 672 4456 10
691 4407 828 4462 admittite
847 4408 979 4456 admittunt
994 4409 1079 4458 ΑΒΜ
1144 4407 1176 4457 13
1192 4410 1307 4470 fortasse
1319 4425 1376 4459 cum
1390 4412 1513 4474 quaeritur

125 4481 139 4497 ·'
219 4475 275 4539 quis
348 4477 379 4525 lt
399 4477 535 4538 loquuntur
554 4475 583 4524 M
658 4477 692 4524 22
713 4491 819 4540 qrrauuur
837 4477 862 4525 B
885 4493 992 4541 quqcum
1013 4479 1037 4526 Α
1056 4492 1162 4540 quecum
1183 4479 1213 4525 ll
1281 4479 1339 4540 quis
1358 4496 1404 4531 om.
1424 4481 1451 4531 B

218 4542 252 4593 ’23
271 4544 331 4592 dicit
350 4559 367 4600 ς
385 4545 449 4594 dixit
466 4545 551 4594 ΑΒΜ
617 4544 651 4594 25
670 4547 764 4594 accedit
786 4546 810 4593 B
878 4547 911 4594 27
930 4547 955 4594 in
976 4547 1053 4595 latino
1071 4561 1223 4602 sermones
1293 4548 1512 4614 28exprematA

288 4627 450 4670 uumermns
470 4629 605 4679 personam
616 4613 701 4664 ΑΒΜ
768 4614 802 4664 30
821 4615 947 4664 adseritur
962 4617 1095 4666 I'utarbius
1114 4616 1208 4664 adserit
1227 4616 1323 4665 ABM:
1352 4620 1417 4667 sieut
1432 4635 1448 4667 n
1463 4619 1512 4684 pri·

219 4681 315 4729 mordio
331 4685 456 4732 sermonis
474 4711 508 4718 -
526 4684 697 4748 ignorabatur,
717 4686 752 4734 sic
771 4684 900 4739 (liutiuss
975 4683 1192 4735 :traniensem
1267 4685 1301 4735 35
1317 4688 1361 4750 qui
1379 4689 1430 4736 iarn
1448 4701 1513 4736 erro·

219 4747 288 4796 ribus
312 4751 452 4813 illaqueatis
474 4752 653 4817 multiplicatur
672 4767 688 4809 ς
756 4753 936 4818 narrltiplicatus
957 4753 990 4803 M
1057 4753 1139 4801 omnis
1159 4754 1184 4801 B
