3114 5356
144 277 207 341 att
703 281 886 343 lllOllElllS

195 393 354 451 amne

143 475 241 529 el'

807 566 961 628 Phineia
989 576 1191 647 postquam

307 667 437 729 clausa
460 667 589 728 domus

143 778 173 831 el
627 826 630 830 ,

617 869 1211 950 Agamemnoniaequellycenae
1437 900 1446 936 ι

142 973 214 1033 haec
236 971 382 1033 interdum
403 980 507 1051 poetae
528 970 613 1049 quasi
633 970 831 1049 patronymica
854 971 1023 1050 proterunt,
1048 978 1080 1032 nt
1103 979 1150 1033 est
1170 972 1329 1038 Orestes
1347 978 1429 1055 lga-

141 1074 384 1135 memnonius.
429 1071 481 1133 sod
504 1071 583 1149 quod
601 1072 822 1152 patronymicon
843 1079 889 1132 est
912 1070 983 1151 poni
996 1071 1079 1148 quasi
1097 1067 1239 1149 κτητικόν
1256 1094 1318 1138 non
1333 1084 1428 1159 potest.

226 1174 387 1253 Paronyma
411 1180 481 1235 sunt
499 1190 574 1250 quae
595 1172 632 1232 ab
655 1172 713 1233 alio
732 1172 860 1250 quodam
881 1171 1039 1234 uehuntur
1057 1181 1088 1233 ct
1108 1173 1181 1234 nihil
1206 1175 1244 1237 de
1266 1195 1357 1258 supra
1377 1196 1429 1239 rne-

141 1276 262 1337 m'oratis
283 1252 464 1354 significant,
488 1281 520 1334 ut
538 1290 632 1350 equus
650 1291 752 1351 eques.

220 1365 381 1453 ‘Poppaeana‘
402 1380 473 1434 sunt
500 1390 576 1451 quae
599 1373 735 1435 acerbis
759 1373 927 1435 derivantur
952 1372 1079 1434 nomina.
1124 1374 1197 1437 haec
1225 1394 1286 1437 non
1312 1376 1431 1440 absurde
1441 1398 1459 1437 o

141 1476 268 1537 actualia
287 1475 460 1547 dixerimus,
482 1481 515 1534 ut
536 1473 603 1535 dico
625 1475 729 1551 dictio3
752 1475 824 1536 item
844 1474 875 1534 iu
897 1473 1101 1552 conpositione
1120 1476 1277 1554 praedico,
1299 1478 1378 1557 quod
1391 1487 1431 1541 est

141 1575 242 1637 tertiac
264 1574 490 1654 coniugatiouis,
512 1575 688 1654 praedictio,
719 1582 749 1636 at
770 1575 799 1636 in
818 1574 926 1649 altero,
955 1574 1033 1652 quod
1055 1583 1101 1635 est
1123 1576 1234 1654 primae
1256 1580 1431 1660 coniugatio·

140 1677 187 1738 nis
208 1675 401 1756 praedicatio:
438 1675 507 1735 item
530 1675 595 1753 lego
619 1675 720 1748 lectio,
743 1695 795 1736 oro
816 1676 925 1749 oratio,
951 1694 1041 1755 parco
1062 1676 1251 1755 parsimonia.
1351 1725 1353 1729 <

227 1762 419 1858 Conparatira
442 1787 512 1837 sunt
533 1795 601 1837 cum
619 1775 745 1853 aliquem
769 1777 813 1838 rel
835 1777 930 1837 alieno
958 1778 1001 1837 rel
1031 1796 1086 1837 suo
1108 1779 1208 1855 generi
1231 1798 1431 1861 conparamus,

140 1889 172 1942 ut
193 1880 304 1941 lortior.
348 1877 522 1958 superlativa
544 1884 613 1938 sunt
632 1895 699 1937 cum
720 1877 847 1956 aliquem
869 1895 1064 1958 conparamus
1088 1878 1124 1937 ad
1145 1897 1265 1956 omnes,
1289 1890 1324 1943 ut
1340 1884 1462 1945 lertieo

141 1982 233 2044 umus
255 1979 395 2042 omnium.
440 1978 656 2058 conparationis
677 1978 786 2057 gradus
808 1987 877 2042 sunt
904 1987 979 2052 tres,
1005 1977 1163 2057 positivus,
1191 1982 1244 2058 qui
1268 1990 1300 2044 et
1320 1983 1433 2047 absolu·

140 2094 204 2155 tus,
233 2080 436 2162 conparatirus
466 2078 670 2159 superlativus.
714 2080 860 2142 absolutio
882 2088 929 2141 est
949 2079 1037 2140 elatio
1059 2079 1123 2140 sine
1149 2084 1379 2161 conparatione,
1405 2093 1434 2147 ut

139 2183 239 2258 lortis3
262 2182 431 2263 conparatio
452 2188 498 2241 est
520 2180 606 2267 cbtio
629 2198 696 2240 cum
718 2181 883 2242 conlatione
903 2179 940 2241 ad
959 2181 1061 2253 alium,
1083 2188 1115 2240 ut
1135 2181 1254 2260 lortior3
1276 2186 1433 2266 superlatio

140 2292 186 2346 est
203 2283 370 2345 enuntiatio
392 2302 459 2345 cum
481 2280 681 2362 superlationo
708 2281 745 2342 ad
772 2300 893 2355 omnes,
926 2289 959 2342 ut
983 2282 1169 2344 fortissimus.
1215 2303 1251 2346 ex
1272 2285 1321 2348 liis
1343 2287 1432 2348 tribru

140 2384 344 2465 conparatirus
365 2385 473 2463 gradum
495 2383 611 2462 generis
629 2390 674 2444 est
695 2400 813 2463 semper
834 2383 1007 2444 communis.
1041 2396 1241 2470 conparantur
1261 2397 1360 2449 autem
1382 2405 1466 2450 noa

139 2486 217 2548 mina
236 2504 311 2564 quae
333 2493 383 2546 aut
397 2481 411 2567 ΙΙ
426 2483 594 2562 qualitatem
616 2491 666 2544 aut
690 2484 881 2562 quantitatem
908 2485 1083 2564 significant.
1128 2486 1180 2548 sed
1208 2488 1354 2566 quaedam
1375 2508 1433 2552 non

138 2588 354 2668 amplectuntur
374 2604 477 2646 omnes
500 2583 621 2661 gradus,
640 2583 669 2644 id
692 2591 816 2647 estnon
836 2605 890 2666 por
910 2593 970 2646 tres
991 2587 1100 2666 gradus
1122 2595 1201 2649 eunt
1246 2607 1316 2650 nam
1338 2591 1433 2651 omnia

138 2688 321 2767 qualitatium
343 2685 462 2745 nomina
484 2703 534 2744 sex
555 2684 681 2744 retinent
708 2686 832 2761 lormas,
866 2706 938 2765 quas
964 2687 1136 2748 inserendas
1163 2689 1341 2768 putarimus.
1385 2700 1433 2752 aut

138 2790 217 2851 enim
234 2786 377 2866 incipiunt
399 2793 448 2846 aut
471 2792 540 2846 sunt
560 2793 609 2845 aut
632 2785 751 2846 veniunt
772 2799 822 2848 aut
843 2787 1007 2848 adiciuntur
1032 2797 1082 2848 aut
1102 2788 1292 2851 inveniuntur
1313 2800 1364 2853 aut
1385 2811 1433 2853 er-

139 2899 218 2952 eunt.
263 2888 406 2966 incipiunt
433 2904 499 2949 cum
525 2889 711 2969 conparatiro
724 2914 727 2918 ·
740 2887 893 2950 deliciente
914 2888 1006 2967 gradu
1028 2900 1058 2950 et
1078 2889 1254 2969 superlativo
1277 2893 1433 2971 positimm
1446 2909 1468 2947 c

138 3000 250 3052 tautum
273 2989 396 3061 habent,
420 2997 451 3048 ut
474 2987 628 3050 mediocris
649 2991 731 3052 rudis
753 2990 878 3051 sobrius.
924 2999 993 3051 stant
1015 3008 1090 3068 quae
1113 3010 1148 3050 cx
1168 2992 1285 3070 positivi
1308 2995 1434 3074 imagine

139 3110 193 3172 per
214 3109 318 3152 omncs
339 3090 446 3168 gradum
466 3091 643 3166 lormantur,
674 3100 707 3157 ut
735 3092 819 3154 lortis
847 3091 950 3152 lortior
977 3092 1164 3153 fortissimus.
1209 3094 1330 3155 veniunt
1359 3114 1433 3174 quae

138 3200 206 3273 post
233 3191 388 3272 positivum
416 3210 470 3271 per
497 3193 605 3270 gradus
631 3203 745 3256 ceteros
773 3192 928 3271 imaginem
956 3193 1076 3254 alteram
1103 3200 1237 3267 sumunt,
1275 3205 1308 3256 ut
1337 3197 1432 3260 bonus

139 3294 243 3355 melior
270 3293 413 3374 optimus,
442 3291 535 3353 malus
557 3295 640 3372 peior
661 3296 817 3373 possimus.
862 3295 1028 3356 adiciuntur
1053 3312 1121 3356 cum
1146 3295 1330 3359 extrinsecus
1352 3300 1433 3378 posi·

136 3394 195 3455 tivo
215 3403 328 3455 tantum
350 3394 485 3455 adverbia
506 3395 649 3473 quaedam
672 3396 784 3457 adiecta
807 3396 869 3456 vice
892 3396 1013 3457 secundi
1037 3396 1145 3474 gradus
1173 3407 1339 3475 ponuntur,
1373 3408 1467 3460 tarne

137 3496 306 3557 autminus
331 3504 380 3557 aut
401 3496 519 3556 minime
540 3504 589 3557 aut
619 3497 712 3575 magis
739 3505 790 3558 aot
813 3497 946 3557 manime.
991 3496 1115 3557 dicimus
1140 3497 1216 3556 enim
1246 3505 1305 3558 mm
1336 3498 1431 3562 bonus

137 3604 196 3658 tam
216 3597 326 3670 malus,
344 3597 441 3657 nunus
463 3597 559 3658 honus
578 3598 676 3658 minus
696 3599 806 3671 malus,
831 3599 950 3658 minime
972 3598 1068 3659 honus
1090 3598 1208 3659 minime
1230 3601 1342 3675 malus,
1370 3621 1432 3662 ma-

137 3697 182 3777 gis
204 3699 300 3760 bontas
322 3695 414 3775 magis
442 3697 552 3771 malus,
583 3699 706 3758 maxime
733 3699 979 3759 nonusmaxime
1008 3700 1111 3761 malus.
1156 3701 1258 3760 eodem
1286 3703 1375 3763 niodo
1403 3714 1431 3766 et

136 3799 213 3878 pius.
258 3799 444 3860 inveniuntur
465 3817 592 3877 eaquae
614 3799 754 3860 trifariam
775 3800 946 3861 ordinantur
967 3801 997 3861 in
1022 3801 1101 3862 hrrnc
1123 3801 1258 3876 modum,
1287 3823 1346 3864 uno
1374 3807 1432 3866 sci·

136 3899 206 3960 licet
226 3899 379 3960 dellciente
398 3899 528 3978 quolibet
549 3901 655 3977 gradu,
678 3909 727 3962 aut
749 3901 872 3981 positivo
892 3909 941 3962 aut
963 3902 1150 3981 conparatiro
1170 3911 1220 3964 aut
1237 3903 1431 3983 superlativo;
1444 3927 1467 3965 :u

135 4000 273 4080 positivo,
296 4009 329 4060 ut
350 4000 470 4062 ulterior
489 4001 623 4075 ultimus,
646 4003 727 4062 ocior
748 4002 920 4077 ocissimus;
950 4003 1151 4083 conparatae,
1174 4003 1241 4082 pius
1262 4005 1430 4084 piissimus;

135 4096 329 4180 superlativo,
362 4121 450 4162 senex
479 4103 586 4163 senior.
631 4100 825 4163 terminantur
851 4121 925 4180 quae
953 4104 1142 4165 novissimum
1169 4113 1283 4167 tantum
1311 4107 1430 4184 habent,

134 4209 167 4263 ut
185 4202 361 4264 norissimus
383 4220 524 4263 summus.
567 4204 736 4283 conparatio
760 4204 911 4266 nominum
931 4205 1052 4284 proprie
1068 4205 1103 4289 jn
1123 4207 1310 4285 conpar-atico
1330 4217 1360 4270 ct
1381 4230 1432 4272 su·

203 4427 219 4474 2
238 4424 314 4475 flneia
330 4427 390 4477 ΒΜ
405 4426 480 4476 flneln
500 4427 531 4477 A.
560 4430 638 4492 Verp.
655 4425 718 4476 Aea.
739 4427 771 4476 lll
791 4425 842 4489 212
926 4426 943 4475 a
959 4425 1239 4492 Agamemnoniaeque]
1257 4432 1345 4497 -Verp
1364 4434 1431 4484 Aen.

133 4493 168 4545 Vl
185 4493 238 4546 838
323 4494 385 4546 unt
403 4506 491 4545 est-
508 4496 525 4546 8
542 4497 684 4560 Peronpma
707 4503 766 4544 sunt
787 4510 834 4547 om.
853 4495 887 4546 M
972 4493 1090 4560 Orestes]
1119 4496 1198 4562 Very.
1224 4499 1290 4550 Aea.
1315 4500 1429 4555 1111471

201 4564 338 4614 'leteticon
355 4566 380 4614 A
399 4565 506 4616 tethicon
524 4567 550 4616 Β
640 4563 672 4614 ld
691 4564 815 4614 Rimatica
835 4565 920 4615 ABM
996 4564 1138 4613 diriuentur
1156 4567 1242 4617 ΑΒΜ
1325 4567 1353 4619 11
1369 4566 1434 4622 'uer-

133 4630 207 4680 bialie
226 4632 311 4682 ABM
378 4635 409 4685 rt
429 4642 454 4683 at
472 4635 497 4685 B
515 4635 547 4685 ad
565 4636 590 4684 A
608 4642 651 4683 aut
670 4633 704 4682 Μ
770 4634 849 4683 altera
867 4634 950 4684 ΑΒΜ
1025 4633 1057 4682 17
1077 4632 1151 4683 elatio
1174 4634 1234 4687 AM
1250 4638 1389 4689 elocuoetio
1408 4641 1434 4691 Β

202 4700 235 4750 18
252 4710 290 4751 est
300 4712 360 4767 poet
372 4707 518 4770 conparatio
537 4721 584 4756 um.
597 4703 682 4754 ABM
748 4702 824 4752 elatio
835 4704 892 4753 AM
909 4699 1071 4765 cloquutioB
1142 4704 1174 4754 19
1189 4704 1230 4755 his
1244 4720 1291 4758 om.
1304 4708 1364 4758 AM

133 4764 294 4819 adauctum
312 4771 371 4822 AM
436 4771 471 4822 34
488 4771 586 4823 trifaria
607 4773 640 4822 M
654 4770 769 4823 trifariae
786 4772 813 4822 B
881 4770 915 4822 ³8
933 4772 960 4821 in
975 4785 1022 4822 nm.
1041 4770 1100 4820 AM
