3114 5356
619 291 700 350 tur.
730 291 872 352 Glblllbl.
897 293 969 353 LlB.
992 295 1003 353 l
1398 303 1461 362 319

1246 425 1268 465 ρ.
1284 413 1331 454 aaa.
1344 415 1366 454 n
1384 415 1409 456 r.

156 479 314 539 ordinibus
342 478 411 537 item
440 478 477 536 sit
505 475 719 537 observandum
748 477 776 537 in
800 477 928 538 aninmm
953 479 1090 539 inducere
1112 483 1254 557 nequeol:
1287 494 1338 544 aut
1358 485 1402 559 io,
1429 497 1461 549 ut

155 581 242 659 rapio
264 580 357 650 lacio,
377 586 427 637 aut
448 597 501 650 uo,
525 587 557 636 ut
578 578 667 638 induo
690 579 785 639 inruo.
831 578 933 638 tertiae
954 579 1169 657 coniugationis
1193 591 1345 662 correptae
1373 588 1459 649 rerba

157 699 242 761 patae
263 679 418 741 indicativo
434 676 521 737 inodo
544 685 675 758 tempore
699 680 846 758 praesenti
874 680 967 758 prima
996 699 1123 758 persona
1145 690 1196 743 ant
1219 703 1237 742 o
1262 684 1360 748 littera
1380 690 1459 751 nulla

157 784 215 844 alia
237 781 432 863 praecedente
455 778 546 839 vocali
569 780 762 841 terminantur
789 788 838 840 aut
864 781 907 855 io,
943 782 1045 842 eadem
1072 783 1243 861 imperativo
1271 770 1359 848 modo
1386 798 1459 850 tern-

128 904 232 965 spore
255 879 403 964 praesenti
422 881 550 941 secunda
572 901 736 961 personae
760 883 854 943 littera
883 883 1077 961 praecedente
1102 887 1276 947 consonanti
1299 889 1458 951 terminan-

156 994 222 1057 tnr,
243 995 276 1045 ut
296 983 361 1060 logo
384 982 462 1059 lege,
486 989 553 1060 peto
576 992 660 1062 pete,
683 984 764 1063 rapio
788 1003 875 1062 rape,
899 984 974 1043 lacio
996 984 1059 1043 lace
1081 984 1146 1059 (sed
1161 967 1388 1050 ammonendum
1404 991 1459 1052 luit

155 1084 402 1148 consuetudinem
430 1083 459 1142 in
482 1083 528 1142 bis
551 1082 644 1144 tribus
672 1084 768 1145 verbis
796 1104 856 1145 non
883 1102 1074 1145 conservasse
1100 1086 1248 1164 regulam,
1280 1106 1357 1166 quae
1388 1099 1476 1151 sunt‘

157 1188 235 1248 «luco
250 1185 316 1245 dico
333 1185 425 1244 laciu:
449 1186 491 1246 sic
508 1185 585 1244 enirn
602 1185 717 1256 dicitnr,
739 1185 825 1245 veluti
845 1185 892 1245 die
910 1185 967 1245 duc
989 1186 1062 1261 lae);
1083 1203 1158 1262 quae
1182 1204 1249 1245 vero
1262 1206 1313 1262 uo,
1330 1189 1458 1270 impera-

155 1290 216 1349 tiro
241 1288 329 1349 modo
352 1305 434 1347 suam
458 1288 579 1348 lemnam
603 1284 785 1358 retinebunt,
816 1293 848 1344 ut
870 1285 958 1345 induo
980 1285 1085 1359 indue,
1108 1287 1193 1347 inruo
1217 1285 1310 1347 inrue.
1354 1291 1457 1352 tertiae

116 1417 142 1456 n»
157 1388 372 1466 coniugationis
395 1395 546 1466 correptae
566 1386 652 1446 rerba
675 1385 849 1464 promissivo
870 1387 956 1447 modo
977 1405 1024 1447 aru
1041 1386 1149 1465 syllaba
1167 1387 1359 1450 terminantur
1371 1409 1458 1470 prae·

157 1491 282 1552 cedente
307 1497 358 1548 aut
385 1487 558 1547 consonanti
586 1487 697 1565 primae
726 1486 880 1565 positionis
903 1495 953 1547 aut
974 1488 1081 1562 vocali,
1110 1495 1142 1548 ut
1161 1487 1227 1564 lego
1250 1487 1361 1566 legam,
1388 1500 1456 1571 peto

158 1600 273 1671 petam,
289 1585 303 1669 11
319 1589 400 1666 rapio
422 1589 550 1667 rapiam,
581 1588 655 1647 lacio
677 1587 796 1661 laciam,
826 1589 914 1649 induo
939 1590 1067 1650 induam.
1112 1588 1215 1649 tertiae
1243 1589 1457 1667 coniugationis

157 1702 311 1771 correptae
334 1689 419 1749 rerba
442 1687 583 1748 infinitivo
608 1689 696 1749 modo
725 1688 838 1749 adiecta
861 1689 898 1749 ad
926 1689 1129 1769 imperativum
1152 1689 1272 1750 modum
1293 1709 1325 1750 re
1347 1691 1455 1770 syllaba

157 1793 366 1863 terminantur,
401 1797 432 1850 nt
460 1790 524 1867 lege
549 1789 662 1867 legere,
699 1799 767 1868 pete
801 1798 920 1869 petere,
956 1810 1027 1871 rape
1052 1810 1175 1871 rapere,
1212 1790 1301 1852 indue
1324 1793 1454 1854 induere.

117 1918 141 1958 n
156 1892 259 1954 tertiae
289 1891 501 1969 coniugationis
530 1899 681 1969 correptae
709 1891 795 1951 rerba
829 1892 984 1953 indicativo
1016 1892 1104 1952 modo
1135 1899 1268 1969 tempore
1298 1901 1455 1976 praeterito

155 1995 256 2074 specie
277 1992 409 2053 absoluta
432 2000 461 2052 et
481 1999 580 2052 exacta
601 1993 723 2052 sormam
743 1993 862 2070 regulae
884 2013 943 2055 non
964 2002 1097 2066 servant,
1129 1992 1181 2053 sed
1207 1997 1305 2073 potius
1330 2017 1455 2060 consue-

155 2097 257 2157 tudine
279 2093 470 2154 declinantur.
515 2094 547 2152 stt
565 2092 641 2152 enirn
665 2092 701 2151 ab
724 2112 759 2152 eo
780 2093 858 2171 qnod
880 2102 927 2154 est
950 2094 1016 2172 lego
1042 2092 1099 2170 legi
1121 2092 1265 2170 legeram,
1293 2114 1365 2176 rego
1393 2099 1454 2159 rexi

155 2217 305 2269 rexeram,
335 2214 433 2274 pungo
455 2192 566 2274 pupugi
590 2213 787 2273 pupugeram,
817 2214 951 2274 expungo
973 2196 1098 2275 expunxi
1123 2214 1336 2274 expunxeram,
1365 2198 1455 2260 induo

155 2300 237 2361 indui
260 2299 420 2359 indueram.
467 2296 568 2355 tertiae
586 2294 798 2371 coniugationis
821 2304 973 2376 correptae
994 2297 1080 2357 rerba
1100 2295 1255 2356 indicativo
1274 2299 1362 2360 modo
1382 2307 1456 2361 tem·
1528 2366 1537 2376 ,

115 2430 142 2469 ω
156 2420 228 2480 pore
248 2399 405 2479 praeterito
426 2397 587 2476 inperfecto
609 2395 707 2473 specie
728 2396 891 2458 inchoativa
914 2397 1032 2459 adiecta
1053 2398 1089 2459 ad
1111 2399 1313 2478 imperativum
1335 2401 1455 2462 modum

154 2502 222 2561 barn
249 2499 357 2578 syllaba
387 2499 579 2558 terminantur
606 2497 799 2576 praecedente
826 2505 882 2558 aut
903 2499 1075 2560 consonanti
1098 2499 1209 2578 primae
1230 2498 1385 2578 positionis
1404 2511 1455 2563 aut

155 2602 263 2675 vocali,
296 2609 327 2661 nt
346 2600 410 2678 lege
431 2596 579 2675 legebam,
613 2606 680 2675 pete
702 2598 853 2676 petebam,
886 2618 956 2679 rape
983 2598 1147 2679 rapiebam,
1180 2600 1264 2661 inrue
1290 2601 1453 2676 inruebam,

154 2703 244 2763 indue
275 2700 441 2762 induebam.
486 2698 583 2758 omnia
612 2707 710 2759 autem
736 2699 905 2779 imperativa
937 2700 1038 2762 tertiae
1066 2700 1279 2780 coniugationis
1300 2712 1453 2784 correptae

154 2805 285 2866 secunda
314 2822 440 2884 persona
454 2792 611 2880 ‘temporis
637 2799 773 2863 instantis
802 2822 856 2882 per
882 2824 899 2863 e
926 2803 1052 2866 litteram
1076 2805 1277 2866 terminantur.
1322 2823 1454 2866 comum-

114 2939 140 2977 2«,
155 2915 266 2986 puntur
287 2906 360 2965 haec
380 2905 434 2964 tria
455 2904 617 2972 dumtaxat,
642 2900 717 2962 lacio
737 2903 799 2975 lac,
828 2904 894 2964 dico
915 2904 975 2979 dic,
1003 2906 1080 2967 duco
1101 2906 1175 2980 darc,
1205 2915 1235 2966 et
1252 2924 1326 2983 quae
1347 2905 1387 2966 ab
1406 2907 1452 2971 bis

154 3014 240 3078 sunt,
267 3005 333 3065 dico
355 3006 458 3066 addico
480 3003 580 3075 addic,
610 3002 747 3080 praedico
769 3004 902 3083 praedic,
930 3006 1028 3068 indico
1046 3008 1140 3082 indic,
1169 3008 1246 3068 duco
1267 3006 1381 3068 abduco
1403 3007 1455 3068 ab·

154 3109 227 3180 duo,
257 3107 363 3167 induco
384 3106 488 3178 induc,
516 3103 646 3182 perduco
665 3105 792 3182 perduc,
816 3106 926 3166 seduco
951 3108 1050 3172 seduc.
1096 3109 1146 3168 sed
1170 3106 1263 3182 laeio,
1286 3108 1364 3186 quod
1383 3109 1454 3170 sub-

154 3207 332 3279 notavimus,
356 3209 381 3268 si
403 3204 649 3285 praepositionem
672 3205 836 3284 acceperit,
857 3206 894 3266 ad
915 3207 1044 3283 regulam
1066 3207 1165 3283 redit,
1191 3207 1269 3267 velut
1290 3208 1388 3269 inficio
1408 3210 1454 3270 in-

154 3314 226 3382 lice,
257 3309 360 3370 adbcio
380 3309 486 3379 adlice,
520 3305 643 3367 condeio
666 3308 786 3366 confice.
832 3305 884 3365 sed
911 3306 990 3384 apud
1017 3317 1130 3368 veteres
1159 3307 1237 3368 salva
1266 3318 1312 3370 est
1340 3311 1451 3388 regula,

114 3445 139 3483 30
153 3413 203 3490 qui
225 3411 360 3471 dixerunt
382 3412 445 3469 lace
465 3407 529 3466 dice
551 3407 642 3479 dirce,
671 3425 730 3465 non
756 3405 853 3467 minus
874 3406 952 3485 apud
974 3407 1131 3486 Vergilium
1154 3409 1335 3486 antiquitatis
1352 3429 1453 3472 aman·

155 3522 214 3574 tem
237 3514 265 3573 in
289 3510 443 3573 undecimo
465 3507 539 3568 libro

319 3621 373 3686 tu,
396 3610 545 3681 velnae,
568 3608 704 3670 armari
727 3606 949 3668 Volscorum
972 3608 1080 3670 edice
1100 3609 1296 3689 maniplis3

152 3715 266 3776 ratione
288 3721 317 3773 et
339 3719 530 3792 conpetenter
552 3710 703 3788 analogiae
725 3716 754 3769 et
780 3709 985 3770 consuetudini
1010 3711 1206 3784 emditorum,
1236 3711 1374 3789 qaroniam
1398 3713 1454 3773 im-

152 3817 281 3897 perativa
304 3815 333 3874 in
357 3815 436 3876 omni
459 3813 547 3872 verbo
569 3810 648 3870 omni
670 3810 772 3871 ortline
795 3829 830 3870 ex
851 3812 979 3872 secunda
1003 3830 1128 3891 persona
1150 3811 1256 3872 finitiva
1284 3812 1453 3873 derivantur

113 3950 139 3988 a,
153 3919 262 3980 amissa
295 3938 310 3978 s
341 3912 507 3977 semivocali
537 3914 649 3985 littera,
684 3911 763 3973 velut
790 3913 893 3973 nuntio
924 3913 1042 3974 nuntias
1069 3911 1185 3986 nuntia,
1221 3932 1325 3975 mereo
1351 3933 1452 3976 mores
1506 3978 1510 3986 ,

224 4159 240 4209 3
259 4176 323 4223 qnam
343 4178 388 4210 om.
411 4157 501 4216 ΑΒΜ,
521 4157 580 4206 aad.
601 4156 731 4205 camum
746 4172 773 4218 p.
795 4153 844 4204 155
928 4156 946 4206 8
962 4156 1012 4204 dici
1031 4156 1109 4206 ueluti
1126 4157 1151 4205 A
1169 4158 1226 4207 duci
1244 4157 1322 4206 ueluti
1340 4157 1400 4206 BM
1415 4157 1454 4205 di·

153 4234 254 4284 rimas
326 4229 450 4279 tltertiae
464 4234 596 4290 correptae
611 4225 798 4289 torringationis
817 4225 902 4274 ΑΒΜ
973 4225 1004 4274 10
1021 4226 1118 4289 syllaba
1136 4240 1154 4282 ς
1171 4227 1294 4290 syllabam
1308 4225 1368 4274 ΒΜ
1384 4225 1454 4275 silla-

154 4302 211 4349 bam
231 4299 256 4346 Α
344 4298 376 4347 ld
393 4297 489 4345 lormae
508 4293 622 4359 regulam
642 4308 691 4342 non
713 4301 817 4341 seruant
837 4293 921 4343 ΑΒΜ
944 4293 1025 4342 lormo
1045 4295 1148 4360 regulae
1168 4310 1217 4345 non
1237 4295 1351 4343 sentiunt
1370 4296 1454 4345 rodem

154 4370 266 4419 Canem
277 4385 305 4432 p.
318 4366 367 4416 156
440 4365 470 4414 17
486 4362 785 4412 deelinautnrOltorisr'ue
802 4362 963 4412 declarantur
980 4363 1065 4412 ΑΒΜ
1136 4363 1168 4413 18
1186 4362 1303 4429 pnpuugi
1320 4363 1353 4412 Μ
1419 4363 1451 4423 21

153 4447 197 4487 aut
212 4440 304 4500 priore
323 4440 377 4486 loro
396 4452 443 4486 om.
463 4433 560 4490 ΑΒΜ,
584 4432 643 4480 add.
664 4432 796 4481 Charisius
878 4433 913 4485 23
934 4433 1019 4481 omnia
1034 4459 1069 4467 -
1086 4431 1120 4483 30
1137 4432 1201 4482 duce
1227 4431 1326 4481 Gdan'a.
1348 4448 1376 4495 p.
1401 4431 1452 4480 227

223 4505 257 4554 25
277 4506 307 4553 ab
328 4504 369 4553 his
387 4511 573 4568 componantur
586 4507 613 4547 nt
627 4499 717 4548 addico
736 4500 762 4548 B
831 4499 865 4551 28
881 4501 999 4566 acciperit
1017 4501 1077 4550 ΒΜ
1143 4500 1175 4548 ad
1192 4499 1308 4564 regulum
1313 4534 1407 4550 ......
1414 4501 1453 4550 in·

154 4576 210 4623 flcio
229 4577 320 4623 locum
337 4575 426 4623 relicto
442 4573 474 4622 M
491 4573 523 4621 ad
541 4568 656 4634 regidam
675 4569 709 4618 rm
728 4566 812 4616 inllcic
832 4571 857 4619 A
874 4585 889 4619 a
907 4569 996 4635 regula
1013 4567 1108 4619 recedit
1126 4576 1153 4617 nt
1173 4567 1258 4617 inficio
1275 4569 1301 4618 B
1325 4570 1358 4619 ad
1375 4585 1453 4634 regu-

154 4644 205 4692 lum
220 4645 291 4691 uenit
310 4651 337 4690 nt
354 4641 474 4697 insseios
498 4639 561 4689 redit
577 4636 609 4685 ad
626 4637 741 4701 regulam
760 4636 829 4687 velut
847 4640 931 4688 inficio
951 4639 1080 4687 Charisius
1096 4654 1124 4701 p.
1144 4637 1195 4686 227
1278 4636 1309 4689 31
1329 4640 1355 4689 in
1372 4639 1453 4688 nude·

154 4709 229 4774 rimo]
248 4713 310 4761 Aen.
331 4710 366 4760 xl
385 4710 436 4760 463
507 4710 540 4760 33
559 4713 747 4770 competentes
816 4707 934 4773 analogia
953 4716 977 4755 et
992 4707 1174 4756 consuetudine
1186 4705 1272 4756 ΑΒΜ
1339 4707 1374 4759 14
1391 4708 1454 4758 diri-

153 4788 248 4828 uantur
267 4780 317 4828 AB
