3114 5356
503 327 586 388 ΛΒΤ.
615 325 755 388 obtuit
777 323 850 389 tlh.
874 328 915 391 lll
1296 330 1362 393 517

105 454 128 494 p.
144 439 270 486 515161).
1120 458 1143 499 p.
1156 445 1268 486 502-501
1281 443 1311 486 G.

216 511 449 585 blusa,mil1i
477 529 615 574 causas
636 530 795 576 memora
816 530 887 591 quo
908 515 1058 575 numine
1082 515 1203 588 laeso,

218 612 299 672 laeso
321 613 442 673 numine
464 630 523 691 quo
545 631 674 675 memora
696 632 801 676 causas
822 614 909 688 mihi,
931 613 1024 676 Musa.

51 717 236 796 reciprocum
256 714 412 787 neoterici,
442 713 468 775 si
491 731 551 774 non
573 712 674 789 fallor,
701 734 809 776 novum
830 715 1032 796 protulerunt,
1063 725 1095 778 ut
1119 737 1174 798 per
1194 718 1271 782 duos
1291 740 1357 782 rer-

53 838 105 878 sus
133 817 192 878 duo
214 815 273 875 alii
285 822 455 888 reornraut,
478 822 510 875 ut
530 815 560 875 in
582 813 640 875 illis
659 815 802 892 versibus,

26 955 39 992 5
216 915 357 976 Nereides
378 916 451 976 freta
474 916 518 976 sic
539 924 689 977 verrentes
710 917 826 978 caerula
855 923 982 989 tranant,
997 911 1011 998 ΙΙ

261 1013 380 1076 llamiue
402 1016 555 1077 conlidens
573 1024 606 1078 nt
623 1016 717 1077 Notus
738 1018 881 1093 lcarimn;

220 1115 343 1178 lcarium
367 1116 461 1178 Notus
484 1127 516 1176 ut
535 1116 687 1186 conlidens
707 1118 842 1191 llamiue,
866 1126 983 1178 tranant

264 1216 381 1278 caerula
402 1225 553 1278 verrentes
574 1217 619 1279 sic
637 1219 711 1279 lreta
729 1216 891 1280 Nereides(

55 1321 103 1381 bio
127 1328 157 1380 et
178 1320 208 1379 in
231 1318 417 1380 currentibus
444 1326 474 1379 et
494 1317 525 1378 in
547 1307 772 1381 recurrentibus
794 1318 928 1381 versibus
951 1320 1065 1399 priores
1091 1318 1250 1386 hexametri
1276 1335 1355 1400 sunt,

16 1446 41 1486 ιι
55 1423 235 1502 posteriores
253 1419 428 1499 pentametri
448 1419 577 1499 elegiaci.
622 1419 793 1500 reciprocus
815 1421 884 1481 item
904 1420 954 1498 qui
975 1429 1022 1482 est
1041 1421 1117 1498 talis,

221 1523 270 1603 pio
294 1538 417 1601 precare
436 1527 502 1581 turo
526 1520 686 1583 caelestum
705 1521 836 1594 numina,

219 1623 341 1684 numina
361 1621 521 1685 caelestum
544 1630 611 1685 ture
631 1619 752 1703 precare
769 1622 829 1703 pio.

56 1728 105 1786 hic
127 1723 256 1786 decurrit
276 1723 435 1797 iambicus,
458 1725 584 1786 tecum-it
611 1722 768 1802 elegiacos.
809 1722 863 1784 sed
883 1718 1037 1803 iamlhicus
1058 1723 1163 1804 recipit
1180 1743 1284 1786 noram
1300 1727 1360 1806 syl·

57 1828 153 1889 labam
175 1826 212 1888 ah
234 1825 335 1888 ultima
346 1824 489 1900 tertiam,
512 1831 545 1886 ut
566 1825 663 1906 possit
681 1841 844 1886 recurrere.

20 1959 43 1997 ιι
143 1928 289 1989 lambiens
309 1926 478 1986 hexameter
496 1927 544 2000 ht,
567 1945 634 1988 cum
653 1926 750 1988 iambo
773 1924 961 1997 terminatur,
982 1935 1013 1986 et
1030 1927 1064 1986 lit
1083 1925 1159 2001 talis,

223 2047 278 2109 per
294 2027 390 2088 varios
408 2018 527 2107 semper
546 2035 670 2088 currunt
687 2042 754 2086 mea
773 2024 901 2085 carmina
923 2027 1036 2088 modos.

57 2130 82 2191 si
106 2129 268 2208 proximam
289 2128 412 2205 ,ultimae
440 2127 579 2206 syllabam
607 2127 770 2208 producas,
803 2125 859 2187 erit
881 2143 985 2189 versus
1010 2128 1188 2190 hexameter.
1233 2129 1360 2191 dimeter

57 2227 90 2289 ἐκ
113 2229 225 2290 τελείου
248 2223 358 2308 ἰάμβου
378 2237 437 2302 est,
460 2227 486 2289 si
508 2228 613 2289 faciam
633 2227 733 2302 talem,
755 2227 897 2289 ‘carmina
919 2227 1046 2291 modos’.
1076 2238 1244 2292 tetrameter
1261 2227 1295 2291 ἐκ
1312 2251 1357 2289 τε-

57 2331 137 2391 λείου
157 2324 276 2409 ἰάμβου,

23 2468 48 2507 20
226 2432 351 2495 fulmina
368 2431 496 2494 nubibus
516 2431 600 2494 obvia
619 2448 729 2493 moves.

59 2537 84 2597 si
106 2543 187 2596 esset
213 2535 245 2595 in
273 2534 331 2596 hoc
357 2533 480 2596 verbum
503 2542 637 2613 torques,
670 2538 750 2594 osset
778 2539 946 2595 tetrameter
967 2551 1002 2593 ex
1029 2532 1130 2594 heroo.
1175 2543 1360 2614 pentameter

57 2634 90 2696 ἐκ
108 2637 221 2697 τελείου
242 2627 353 2715 ἰάμβου
371 2636 434 2698 tleri
454 2644 554 2716 potest
572 2635 649 2710 talis,

225 2738 353 2817 undique
375 2736 543 2798 nominihus
565 2755 641 2818 pons
661 2735 771 2797 indicat
792 2736 857 2797 iter.

59 2841 82 2902 si
104 2840 176 2901 velis
193 2840 223 2901 in
245 2841 303 2901 imo
325 2846 404 2901 astra
425 2856 536 2919 ponere
558 2837 677 2918 uhi‚est
704 2837 776 2912 iter,
810 2835 900 2898 iacies
927 2843 1144 2918 pentametrum
1170 2824 1293 2897 heroum
1322 2856 1357 2898 ex

23 2942 206 3005 eiuleriore.

145 3043 275 3104 Serenus
297 3043 366 3103 lecit
384 3042 471 3102 buius
492 3039 572 3101 modi
589 3056 716 3114 versum,

227 3144 289 3223 qui
315 3142 502 3222 navigium
529 3140 700 3203 navicula
728 3141 856 3203 aufers
876 3142 1039 3203 Picenae
1060 3142 1241 3218 marginis
1262 3151 1356 3205 acta.

59 3246 196 3327 superius
221 3262 335 3307 comma
365 3250 410 3305 est
437 3261 472 3303 cx
500 3243 689 3323 anapaestico
720 3243 858 3316 chorico,
893 3241 930 3301 ue
955 3257 1013 3317 quo
1043 3257 1134 3318 snpra
1165 3242 1274 3304 dictum
1302 3254 1358 3305 est

58 3366 127 3410 nam
149 3347 207 3409 hoc
228 3346 298 3426 ‘qui
319 3344 466 3423 narigihm
488 3343 621 3406 navicula
641 3344 756 3405 aulers’
776 3342 871 3405 simile
896 3349 942 3402 est
958 3339 1011 3414 ilb,

20 3483 45 3523 ω
224 3447 341 3510 audax
361 3448 516 3510 nimium
536 3447 599 3525 qui
620 3447 720 3507 freta
740 3445 891 3527 primus.

57 3551 181 3613 interius
207 3556 306 3612 autem
332 3567 462 3624 comma,
498 3546 578 3626 qood
602 3555 648 3609 est
675 3547 750 3623 tale,
788 3546 931 3607 ‘Picenae
960 3542 1101 3621 marginis
1127 3547 1224 3617 acta’,
1262 3543 1358 3604 simile

59 3660 105 3711 est
128 3647 207 3732 illi,l

636 3750 772 3812 'l'roiae
795 3746 857 3827 qui
877 3745 1018 3827 primus
1040 3746 1082 3808 ab
1103 3747 1193 3810 oris.

73 3812 506 3926 mmmmm

128 4053 244 4119 lMusa]
267 4055 345 4121 Ver-p.
365 4056 430 4106 Aen
450 4055 497 4105 18
578 4055 682 4104 numine
701 4055 735 4105 M
751 4060 784 4102 ho
812 4055 855 4103 luc
872 4063 941 4105 corr.
962 4053 1065 4102 numine
1082 4052 1107 4101 A
1127 4056 1245 4105 nominoe
1265 4057 1292 4106 Β

56 4124 212 4175 2nominae
228 4125 255 4174 B
341 4124 357 4176 3
380 4139 471 4175 uersus
492 4125 570 4174 doalii
587 4124 674 4174 ΑΒΜ
757 4069 901 4173 abranam
918 4122 945 4171 B
1028 4120 1167 4173 bllamihe
1185 4123 1294 4175 fidentes
1312 4139 1358 4189 per

57 4209 128 4244 mare
144 4193 285 4243 neliuolum
303 4193 446 4243 Veliuolum
464 4209 535 4244 mare
552 4209 598 4260 per
616 4193 726 4244 fidentes
743 4193 846 4242 homine
863 4201 965 4242 tranent
983 4205 1000 4247 ς
1087 4191 1120 4243 10
1137 4193 1289 4259 ιιιιιιιιιιιιιιί
1307 4192 1359 4241 ele-

56 4265 126 4344 gisel
144 4261 178 4311 Μ
193 4270 280 4311 menta
295 4263 369 4311 metri
386 4261 459 4312 elisei
476 4263 503 4312 B
520 4274 605 4314 mento
623 4263 717 4312 minori
734 4262 808 4311 eloici
826 4263 851 4311 A
942 4258 971 4311 ll
993 4261 1044 4310 turi
1063 4261 1098 4311 M
1112 4273 1182 4313 turre
1200 4263 1226 4312 B
1312 4275 1361 4309 uo-

55 4334 127 4381 mine
146 4330 185 4392 M,
200 4332 305 4413 agmine
322 4334 430 4382 coniecit
447 4332 590 4396 Scaaper'
578 4349 605 4383 ιιι
622 4335 689 4384 notis
705 4347 750 4382 me.
833 4328 1109 4390 telonearium
1128 4333 1154 4382 B
1239 4329 1271 4381 ta
1288 4344 1361 4379 rece-

55 4402 93 4467 pit
111 4399 186 4450 AM:
203 4401 294 4466 recipit
312 4408 371 4466 post
391 4413 483 4449 nonem
501 4401 624 4465 syllohom
642 4401 785 4450 intersitem
803 4400 941 4452 maanus
1031 4367 1063 4449 14
1087 4411 1175 4467 posset
1193 4401 1245 4452 AB
1327 4397 1376 4448 te.

56 4470 149 4520 modos
166 4483 202 4525 ας
224 4469 313 4519 medos
331 4469 416 4519 ΑΒΜ
518 4469 551 4520 18
573 4487 606 4521 ex
627 4459 694 4520 teliu
708 4468 794 4519 ismbu
812 4470 844 4520 M
863 4486 896 4519 ex
911 4470 973 4518 teliu
990 4468 1103 4519 iambum
1121 4471 1174 4521 AB
1269 4468 1360 4517 medos

56 4538 143 4589 ΑΒΜ
211 4553 244 4587 ex
262 4537 323 4587 teliu
340 4539 425 4588 inmbu
443 4539 496 4589 AB
512 4554 545 4588 ex
562 4540 621 4589 teliu
640 4540 753 4590 iambum
772 4538 805 4588 M
872 4538 907 4589 20
923 4537 1030 4587 lhlmins
1048 4539 1217 4602 Diomedesp
1218 4535 1293 4587 .506
1311 4538 1362 4586 llu-

56 4606 126 4657 mihs
144 4607 233 4657 ΑΒΜ
304 4606 414 4656 nubibus
432 4607 484 4657 AB
500 4610 609 4659 nauibus
628 4608 661 4658 M
738 4607 770 4656 et
790 4608 869 4656 uerbo
888 4605 973 4657 ABM
1049 4608 1083 4656 22
1102 4622 1134 4656 ex
1152 4606 1216 4656 teliu
1231 4606 1317 4655 iambo
1333 4604 1359 4653 A

56 4693 89 4726 ex
106 4676 171 4726 teliu
189 4676 274 4724 iambo
291 4674 351 4725 ΒΜ
418 4675 452 4726 23
470 4679 616 4728 numinibus
634 4678 669 4728 M
736 4676 772 4727 to
788 4692 880 4726 uersus
897 4677 923 4727 B
992 4675 1025 4723 27
1046 4676 1079 4741 pir
1073 4690 1152 4725 reuse
1169 4689 1187 4732 ς
1204 4674 1360 4741 pleeoeseA

56 4748 164 4812 picenee
182 4745 216 4794 Μ
231 4745 345 4810 piclnese
364 4745 390 4795 B
475 4755 533 4797 actu
549 4763 617 4799 corr.
636 4755 693 4797 scta
710 4747 737 4795 A
826 4746 861 4796 29
879 4745 1000 4810 nauigius
1018 4743 1045 4792 Β
1113 4745 1191 4795 ollers
1210 4743 1243 4794 M
1326 4743 1362 4794 30

56 4816 157 4881 primus
172 4815 199 4864 Β
215 4813 289 4880 prius
310 4814 370 4863 AM
436 4815 468 4868 31
487 4817 592 4883 picenee
609 4816 633 4865 A
649 4814 751 4881 pioiuee
766 4814 800 4867 M
815 4816 953 4886 pineoeoee
967 4815 993 4864 B
