3114 5356
137 289 196 352 148
703 286 865 351 ClldeSll

1353 402 1379 446 ι.

135 497 151 538 ι
170 405 270 539 uiuida
275 404 425 557 gaidva
448 460 552 556 plurali
576 492 625 537 um
647 475 786 555 syllabam
805 474 977 548 adsumunt,
1000 473 1095 536 dativo
1113 483 1143 535 et
1164 403 1297 537 ablaptivnb⁵
1311 404 1379 551 hus,
1399 487 1432 538 ut

77 633 80 639 .
134 579 171 640 ab
191 580 250 641 hoc
268 578 379 659 pariete
398 577 504 638 horum
525 575 668 655 parietum
690 576 737 638 his
756 584 786 637 ιι
805 576 842 638 ab
864 575 923 637 his
933 575 1100 657 parietibus
1147 585 1214 638 suut
1235 585 1333 638 autem
1355 596 1431 656 quae

134 688 316 744 commutant
334 677 558 742 dee-linationem
575 677 753 760 praedictam
777 687 806 740 et
827 677 992 757 genetivum
1013 677 1184 760 pluralem
1176 698 1206 741 ιιι
1227 680 1287 741 ium
1309 665 1430 756 iaciunt,

134 791 167 845 ut
189 784 225 846 ab
246 784 304 845 hoc
324 782 405 844 lonte
423 781 529 842 horum
551 781 674 843 fontium
694 781 741 844 his
764 789 794 842 et
811 779 847 842 ab
870 781 917 843 his
939 781 1077 843 lontibus.

221 884 303 956 Quae
324 884 334 945 i
354 884 508 959 finientur,
530 901 564 944 ea
587 883 719 962 genetivo
740 883 846 965 plurali
871 903 922 945 um
943 885 1116 959 adsumunt,
1138 884 1233 946 dativo
1252 893 1286 946 ιι
1304 883 1457 959 ablativo,

133 987 208 1064 bus,
227 995 260 1048 ut
281 987 318 1048 ab
339 981 354 1070 ΙΙ
372 985 430 1048 hoc
451 984 519 1064 agili
538 984 644 1046 horum
665 983 784 1063 agilium
803 982 807 1069 Ι
826 985 873 1046 his
895 994 925 1047 et
944 986 981 1048 ab
997 986 1044 1049 his
1065 987 1199 1066 agilibus.
1245 987 1431 1050 accusativus

135 1107 252 1169 quoque
271 1089 301 1150 in
322 1088 348 1151 is
373 1088 512 1168 syllabam
531 1085 634 1161 exibit,
660 1085 709 1164 qui
733 1085 861 1149 detracta
886 1108 901 1150 s
930 1089 1025 1150 littera
1048 1097 1078 1150 et
1100 1088 1232 1171 adposita
1254 1106 1271 1149 a
1292 1097 1431 1149 neutrum

135 1211 228 1272 genus
251 1211 286 1254 ex
308 1210 340 1253 sc
360 1190 464 1265 faciet,
485 1197 519 1250 ut
539 1188 613 1249 haee
632 1188 725 1268 agilia.

220 1294 345 1364 Quaen
373 1293 526 1366 finientur,
555 1308 589 1350 ea
617 1289 654 1350 ad
679 1290 824 1370 integram
844 1291 967 1354 formam
990 1294 1122 1372 genetivo
1144 1292 1248 1374 plurali
1270 1310 1321 1353 um
1343 1292 1431 1372 sylla·

134 1396 202 1459 bam
227 1395 399 1469 adsumunt,
430 1393 526 1456 dativo
555 1399 585 1453 et
609 1391 733 1455 ablativo
763 1392 835 1469 bus,
862 1402 894 1455 ut
912 1393 949 1455 ab
976 1394 1032 1457 hoc
1054 1414 1137 1457 versu
1159 1396 1264 1457 homm
1291 1413 1431 1457 versuum
1445 1423 1470 1464 ι.

134 1497 182 1559 his
204 1504 234 1558 ιι
255 1496 291 1564 ab
312 1496 359 1558 his
377 1495 518 1558 versibus.
602 1567 608 1579 .
1054 1552 1070 1583 .

222 1599 303 1669 Quae
324 1607 402 1660 met
423 1618 437 1660 s
460 1597 632 1672 habuerint,
658 1616 691 1658 ea
714 1605 743 1658 et
767 1599 797 1661 in
816 1599 920 1681 plurali
940 1618 1061 1661 numero
1079 1607 1250 1680 monoptota
1272 1608 1374 1674 erunt,
1397 1610 1431 1662 ut

135 1720 261 1782 nequam
282 1719 385 1780 nugas.

219 1802 290 1865 dhis
317 1803 354 1864 de
381 1803 504 1865 ablativo
538 1809 607 1865 c'asu
636 1810 666 1863 ιι
694 1801 846 1864 catholicis
875 1803 937 1864 eius
966 1803 1217 1865 observationibus
1250 1805 1288 1865 ita
1318 1805 1432 1885 placuit

136 1907 265 1968 delinire.
310 1905 452 1968 ablativus
485 1925 571 1967 casus
607 1906 720 1967 numeri
755 1904 909 1985 singularis
945 1904 1096 1967 observata
1128 1905 1285 1968 novissima
1318 1908 1431 1997 syllaba
1446 1937 1471 1980 u

79 2068 91 2093 ‚
135 2009 266 2071 litterave
299 2007 383 2071 iaeile
418 2007 592 2070 monstrabit
621 2027 679 2088 quo
713 2008 800 2070 modo
836 2007 982 2069 declinare
1018 2006 1157 2088 pluralem
1192 2027 1346 2070 numerum
1380 2009 1432 2070 de-

135 2113 267 2175 beamus.

218 2213 342 2276 Nomina
363 2230 437 2291 quae
455 2211 579 2274 ablativo
600 2231 671 2274 casu
690 2230 811 2274 numero
834 2211 972 2291 singulari
999 2232 1015 2275 a
1037 2213 1132 2275 littera
1155 2213 1296 2275 lnrivmtur
1316 2212 1432 2275 adiecta

134 2337 153 2380 c
176 2318 272 2380 littera
299 2314 409 2378 iaciunt
436 2315 643 2376 nominativum
670 2324 699 2377 ιι
717 2312 878 2376 vocativtun
901 2313 1057 2395 pluralem,
1081 2317 1112 2377 ut
1136 2316 1172 2376 ab
1194 2316 1250 2377 hac
1268 2315 1353 2377 hlusa
1375 2317 1432 2378 hae

135 2420 236 2483 blusae
260 2428 290 2481 et
314 2440 332 2481 o
352 2418 463 2480 hlusae.
507 2426 619 2480 remota
642 2426 739 2479 autem
761 2436 778 2478 ι
801 2415 896 2477 littera
915 2425 945 2478 et
966 2417 1098 2498 adposita
1116 2438 1130 2480 s
1150 2416 1261 2480 laeiunt
1285 2419 1470 2492 accusati-w

136 2541 204 2584 vum
223 2520 383 2604 pluralem,
407 2528 439 2581 ut
459 2519 496 2581 ab
518 2519 575 2580 hac
594 2518 676 2581 blesa
696 2520 751 2581 has
775 2517 882 2581 Musas.
928 2519 953 2581 si
974 2539 1122 2583 removeas
1143 2541 1158 2582 s
1179 2520 1305 2583 litteram
1326 2530 1358 2583 et
1378 2522 1431 2583 ad·

136 2643 229 2706 ponas
249 2641 316 2684 rum
338 2621 492 2702 syllabam,
515 2622 565 2682 liet
586 2621 735 2699 genetivus
759 2620 897 2701 pluralis,
920 2631 952 2683 ut
973 2623 1010 2685 ab
1031 2624 1086 2685 hac
1104 2613 1187 2685 Musa
1209 2622 1313 2685 harum
1331 2623 1430 2686 Musa·

135 2744 210 2787 ιιιιιι.
255 2722 370 2784 sublata
388 2730 487 2783 nutem
510 2720 547 2782 de
568 2721 691 2783 ablativo
713 2721 890 2802 singulari-a
912 2724 1069 2786 novissima
1088 2724 1184 2786 littera
1203 2733 1233 2786 et
1251 2726 1384 2807 adposita
1404 2727 1430 2788 is

135 2826 260 2907 syllaba,
276 2825 339 2885 -fiet
366 2822 480 2884 dahvus
504 2830 532 2883 et
560 2821 700 2914 ablativus
729 2823 865 2905 pltualis,
896 2834 927 2886 ut
957 2826 993 2886 ab
1017 2826 1074 2887 hac
1094 2825 1176 2888 Musa
1197 2828 1244 2901 his
1273 2838 1303 2890 ιι
1323 2829 1360 2891 ab
1382 2830 1429 2892 his

135 2927 235 2990 Musis.
279 2944 347 2987 nam
366 2923 477 2986 deabus
500 2931 529 2984 et
547 2921 661 2987 filiabus
678 2916 715 2987 ⁴et
733 2926 873 3007 quidquid
893 2928 981 2990 huius
1003 2928 1081 2990 modi
1107 2936 1152 2991 est
1173 2930 1359 2992 discernendi
1380 2952 1468 3007 seq,

135 3049 190 3092 xus
210 3028 302 3110 gratia
322 3034 424 3090 contra
447 3025 590 3087 rationem
613 3038 765 3109 receptum
787 3037 839 3090 est

221 3131 345 3193 Nomina
367 3148 441 3208 quae
463 3127 586 3190 ablativo
608 3148 823 3222 casunnumcro
845 3132 984 3212 singulari
1005 3153 1021 3195 ι
1042 3134 1137 3196 littera
1159 3133 1300 3214 producta
1322 3135 1430 3196 suriun-

137 3242 200 3310 tur,
220 3233 331 3296 adiecta
354 3253 369 3295 s
393 3232 488 3294 littera
510 3232 621 3294 laeiuut
643 3233 774 3297 similiter
798 3236 940 3316 producta
962 3236 1118 3299 novissima
1138 3234 1248 3316 syllaba
1274 3235 1429 3297 nominati·

136 3356 204 3398 vum
232 3345 262 3396 et
286 3336 482 3398 accusativum
510 3342 539 3396 ιι
564 3336 724 3399 vocativum
752 3337 909 3418 pluralem,
933 3347 965 3400 ut
985 3337 1021 3399 ab
1043 3339 1100 3399 hoc
1126 3337 1169 3398 ιιι
1190 3337 1226 3398 ab
1251 3337 1306 3398 bae
1327 3338 1374 3399 die
1398 3338 1430 3400 ιιι

136 3438 181 3501 ιιι
201 3439 257 3500 hae
278 3437 339 3500 dies
361 3439 416 3501 hos
435 3437 478 3500 vel
499 3439 553 3500 has
578 3438 641 3500 dies
660 3447 689 3500 et
707 3460 724 3501 ο
744 3439 816 3502 dies.
852 3450 965 3502 remota
985 3462 1000 3503 s
1021 3442 1116 3503 littera
1142 3439 1333 3521 appositaque
1362 3458 1427 3501 rum
1440 3467 1469 3510 ῃ

137 3539 263 3622 syllaba,
286 3541 336 3602 fiet
355 3540 505 3620 genetivus
524 3539 661 3620 pluralis,
683 3549 715 3602 ut
736 3542 773 3603 ab
794 3543 851 3604 hoe
871 3543 914 3605 vel
937 3544 973 3605 ab
995 3544 1051 3605 hac
1069 3543 1116 3605 die
1130 3543 1235 3604 horum
1257 3540 1302 3602 vel
1323 3541 1427 3603 harum

137 3643 259 3705 dierum.
304 3642 329 3704 si
352 3662 502 3705 removeas
523 3662 588 3703 vum
610 3652 640 3704 ιι
660 3663 792 3725 apponas
814 3645 869 3707 bus
891 3645 1044 3725 syllabam,
1073 3646 1200 3706 dativum
1222 3653 1251 3706 ιι
1273 3642 1427 3705 ablativum

137 3744 278 3826 pluralem
301 3745 407 3821 iacies,
429 3754 461 3808 ut
480 3744 516 3806 ab
537 3745 595 3806 hoc
615 3744 660 3806 vel
680 3746 716 3806 ab
739 3747 795 3808 hac
818 3747 864 3810 die
885 3748 932 3810 his
954 3757 983 3809 et
1002 3747 1038 3809 ah
1061 3748 1107 3809 his
1128 3746 1240 3809 diebus.

221 3846 343 3909 Nomina
366 3865 440 3926 quac
459 3844 583 3908 ablativo
607 3865 676 3909 casu
699 3868 821 3911 numero
843 3850 984 3930 singulari
1013 3849 1145 3912 elittera
1167 3857 1301 3931 correpta
1322 3850 1429 3911 finiun-

138 3958 184 4012 tur
219 3959 276 4011 tam
310 3967 418 4028 genere
444 3948 604 4010 masculino
630 3968 716 4028 quam
740 3951 878 4013 feminino
906 3952 1018 4015 adiecta
1048 3972 1063 4014 s
1090 3952 1184 4017 littera
1218 3953 1468 4023 nominativum„

138 4059 168 4113 et
191 4050 387 4113 accusativum
414 4058 442 4113 et
468 4052 628 4113 vocativum
659 4051 801 4132 pluralem
829 4055 953 4137 iaciunt,
986 4055 1132 4117 interdum
1157 4055 1298 4137 producta
1327 4055 1427 4116 ultima

137 4152 261 4234 syllaba,
290 4161 323 4214 ut
350 4152 386 4215 ab
408 4153 465 4215 hoe
491 4161 521 4214 et
542 4152 578 4214 ab
597 4154 653 4215 hac
676 4153 762 4216 divite
783 4155 813 4217 hi
836 4165 866 4218 ιι
889 4156 945 4218 hae
967 4156 1069 4222 divites
1090 4159 1146 4220 hos
1165 4156 1178 4241 Η
1201 4167 1230 4220 ιι
1250 4158 1304 4219 lias
1326 4157 1430 4220 ‹livites

138 4262 168 4315 et
193 4275 212 4315 o
239 4254 350 4317 divites.
400 4256 546 4318 interdum
573 4265 706 4337 correpta
731 4257 832 4319 ultima
856 4254 968 4337 'syllaba
991 4262 1198 4322 nominativum
1220 4268 1250 4320 et
1266 4261 1430 4322 vocativum

137 4354 279 4437 pluralem
300 4358 424 4434 iaciunt,
448 4367 480 4420 ut
504 4359 540 4420 ab
564 4359 621 4422 hoc
643 4359 796 4442 Daphnide
817 4368 847 4421 et
868 4360 904 4423 ab
927 4362 982 4423 hac
997 4362 1141 4426 Bacchide
1162 4363 1193 4424 hi
1211 4364 1380 4445 Daphnides
1402 4373 1431 4426 ιι

208 4610 313 4672 bQuee
330 4612 408 4664 ι-8
424 4613 502 4678 ugitis
517 4621 575 4676 poet
592 4614 609 4664 9
629 4614 698 4674 tlnne
716 4633 776 4666 n-
743 4619 816 4668 -ll
836 4619 951 4669 versibus
966 4621 1053 4682 posita
1071 4614 1185 4684 ιίριιι]
1204 4626 1230 4669 et
1243 4617 1273 4687 ss
1293 4620 1432 4686 adscriptis

138 4733 638 4786 mmumlocumreoocotacuntiall
707 4734 876 4803 iqui-Jny
943 4738 1083 4789 81ιιίιΝ
1152 4741 1185 4792 lt
1200 4742 1313 4791 hlus
1326 4743 1385 4804 150
1398 4745 1433 4796 20

140 4802 258 4852 cornibus
279 4805 355 4854 Diam
372 4816 401 4865 p.
415 4802 466 4853 ²79
480 4818 536 4870 sqq.
625 4807 657 4857 lb
676 4805 868 4860 dildnireeorr.
887 4808 1037 4860 definivelt
