<?xml version="1.0" encoding="UTF-8"?>
<!DOCTYPE html PUBLIC "-//W3C//DTD XHTML 1.0 Transitional//EN"
    "http://www.w3.org/TR/xhtml1/DTD/xhtml1-transitional.dtd">
<html xmlns="http://www.w3.org/1999/xhtml" xml:lang="en" lang="en">
 <head>
  <title>
</title>
<meta http-equiv="Content-Type" content="text/html;charset=utf-8" />
  <meta name='ocr-system' content='tesseract 3.04.00' />
  <meta name='ocr-capabilities' content='ocr_page ocr_carea ocr_par ocr_line ocrx_word'/>
</head>
<body>
  <div class='ocr_page' id='page_1' title='image "./grammaticilatin02keilgoog_0536.png"; bbox 0 0 3114 5356; ppageno 0'>
   <div class='ocr_carea' id='block_1_1' title="bbox 510 289 1358 358">
    <p class='ocr_par' dir='ltr' id='par_1_1' title="bbox 510 289 1358 358">
     <span class='ocr_line' id='line_1_1' title="bbox 510 289 1358 358; baseline -0.006 -6"><span class='ocrx_word' id='word_1_1' title='bbox 510 291 592 352; x_wconf 83' lang='grc' dir='ltr'><strong>ΑιιΤ.</strong></span> <span class='ocrx_word' id='word_1_2' title='bbox 622 289 762 352; x_wconf 78' lang='lat' dir='ltr'>Glthltlt.</span> <span class='ocrx_word' id='word_1_3' title='bbox 790 291 862 353; x_wconf 81' lang='lat' dir='ltr'>Lm.</span> <span class='ocrx_word' id='word_1_4' title='bbox 886 292 912 353; x_wconf 90' lang='lat'>11</span> <span class='ocrx_word' id='word_1_5' title='bbox 1296 298 1358 358; x_wconf 79' lang='lat'>465</span> 
     </span>
    </p>
   </div>
   <div class='ocr_carea' id='block_1_2' title="bbox 55 412 1359 563">
    <p class='ocr_par' dir='ltr' id='par_1_2' title="bbox 55 412 1359 563">
     <span class='ocr_line' id='line_1_2' title="bbox 55 412 1359 563; baseline 0.001 -21"><span class='ocrx_word' id='word_1_6' title='bbox 55 500 127 543; x_wconf 88' lang='lat' dir='ltr'>naut</span> <span class='ocrx_word' id='word_1_7' title='bbox 147 483 312 540; x_wconf 70' lang='lat' dir='ltr'><strong>structurae</strong></span> <span class='ocrx_word' id='word_1_8' title='bbox 334 476 499 538; x_wconf 91' lang='lat' dir='ltr'>observatio</span> <span class='ocrx_word' id='word_1_9' title='bbox 520 477 657 557; x_wconf 85' lang='lat' dir='ltr'>bipertita</span> <span class='ocrx_word' id='word_1_10' title='bbox 679 484 738 537; x_wconf 91' lang='lat' dir='ltr'>tam</span> <span class='ocrx_word' id='word_1_11' title='bbox 758 479 794 539; x_wconf 96' lang='lat' dir='ltr'>ad</span> <span class='ocrx_word' id='word_1_12' title='bbox 814 479 956 541; x_wconf 91' lang='lat' dir='ltr'>oratorias</span> <span class='ocrx_word' id='word_1_13' title='bbox 979 480 1101 542; x_wconf 88' lang='lat' dir='ltr'>virtutes</span> <span class='ocrx_word' id='word_1_14' title='bbox 1126 412 1359 563; x_wconf 51' lang='lat' dir='ltr'>qlaffidppar-</span> 
     </span>
    </p>
   </div>
   <div class='ocr_carea' id='block_1_3' title="bbox 10 576 1441 4004">
    <p class='ocr_par' dir='ltr' id='par_1_3' title="bbox 56 576 1360 867">
     <span class='ocr_line' id='line_1_3' title="bbox 56 576 1360 660; baseline 0.002 -17"><span class='ocrx_word' id='word_1_15' title='bbox 56 591 105 643; x_wconf 89' lang='lat' dir='ltr'>tes</span> <span class='ocrx_word' id='word_1_16' title='bbox 131 576 336 660; x_wconf 91' lang='lat' dir='ltr'>grammaticas</span> <span class='ocrx_word' id='word_1_17' title='bbox 365 578 499 657; x_wconf 84' lang='lat' dir='ltr'>pertinet</span> <span class='ocrx_word' id='word_1_18' title='bbox 551 586 581 638; x_wconf 90' lang='lat' dir='ltr'>et</span> <span class='ocrx_word' id='word_1_19' title='bbox 608 577 731 638; x_wconf 84' lang='lat' dir='ltr'>alterum</span> <span class='ocrx_word' id='word_1_20' title='bbox 756 578 834 657; x_wconf 89' lang='lat' dir='ltr'>quod</span> <span class='ocrx_word' id='word_1_21' title='bbox 859 578 896 640; x_wconf 93' lang='lat' dir='ltr'>ab</span> <span class='ocrx_word' id='word_1_22' title='bbox 924 599 1032 659; x_wconf 80' lang='lat' dir='ltr'>genere</span> <span class='ocrx_word' id='word_1_23' title='bbox 1057 583 1205 644; x_wconf 85' lang='lat' dir='ltr'>rhetorico</span> <span class='ocrx_word' id='word_1_24' title='bbox 1234 585 1360 645; x_wconf 79' lang='lat' dir='ltr'>trahitur</span> 
     </span>
     <span class='ocr_line' id='line_1_4' title="bbox 59 678 1360 760; baseline 0.002 -16"><span class='ocrx_word' id='word_1_25' title='bbox 59 684 135 745; x_wconf 88' lang='lat' dir='ltr'>trina</span> <span class='ocrx_word' id='word_1_26' title='bbox 157 681 271 742; x_wconf 91' lang='lat' dir='ltr'>ratione</span> <span class='ocrx_word' id='word_1_27' title='bbox 291 678 452 758; x_wconf 73' lang='lat' dir='ltr'>colligitur,</span> <span class='ocrx_word' id='word_1_28' title='bbox 481 688 510 740; x_wconf 92' lang='lat' dir='ltr'>et</span> <span class='ocrx_word' id='word_1_29' title='bbox 533 689 578 740; x_wconf 92' lang='lat' dir='ltr'>est</span> <span class='ocrx_word' id='word_1_30' title='bbox 597 679 722 760; x_wconf 90' lang='lat' dir='ltr'>primum</span> <span class='ocrx_word' id='word_1_31' title='bbox 745 679 888 756; x_wconf 73' lang='lat' dir='ltr'>incisum,</span> <span class='ocrx_word' id='word_1_32' title='bbox 921 683 979 743; x_wconf 91' lang='lat' dir='ltr'>hnc</span> <span class='ocrx_word' id='word_1_33' title='bbox 1002 683 1104 746; x_wconf 87' lang='lat' dir='ltr'>Graeci</span> <span class='ocrx_word' id='word_1_34' title='bbox 1127 702 1243 747; x_wconf 88' lang='lat' dir='ltr'>comma</span> <span class='ocrx_word' id='word_1_35' title='bbox 1264 686 1360 748; x_wconf 90' lang='lat' dir='ltr'>nomi-</span> 
     </span>
     <span class='ocr_line' id='line_1_5' title="bbox 58 780 1359 867; baseline 0.002 -22"><span class='ocrx_word' id='word_1_36' title='bbox 58 791 147 845; x_wconf 90' lang='lat' dir='ltr'>nant:</span> <span class='ocrx_word' id='word_1_37' title='bbox 185 800 221 841; x_wconf 82' lang='lat' dir='ltr'>ex</span> <span class='ocrx_word' id='word_1_38' title='bbox 242 780 452 853; x_wconf 80' lang='lat' dir='ltr'><strong>commatibus,</strong></span> <span class='ocrx_word' id='word_1_39' title='bbox 480 780 537 842; x_wconf 94' lang='lat' dir='ltr'>boc</span> <span class='ocrx_word' id='word_1_40' title='bbox 559 780 743 854; x_wconf 75' lang='lat' dir='ltr'>retinebis,</span> <span class='ocrx_word' id='word_1_41' title='bbox 769 782 935 846; x_wconf 83' lang='lat' dir='ltr'>membrum</span> <span class='ocrx_word' id='word_1_42' title='bbox 955 786 1000 858; x_wconf 87' lang='lat' dir='ltr'>lit,</span> <span class='ocrx_word' id='word_1_43' title='bbox 1028 786 1108 864; x_wconf 86' lang='lat' dir='ltr'>quod</span> <span class='ocrx_word' id='word_1_44' title='bbox 1129 783 1171 847; x_wconf 90' lang='lat' dir='ltr'>illi</span> <span class='ocrx_word' id='word_1_45' title='bbox 1200 786 1286 847; x_wconf 90' lang='lat' dir='ltr'>colon</span> <span class='ocrx_word' id='word_1_46' title='bbox 1307 805 1359 867; x_wconf 91' lang='lat' dir='ltr'>ap-</span> 
     </span>
    </p>

    <p class='ocr_par' dir='ltr' id='par_1_4' title="bbox 28 880 1359 1347">
     <span class='ocr_line' id='line_1_6' title="bbox 28 880 1359 968; baseline 0.004 -25"><span class='ocrx_word' id='word_1_47' title='bbox 28 884 186 965; x_wconf 67' lang='lat' dir='ltr'>apellant:</span> <span class='ocrx_word' id='word_1_48' title='bbox 224 901 258 941; x_wconf 84' lang='lat' dir='ltr'>ex</span> <span class='ocrx_word' id='word_1_49' title='bbox 281 881 475 942; x_wconf 79' lang='lat' dir='ltr'>commatibus</span> <span class='ocrx_word' id='word_1_50' title='bbox 505 889 534 941; x_wconf 89' lang='lat' dir='ltr'>et</span> <span class='ocrx_word' id='word_1_51' title='bbox 559 880 632 942; x_wconf 89' lang='lat' dir='ltr'>colis</span> <span class='ocrx_word' id='word_1_52' title='bbox 657 881 797 961; x_wconf 74' lang='lat' dir='ltr'>periodus</span> <span class='ocrx_word' id='word_1_53' title='bbox 826 893 957 961; x_wconf 87' lang='lat' dir='ltr'>constat,</span> <span class='ocrx_word' id='word_1_54' title='bbox 993 903 1080 964; x_wconf 84' lang='lat' dir='ltr'>tynam</span> <span class='ocrx_word' id='word_1_55' title='bbox 1112 885 1204 947; x_wconf 79' lang='lat' dir='ltr'>nostri</span> <span class='ocrx_word' id='word_1_56' title='bbox 1234 906 1359 968; x_wconf 90' lang='lat' dir='ltr'>conpre-</span> 
     </span>
     <span class='ocr_line' id='line_1_7' title="bbox 56 982 1359 1065; baseline 0.002 -18"><span class='ocrx_word' id='word_1_57' title='bbox 56 984 232 1047; x_wconf 89' lang='lat' dir='ltr'>hensionem</span> <span class='ocrx_word' id='word_1_58' title='bbox 256 982 366 1043; x_wconf 85' lang='lat' dir='ltr'>dicunt</span> <span class='ocrx_word' id='word_1_59' title='bbox 402 982 526 1044; x_wconf 90' lang='lat' dir='ltr'>alterum</span> <span class='ocrx_word' id='word_1_60' title='bbox 547 983 583 1043; x_wconf 90' lang='lat' dir='ltr'>ad</span> <span class='ocrx_word' id='word_1_61' title='bbox 603 985 732 1045; x_wconf 84' lang='lat' dir='ltr'>officium</span> <span class='ocrx_word' id='word_1_62' title='bbox 755 986 825 1048; x_wconf 88' lang='lat' dir='ltr'>artis</span> <span class='ocrx_word' id='word_1_63' title='bbox 848 987 1054 1065; x_wconf 78' lang='lat' dir='ltr'>grammaticae</span> <span class='ocrx_word' id='word_1_64' title='bbox 1075 988 1217 1060; x_wconf 80' lang='lat' dir='ltr'>refertur,</span> <span class='ocrx_word' id='word_1_65' title='bbox 1239 987 1296 1047; x_wconf 90' lang='lat' dir='ltr'>hoc</span> <span class='ocrx_word' id='word_1_66' title='bbox 1313 998 1359 1050; x_wconf 89' lang='lat' dir='ltr'>est</span> 
     </span>
     <span class='ocr_line' id='line_1_8' title="bbox 58 1081 1356 1166; baseline 0.004 -21"><span class='ocrx_word' id='word_1_67' title='bbox 58 1084 96 1145; x_wconf 91' lang='lat' dir='ltr'>ad</span> <span class='ocrx_word' id='word_1_68' title='bbox 122 1083 230 1163; x_wconf 88' lang='lat' dir='ltr'>pedes,</span> <span class='ocrx_word' id='word_1_69' title='bbox 266 1083 291 1145; x_wconf 91' lang='lat' dir='ltr'>si</span> <span class='ocrx_word' id='word_1_70' title='bbox 320 1083 437 1162; x_wconf 90' lang='lat' dir='ltr'>quidem</span> <span class='ocrx_word' id='word_1_71' title='bbox 465 1085 618 1164; x_wconf 90' lang='lat' dir='ltr'>adsumpta</span> <span class='ocrx_word' id='word_1_72' title='bbox 646 1086 755 1166; x_wconf 88' lang='lat' dir='ltr'>pedum</span> <span class='ocrx_word' id='word_1_73' title='bbox 783 1087 911 1166; x_wconf 78' lang='lat' dir='ltr'>imagine</span> <span class='ocrx_word' id='word_1_74' title='bbox 939 1086 1035 1148; x_wconf 93' lang='lat' dir='ltr'>omnis</span> <span class='ocrx_word' id='word_1_75' title='bbox 1061 1087 1202 1148; x_wconf 88' lang='lat' dir='ltr'>orationis</span> <span class='ocrx_word' id='word_1_76' title='bbox 1227 1081 1356 1150; x_wconf 82' lang='lat' dir='ltr'>clausula</span> 
     </span>
     <span class='ocr_line' id='line_1_9' title="bbox 59 1183 1358 1268; baseline 0.003 -21"><span class='ocrx_word' id='word_1_77' title='bbox 59 1185 197 1258; x_wconf 86' lang='lat' dir='ltr'>struitur;</span> <span class='ocrx_word' id='word_1_78' title='bbox 233 1185 311 1262; x_wconf 90' lang='lat' dir='ltr'>quod</span> <span class='ocrx_word' id='word_1_79' title='bbox 340 1203 433 1263; x_wconf 91' lang='lat' dir='ltr'>genus</span> <span class='ocrx_word' id='word_1_80' title='bbox 461 1183 547 1268; x_wconf 89' lang='lat' dir='ltr'>[hoc]</span> <span class='ocrx_word' id='word_1_81' title='bbox 575 1187 673 1267; x_wconf 91' lang='lat' dir='ltr'>possis</span> <span class='ocrx_word' id='word_1_82' title='bbox 700 1187 938 1265; x_wconf 87' lang='lat' dir='ltr'>grammaticum,</span> <span class='ocrx_word' id='word_1_83' title='bbox 968 1186 1040 1248; x_wconf 89' lang='lat' dir='ltr'>illud</span> <span class='ocrx_word' id='word_1_84' title='bbox 1063 1187 1242 1250; x_wconf 85' lang='lat' dir='ltr'>rhetoricum</span> <span class='ocrx_word' id='word_1_85' title='bbox 1265 1189 1358 1268; x_wconf 85' lang='lat' dir='ltr'>magis</span> 
     </span>
     <span class='ocr_line' id='line_1_10' title="bbox 59 1286 168 1347; baseline -0.028 0"><span class='ocrx_word' id='word_1_86' title='bbox 59 1286 168 1347; x_wconf 91' lang='lat' dir='ltr'>dicere.</span> 
     </span>
    </p>

    <p class='ocr_par' dir='ltr' id='par_1_5' title="bbox 24 1386 1441 1674">
     <span class='ocr_line' id='line_1_11' title="bbox 24 1386 1359 1470; baseline 0.003 -21"><span class='ocrx_word' id='word_1_87' title='bbox 24 1417 47 1458; x_wconf 84' lang='lat' dir='ltr'>n</span> <span class='ocrx_word' id='word_1_88' title='bbox 146 1387 204 1449; x_wconf 89' lang='lat' dir='ltr'>Sed</span> <span class='ocrx_word' id='word_1_89' title='bbox 233 1386 303 1465; x_wconf 89' lang='lat' dir='ltr'>qnia</span> <span class='ocrx_word' id='word_1_90' title='bbox 331 1387 542 1467; x_wconf 86' lang='lat' dir='ltr'>conpositionis</span> <span class='ocrx_word' id='word_1_91' title='bbox 566 1407 635 1468; x_wconf 89' lang='lat' dir='ltr'>pars</span> <span class='ocrx_word' id='word_1_92' title='bbox 663 1407 750 1467; x_wconf 88' lang='lat' dir='ltr'>quam</span> <span class='ocrx_word' id='word_1_93' title='bbox 774 1389 819 1450; x_wconf 87' lang='lat' dir='ltr'>ed</span> <span class='ocrx_word' id='word_1_94' title='bbox 845 1398 937 1452; x_wconf 92' lang='lat' dir='ltr'>artem</span> <span class='ocrx_word' id='word_1_95' title='bbox 964 1390 1184 1470; x_wconf 86' lang='lat' dir='ltr'>grammaticam</span> <span class='ocrx_word' id='word_1_96' title='bbox 1211 1391 1359 1470; x_wconf 87' lang='lat' dir='ltr'>pertinere</span> 
     </span>
     <span class='ocr_line' id='line_1_12' title="bbox 59 1485 1441 1572; baseline 0.001 -21"><span class='ocrx_word' id='word_1_97' title='bbox 59 1491 185 1551; x_wconf 81' lang='lat' dir='ltr'>diximus</span> <span class='ocrx_word' id='word_1_98' title='bbox 208 1485 333 1569; x_wconf 90' lang='lat' dir='ltr'>pedibus</span> <span class='ocrx_word' id='word_1_99' title='bbox 355 1494 485 1562; x_wconf 91' lang='lat' dir='ltr'>constat,</span> <span class='ocrx_word' id='word_1_100' title='bbox 514 1490 701 1551; x_wconf 86' lang='lat' dir='ltr'>statuendum</span> <span class='ocrx_word' id='word_1_101' title='bbox 729 1499 775 1552; x_wconf 90' lang='lat' dir='ltr'>est</span> <span class='ocrx_word' id='word_1_102' title='bbox 796 1510 854 1570; x_wconf 86' lang='lat' dir='ltr'>quo</span> <span class='ocrx_word' id='word_1_103' title='bbox 875 1508 1021 1570; x_wconf 87' lang='lat' dir='ltr'>quemque</span> <span class='ocrx_word' id='word_1_104' title='bbox 1046 1509 1148 1551; x_wconf 86' lang='lat' dir='ltr'>eorum</span> <span class='ocrx_word' id='word_1_105' title='bbox 1167 1492 1287 1552; x_wconf 89' lang='lat' dir='ltr'>nomine</span> <span class='ocrx_word' id='word_1_106' title='bbox 1307 1511 1359 1572; x_wconf 87' lang='lat' dir='ltr'>ap·</span> <span class='ocrx_word' id='word_1_107' title='bbox 1424 1516 1441 1538; x_wconf 86' lang='lat'><strong>·</strong></span> 
     </span>
     <span class='ocr_line' id='line_1_13' title="bbox 58 1588 1359 1674; baseline 0.002 -22"><span class='ocrx_word' id='word_1_108' title='bbox 58 1590 211 1672; x_wconf 83' lang='lat' dir='ltr'>pellemus.</span> <span class='ocrx_word' id='word_1_109' title='bbox 257 1588 344 1650; x_wconf 89' lang='lat' dir='ltr'>variis</span> <span class='ocrx_word' id='word_1_110' title='bbox 369 1589 447 1650; x_wconf 91' lang='lat' dir='ltr'>enim</span> <span class='ocrx_word' id='word_1_111' title='bbox 475 1589 623 1653; x_wconf 80' lang='lat' dir='ltr'>uocabulis</span> <span class='ocrx_word' id='word_1_112' title='bbox 650 1591 814 1652; x_wconf 89' lang='lat' dir='ltr'>traduntur.</span> <span class='ocrx_word' id='word_1_113' title='bbox 864 1601 933 1653; x_wconf 92' lang='lat' dir='ltr'>sunt</span> <span class='ocrx_word' id='word_1_114' title='bbox 960 1611 1030 1670; x_wconf 91' lang='lat' dir='ltr'>ergo</span> <span class='ocrx_word' id='word_1_115' title='bbox 1058 1594 1198 1670; x_wconf 84' lang='lat' dir='ltr'>quattuor</span> <span class='ocrx_word' id='word_1_116' title='bbox 1224 1594 1315 1674; x_wconf 86' lang='lat' dir='ltr'>pedes</span> <span class='ocrx_word' id='word_1_117' title='bbox 1342 1613 1359 1654; x_wconf 91' lang='lat' dir='ltr'>e</span> 
     </span>
    </p>

    <p class='ocr_par' dir='ltr' id='par_1_6' title="bbox 25 1689 1359 1874">
     <span class='ocr_line' id='line_1_14' title="bbox 25 1689 1359 1773; baseline 0.002 -19"><span class='ocrx_word' id='word_1_118' title='bbox 25 1707 32 1718; x_wconf 89' lang='lat'><strong>·</strong></span> <span class='ocrx_word' id='word_1_119' title='bbox 57 1692 137 1754; x_wconf 90' lang='lat' dir='ltr'>binis</span> <span class='ocrx_word' id='word_1_120' title='bbox 159 1689 294 1769; x_wconf 77' lang='lat' dir='ltr'>syllabis,</span> <span class='ocrx_word' id='word_1_121' title='bbox 326 1696 393 1749; x_wconf 88' lang='lat' dir='ltr'>octo</span> <span class='ocrx_word' id='word_1_122' title='bbox 413 1689 536 1752; x_wconf 77' lang='lat' dir='ltr'>ternisz·</span> <span class='ocrx_word' id='word_1_123' title='bbox 553 1691 696 1772; x_wconf 83' lang='lat' dir='ltr'>spondius</span> <span class='ocrx_word' id='word_1_124' title='bbox 715 1692 812 1770; x_wconf 91' lang='lat' dir='ltr'>longis</span> <span class='ocrx_word' id='word_1_125' title='bbox 835 1691 965 1766; x_wconf 91' lang='lat' dir='ltr'>duabus,</span> <span class='ocrx_word' id='word_1_126' title='bbox 991 1692 1172 1773; x_wconf 77' lang='lat' dir='ltr'>pyrrichius,</span> <span class='ocrx_word' id='word_1_127' title='bbox 1202 1712 1290 1773; x_wconf 88' lang='lat' dir='ltr'>quem</span> <span class='ocrx_word' id='word_1_128' title='bbox 1311 1696 1359 1757; x_wconf 92' lang='lat' dir='ltr'>alii</span> 
     </span>
     <span class='ocr_line' id='line_1_15' title="bbox 57 1789 1358 1874; baseline 0.003 -20"><span class='ocrx_word' id='word_1_129' title='bbox 57 1791 243 1874; x_wconf 88' lang='lat' dir='ltr'>pariambum</span> <span class='ocrx_word' id='word_1_130' title='bbox 270 1798 390 1864; x_wconf 88' lang='lat' dir='ltr'>vocant,</span> <span class='ocrx_word' id='word_1_131' title='bbox 417 1789 570 1869; x_wconf 83' lang='lat' dir='ltr'>brevibus,</span> <span class='ocrx_word' id='word_1_132' title='bbox 602 1793 717 1855; x_wconf 91' lang='lat' dir='ltr'>iambus</span> <span class='ocrx_word' id='word_1_133' title='bbox 745 1791 825 1853; x_wconf 78' lang='lat' dir='ltr'>brevi</span> <span class='ocrx_word' id='word_1_134' title='bbox 857 1793 1017 1873; x_wconf 88' lang='lat' dir='ltr'>longaque,</span> <span class='ocrx_word' id='word_1_135' title='bbox 1045 1793 1114 1854; x_wconf 93' lang='lat' dir='ltr'>huic</span> <span class='ocrx_word' id='word_1_136' title='bbox 1148 1796 1312 1858; x_wconf 85' lang='lat' dir='ltr'>contrarius</span> <span class='ocrx_word' id='word_1_137' title='bbox 1342 1818 1358 1858; x_wconf 92' lang='lat' dir='ltr'>e</span> 
     </span>
    </p>

    <p class='ocr_par' dir='ltr' id='par_1_7' title="bbox 22 1891 1359 2379">
     <span class='ocr_line' id='line_1_16' title="bbox 22 1891 1358 1976; baseline 0.004 -22"><span class='ocrx_word' id='word_1_138' title='bbox 22 1896 147 1974; x_wconf 77' lang='lat' dir='ltr'>storga</span> <span class='ocrx_word' id='word_1_139' title='bbox 167 1902 198 1954; x_wconf 91' lang='lat' dir='ltr'>et</span> <span class='ocrx_word' id='word_1_140' title='bbox 216 1893 296 1955; x_wconf 86' lang='lat' dir='ltr'>brevi</span> <span class='ocrx_word' id='word_1_141' title='bbox 318 1891 484 1954; x_wconf 90' lang='lat' dir='ltr'>trochaeus.</span> <span class='ocrx_word' id='word_1_142' title='bbox 500 1893 515 1976; x_wconf 78' lang='grc' dir='ltr'><strong>Η</strong></span> <span class='ocrx_word' id='word_1_143' title='bbox 528 1895 557 1955; x_wconf 92' lang='lat' dir='ltr'>in</span> <span class='ocrx_word' id='word_1_144' title='bbox 582 1895 629 1956; x_wconf 92' lang='lat' dir='ltr'>his</span> <span class='ocrx_word' id='word_1_145' title='bbox 651 1913 719 1956; x_wconf 89' lang='lat' dir='ltr'>vero</span> <span class='ocrx_word' id='word_1_146' title='bbox 741 1894 791 1972; x_wconf 89' lang='lat' dir='ltr'>qui</span> <span class='ocrx_word' id='word_1_147' title='bbox 810 1902 908 1956; x_wconf 87' lang='lat' dir='ltr'>ternas</span> <span class='ocrx_word' id='word_1_148' title='bbox 934 1893 1058 1972; x_wconf 81' lang='lat' dir='ltr'>syllabas</span> <span class='ocrx_word' id='word_1_149' title='bbox 1079 1893 1188 1955; x_wconf 87' lang='lat' dir='ltr'>habent</span> <span class='ocrx_word' id='word_1_150' title='bbox 1210 1896 1358 1960; x_wconf 89' lang='lat' dir='ltr'>dactulum</span> 
     </span>
     <span class='ocr_line' id='line_1_17' title="bbox 56 1993 1359 2078; baseline 0 -19"><span class='ocrx_word' id='word_1_151' title='bbox 56 1999 148 2077; x_wconf 89' lang='lat' dir='ltr'>longa</span> <span class='ocrx_word' id='word_1_152' title='bbox 168 1995 339 2073; x_wconf 85' lang='lat' dir='ltr'>duabusque</span> <span class='ocrx_word' id='word_1_153' title='bbox 358 1993 511 2069; x_wconf 79' lang='lat' dir='ltr'>brevibus,</span> <span class='ocrx_word' id='word_1_154' title='bbox 539 1996 608 2059; x_wconf 93' lang='lat' dir='ltr'>huic</span> <span class='ocrx_word' id='word_1_155' title='bbox 631 1995 813 2073; x_wconf 84' lang='lat' dir='ltr'>temporibus</span> <span class='ocrx_word' id='word_1_156' title='bbox 841 2014 942 2075; x_wconf 91' lang='lat' dir='ltr'>parem</span> <span class='ocrx_word' id='word_1_157' title='bbox 971 1995 1022 2056; x_wconf 89' lang='lat' dir='ltr'>sed</span> <span class='ocrx_word' id='word_1_158' title='bbox 1051 2003 1230 2057; x_wconf 89' lang='lat' dir='ltr'>retroactum</span> <span class='ocrx_word' id='word_1_159' title='bbox 1257 2000 1359 2078; x_wconf 89' lang='lat' dir='ltr'>appel·</span> 
     </span>
     <span class='ocr_line' id='line_1_18' title="bbox 56 2092 1357 2176; baseline 0.001 -15"><span class='ocrx_word' id='word_1_160' title='bbox 56 2100 111 2161; x_wconf 89' lang='lat' dir='ltr'>lari</span> <span class='ocrx_word' id='word_1_161' title='bbox 135 2104 252 2160; x_wconf 90' lang='lat' dir='ltr'>constat</span> <span class='ocrx_word' id='word_1_162' title='bbox 273 2101 463 2176; x_wconf 89' lang='lat' dir='ltr'>anapaeston.</span> <span class='ocrx_word' id='word_1_163' title='bbox 502 2092 597 2154; x_wconf 92' lang='lat' dir='ltr'>media</span> <span class='ocrx_word' id='word_1_164' title='bbox 620 2093 697 2154; x_wconf 89' lang='lat' dir='ltr'>inter</span> <span class='ocrx_word' id='word_1_165' title='bbox 714 2094 817 2174; x_wconf 86' lang='lat' dir='ltr'>longas</span> <span class='ocrx_word' id='word_1_166' title='bbox 840 2095 937 2157; x_wconf 80' lang='lat' dir='ltr'>brevis</span> <span class='ocrx_word' id='word_1_167' title='bbox 956 2096 1025 2157; x_wconf 88' lang='lat' dir='ltr'>lacit</span> <span class='ocrx_word' id='word_1_168' title='bbox 1046 2096 1282 2176; x_wconf 69' lang='lat' dir='ltr'>amphimacrum</span> <span class='ocrx_word' id='word_1_169' title='bbox 1305 2102 1357 2162; x_wconf 90' lang='lat' dir='ltr'>sed</span> 
     </span>
     <span class='ocr_line' id='line_1_19' title="bbox 55 2195 1358 2280; baseline 0.002 -18"><span class='ocrx_word' id='word_1_170' title='bbox 55 2200 243 2279; x_wconf 81' lang='lat' dir='ltr'>frequentius</span> <span class='ocrx_word' id='word_1_171' title='bbox 264 2198 327 2259; x_wconf 91' lang='lat' dir='ltr'>eius</span> <span class='ocrx_word' id='word_1_172' title='bbox 349 2213 457 2257; x_wconf 89' lang='lat' dir='ltr'>nomen</span> <span class='ocrx_word' id='word_1_173' title='bbox 480 2203 526 2257; x_wconf 91' lang='grc' dir='ltr'>εει</span> <span class='ocrx_word' id='word_1_174' title='bbox 547 2196 682 2257; x_wconf 88' lang='lat' dir='ltr'>creticus.</span> <span class='ocrx_word' id='word_1_175' title='bbox 727 2195 814 2274; x_wconf 92' lang='lat' dir='ltr'>longa</span> <span class='ocrx_word' id='word_1_176' title='bbox 835 2197 912 2257; x_wconf 90' lang='lat' dir='ltr'>inter</span> <span class='ocrx_word' id='word_1_177' title='bbox 931 2197 1036 2259; x_wconf 78' lang='lat' dir='ltr'>breves</span> <span class='ocrx_word' id='word_1_178' title='bbox 1058 2198 1299 2280; x_wconf 86' lang='lat' dir='ltr'>amphibrachys:</span> <span class='ocrx_word' id='word_1_179' title='bbox 1327 2213 1358 2264; x_wconf 92' lang='lat' dir='ltr'>at</span> 
     </span>
     <span class='ocr_line' id='line_1_20' title="bbox 56 2295 1358 2379; baseline 0.002 -16"><span class='ocrx_word' id='word_1_180' title='bbox 56 2321 127 2363; x_wconf 90' lang='lat' dir='ltr'>cum</span> <span class='ocrx_word' id='word_1_181' title='bbox 146 2302 220 2362; x_wconf 90' lang='lat' dir='ltr'>duas</span> <span class='ocrx_word' id='word_1_182' title='bbox 244 2300 348 2377; x_wconf 91' lang='lat' dir='ltr'>longas</span> <span class='ocrx_word' id='word_1_183' title='bbox 369 2296 518 2378; x_wconf 89' lang='lat' dir='ltr'>praecedit</span> <span class='ocrx_word' id='word_1_184' title='bbox 540 2295 652 2371; x_wconf 79' lang='lat' dir='ltr'>brevis,</span> <span class='ocrx_word' id='word_1_185' title='bbox 682 2296 838 2374; x_wconf 91' lang='lat' dir='ltr'>bacchius;</span> <span class='ocrx_word' id='word_1_186' title='bbox 865 2299 934 2360; x_wconf 91' lang='lat' dir='ltr'>huic</span> <span class='ocrx_word' id='word_1_187' title='bbox 959 2299 1098 2360; x_wconf 90' lang='lat' dir='ltr'>adversus</span> <span class='ocrx_word' id='word_1_188' title='bbox 1120 2299 1217 2379; x_wconf 89' lang='lat' dir='ltr'>longis</span> <span class='ocrx_word' id='word_1_189' title='bbox 1238 2301 1358 2364; x_wconf 89' lang='lat' dir='ltr'>brevem</span> 
     </span>
    </p>

    <p class='ocr_par' dir='ltr' id='par_1_8' title="bbox 10 2398 1361 3393">
     <span class='ocr_line' id='line_1_21' title="bbox 10 2398 1361 2483; baseline 0.001 -17"><span class='ocrx_word' id='word_1_190' title='bbox 10 2424 43 2467; x_wconf 79' lang='lat' dir='ltr'>ao</span> <span class='ocrx_word' id='word_1_191' title='bbox 55 2400 305 2483; x_wconf 87' lang='lat' dir='ltr'>praecedentibus</span> <span class='ocrx_word' id='word_1_192' title='bbox 329 2398 560 2479; x_wconf 92' lang='lat' dir='ltr'>palimbacchius</span> <span class='ocrx_word' id='word_1_193' title='bbox 582 2399 645 2459; x_wconf 89' lang='lat' dir='ltr'>erit.</span> <span class='ocrx_word' id='word_1_194' title='bbox 690 2406 750 2460; x_wconf 91' lang='lat' dir='ltr'>tres</span> <span class='ocrx_word' id='word_1_195' title='bbox 781 2398 884 2460; x_wconf 82' lang='lat' dir='ltr'>breves</span> <span class='ocrx_word' id='word_1_196' title='bbox 910 2399 1105 2477; x_wconf 68' lang='lat' dir='ltr'>borbonum,</span> <span class='ocrx_word' id='word_1_197' title='bbox 1137 2419 1225 2480; x_wconf 81' lang='lat' dir='ltr'>quern</span> <span class='ocrx_word' id='word_1_198' title='bbox 1254 2402 1361 2469; x_wconf 86' lang='lat' dir='ltr'>tribra-</span> 
     </span>
     <span class='ocr_line' id='line_1_22' title="bbox 57 2500 1360 2582; baseline 0.003 -18"><span class='ocrx_word' id='word_1_199' title='bbox 57 2504 137 2582; x_wconf 94' lang='lat' dir='ltr'>cbyn</span> <span class='ocrx_word' id='word_1_200' title='bbox 159 2503 262 2562; x_wconf 87' lang='lat' dir='ltr'>rolunt</span> <span class='ocrx_word' id='word_1_201' title='bbox 282 2500 340 2562; x_wconf 91' lang='lat' dir='ltr'>dici</span> <span class='ocrx_word' id='word_1_202' title='bbox 360 2500 409 2579; x_wconf 85' lang='lat' dir='ltr'>qui</span> <span class='ocrx_word' id='word_1_203' title='bbox 429 2501 537 2563; x_wconf 88' lang='lat' dir='ltr'>choreo</span> <span class='ocrx_word' id='word_1_204' title='bbox 560 2500 688 2562; x_wconf 91' lang='lat' dir='ltr'>trochaei</span> <span class='ocrx_word' id='word_1_205' title='bbox 713 2517 821 2561; x_wconf 89' lang='lat' dir='ltr'>nomen</span> <span class='ocrx_word' id='word_1_206' title='bbox 843 2500 1002 2581; x_wconf 90' lang='lat' dir='ltr'>inponunt,</span> <span class='ocrx_word' id='word_1_207' title='bbox 1034 2508 1095 2563; x_wconf 86' lang='lat' dir='ltr'>tres</span> <span class='ocrx_word' id='word_1_208' title='bbox 1121 2501 1226 2582; x_wconf 84' lang='lat' dir='ltr'>longae</span> <span class='ocrx_word' id='word_1_209' title='bbox 1249 2505 1360 2569; x_wconf 88' lang='lat' dir='ltr'>molos-</span> 
     </span>
     <span class='ocr_line' id='line_1_23' title="bbox 56 2601 271 2665; baseline -0.009 0"><span class='ocrx_word' id='word_1_210' title='bbox 56 2622 115 2665; x_wconf 87' lang='lat' dir='ltr'>son</span> <span class='ocrx_word' id='word_1_211' title='bbox 134 2601 271 2663; x_wconf 81' lang='lat' dir='ltr'>efficient</span> 
     </span>
     <span class='ocr_line' id='line_1_24' title="bbox 85 2702 1357 2785; baseline 0.009 -26"><span class='ocrx_word' id='word_1_212' title='bbox 85 2751 90 2759; x_wconf 88' lang='lat'><strong>.</strong></span> <span class='ocrx_word' id='word_1_213' title='bbox 146 2704 330 2783; x_wconf 87' lang='lat' dir='ltr'>Conponitnr</span> <span class='ocrx_word' id='word_1_214' title='bbox 347 2704 436 2782; x_wconf 88' lang='lat' dir='ltr'>igitur</span> <span class='ocrx_word' id='word_1_215' title='bbox 457 2714 487 2763; x_wconf 90' lang='lat' dir='ltr'>et</span> <span class='ocrx_word' id='word_1_216' title='bbox 509 2704 633 2765; x_wconf 89' lang='lat' dir='ltr'>struitur</span> <span class='ocrx_word' id='word_1_217' title='bbox 654 2704 750 2769; x_wconf 89' lang='lat' dir='ltr'>omnis</span> <span class='ocrx_word' id='word_1_218' title='bbox 771 2704 918 2785; x_wconf 86' lang='lat' dir='ltr'>pedestris</span> <span class='ocrx_word' id='word_1_219' title='bbox 939 2702 1031 2766; x_wconf 89' lang='lat' dir='ltr'>oratio</span> <span class='ocrx_word' id='word_1_220' title='bbox 1054 2703 1149 2765; x_wconf 87' lang='lat' dir='ltr'>verbis</span> <span class='ocrx_word' id='word_1_221' title='bbox 1172 2731 1192 2768; x_wconf 74' lang='lat' dir='ltr'>u</span> <span class='ocrx_word' id='word_1_222' title='bbox 1214 2717 1357 2769; x_wconf 85' lang='lat' dir='ltr'>commata</span> 
     </span>
     <span class='ocr_line' id='line_1_25' title="bbox 57 2803 1360 2889; baseline 0.002 -22"><span class='ocrx_word' id='word_1_223' title='bbox 57 2804 124 2867; x_wconf 89' lang='lat' dir='ltr'>cola</span> <span class='ocrx_word' id='word_1_224' title='bbox 147 2803 294 2885; x_wconf 89' lang='lat' dir='ltr'>periodos.</span> <span class='ocrx_word' id='word_1_225' title='bbox 338 2823 453 2867; x_wconf 91' lang='lat' dir='ltr'>comma</span> <span class='ocrx_word' id='word_1_226' title='bbox 476 2805 617 2879; x_wconf 89' lang='lat' dir='ltr'>incisum,</span> <span class='ocrx_word' id='word_1_227' title='bbox 639 2804 725 2866; x_wconf 90' lang='lat' dir='ltr'>colon</span> <span class='ocrx_word' id='word_1_228' title='bbox 747 2805 912 2867; x_wconf 88' lang='lat' dir='ltr'>membmm</span> <span class='ocrx_word' id='word_1_229' title='bbox 933 2805 1137 2880; x_wconf 82' lang='lat' dir='ltr'>nominamus3</span> <span class='ocrx_word' id='word_1_230' title='bbox 1160 2807 1280 2886; x_wconf 86' lang='lat' dir='ltr'>periodo</span> <span class='ocrx_word' id='word_1_231' title='bbox 1295 2808 1360 2889; x_wconf 92' lang='lat' dir='ltr'>plu·</span> 
     </span>
     <span class='ocr_line' id='line_1_26' title="bbox 10 2896 1361 2988; baseline 0.001 -17"><span class='ocrx_word' id='word_1_232' title='bbox 10 2929 44 2972; x_wconf 73' lang='lat' dir='ltr'>as</span> <span class='ocrx_word' id='word_1_233' title='bbox 58 2908 135 2969; x_wconf 87' lang='lat' dir='ltr'>rima</span> <span class='ocrx_word' id='word_1_234' title='bbox 156 2906 276 2967; x_wconf 88' lang='lat' dir='ltr'>nomina</span> <span class='ocrx_word' id='word_1_235' title='bbox 296 2906 347 2967; x_wconf 91' lang='lat' dir='ltr'>dat</span> <span class='ocrx_word' id='word_1_236' title='bbox 368 2907 486 2980; x_wconf 87' lang='lat' dir='ltr'>Cicero,</span> <span class='ocrx_word' id='word_1_237' title='bbox 516 2905 656 2968; x_wconf 89' lang='lat' dir='ltr'>ambitum</span> <span class='ocrx_word' id='word_1_238' title='bbox 679 2906 832 2970; x_wconf 91' lang='lat' dir='ltr'>circuitum</span> <span class='ocrx_word' id='word_1_239' title='bbox 861 2905 1143 2988; x_wconf 86' lang='lat' dir='ltr'>conprehensionem</span> <span class='ocrx_word' id='word_1_240' title='bbox 1166 2896 1361 2972; x_wconf 86' lang='lat' dir='ltr'>conlinnatiu-</span> 
     </span>
     <span class='ocr_line' id='line_1_27' title="bbox 56 2991 1359 3088; baseline 0.001 -18"><span class='ocrx_word' id='word_1_241' title='bbox 56 3027 129 3071; x_wconf 89' lang='lat' dir='ltr'>nem</span> <span class='ocrx_word' id='word_1_242' title='bbox 150 3008 461 3088; x_wconf 87' lang='lat' dir='ltr'>circumscriptionem.</span> <span class='ocrx_word' id='word_1_243' title='bbox 505 3009 536 3069; x_wconf 94' lang='lat' dir='ltr'>in</span> <span class='ocrx_word' id='word_1_244' title='bbox 557 3008 652 3069; x_wconf 80' lang='lat' dir='ltr'>verbis</span> <span class='ocrx_word' id='word_1_245' title='bbox 671 3009 886 3072; x_wconf 86' lang='lat' dir='ltr'>observandum</span> <span class='ocrx_word' id='word_1_246' title='bbox 909 3017 956 3071; x_wconf 91' lang='lat' dir='ltr'>est</span> <span class='ocrx_word' id='word_1_247' title='bbox 975 2991 1185 3088; x_wconf 68' lang='lat' dir='ltr'>primum,&#39;ne</span> <span class='ocrx_word' id='word_1_248' title='bbox 1204 3028 1220 3069; x_wconf 91' lang='lat' dir='ltr'>a</span> <span class='ocrx_word' id='word_1_249' title='bbox 1241 3010 1359 3071; x_wconf 89' lang='lat' dir='ltr'>maiori-</span> 
     </span>
     <span class='ocr_line' id='line_1_28' title="bbox 55 3106 1360 3191; baseline 0.001 -19"><span class='ocrx_word' id='word_1_250' title='bbox 55 3111 115 3172; x_wconf 93' lang='lat' dir='ltr'>bus</span> <span class='ocrx_word' id='word_1_251' title='bbox 138 3109 174 3170; x_wconf 89' lang='lat' dir='ltr'>ad</span> <span class='ocrx_word' id='word_1_252' title='bbox 194 3109 308 3171; x_wconf 91' lang='lat' dir='ltr'>minora</span> <span class='ocrx_word' id='word_1_253' title='bbox 331 3109 491 3171; x_wconf 89' lang='lat' dir='ltr'>descendat</span> <span class='ocrx_word' id='word_1_254' title='bbox 516 3110 719 3187; x_wconf 87' lang='lat' dir='ltr'>honoremque</span> <span class='ocrx_word' id='word_1_255' title='bbox 740 3111 844 3191; x_wconf 91' lang='lat' dir='ltr'>perdat</span> <span class='ocrx_word' id='word_1_256' title='bbox 871 3109 973 3171; x_wconf 89' lang='lat' dir='ltr'>oratio.</span> <span class='ocrx_word' id='word_1_257' title='bbox 1017 3106 1123 3168; x_wconf 90' lang='lat' dir='ltr'>melius</span> <span class='ocrx_word' id='word_1_258' title='bbox 1148 3111 1225 3171; x_wconf 90' lang='lat' dir='ltr'>enim</span> <span class='ocrx_word' id='word_1_259' title='bbox 1254 3112 1360 3174; x_wconf 92' lang='lat' dir='ltr'>dicitur</span> 
     </span>
     <span class='ocr_line' id='line_1_29' title="bbox 56 3207 1359 3290; baseline 0.002 -18"><span class='ocrx_word' id='word_1_260' title='bbox 56 3213 102 3274; x_wconf 80' lang='lat' dir='ltr'>tir</span> <span class='ocrx_word' id='word_1_261' title='bbox 123 3220 169 3273; x_wconf 89' lang='lat' dir='ltr'>est</span> <span class='ocrx_word' id='word_1_262' title='bbox 192 3211 321 3290; x_wconf 89' lang='lat' dir='ltr'>optimus</span> <span class='ocrx_word' id='word_1_263' title='bbox 344 3230 431 3290; x_wconf 88' lang='lat' dir='ltr'>qnam</span> <span class='ocrx_word' id='word_1_264' title='bbox 452 3211 496 3272; x_wconf 87' lang='lat' dir='ltr'>rir</span> <span class='ocrx_word' id='word_1_265' title='bbox 516 3210 645 3289; x_wconf 88' lang='lat' dir='ltr'>optimus</span> <span class='ocrx_word' id='word_1_266' title='bbox 670 3218 724 3272; x_wconf 88' lang='lat' dir='ltr'>est.</span> <span class='ocrx_word' id='word_1_267' title='bbox 769 3211 832 3272; x_wconf 87' lang='lat' dir='ltr'>hoc</span> <span class='ocrx_word' id='word_1_268' title='bbox 844 3211 935 3271; x_wconf 89' lang='lat' dir='ltr'>multo</span> <span class='ocrx_word' id='word_1_269' title='bbox 957 3209 1051 3287; x_wconf 91' lang='lat' dir='ltr'>magis</span> <span class='ocrx_word' id='word_1_270' title='bbox 1072 3207 1113 3268; x_wconf 91' lang='lat' dir='ltr'>ibi</span> <span class='ocrx_word' id='word_1_271' title='bbox 1135 3212 1359 3275; x_wconf 84' lang='lat' dir='ltr'>custodiendum</span> 
     </span>
     <span class='ocr_line' id='line_1_30' title="bbox 57 3309 1359 3393; baseline 0.001 -19"><span class='ocrx_word' id='word_1_272' title='bbox 57 3320 105 3374; x_wconf 90' lang='lat' dir='ltr'>est</span> <span class='ocrx_word' id='word_1_273' title='bbox 126 3311 177 3374; x_wconf 91' lang='lat' dir='ltr'>ubi</span> <span class='ocrx_word' id='word_1_274' title='bbox 197 3311 312 3391; x_wconf 91' lang='lat' dir='ltr'>singula</span> <span class='ocrx_word' id='word_1_275' title='bbox 336 3312 423 3374; x_wconf 87' lang='lat' dir='ltr'>verba</span> <span class='ocrx_word' id='word_1_276' title='bbox 450 3331 557 3375; x_wconf 90' lang='lat' dir='ltr'>sensus</span> <span class='ocrx_word' id='word_1_277' title='bbox 585 3311 689 3386; x_wconf 89' lang='lat' dir='ltr'>babet,</span> <span class='ocrx_word' id='word_1_278' title='bbox 723 3311 942 3389; x_wconf 84' lang='lat' dir='ltr'>cavendumque</span> <span class='ocrx_word' id='word_1_279' title='bbox 969 3328 1006 3371; x_wconf 88' lang='lat' dir='ltr'>ne</span> <span class='ocrx_word' id='word_1_280' title='bbox 1028 3309 1142 3371; x_wconf 79' lang='lat' dir='ltr'>fortiori</span> <span class='ocrx_word' id='word_1_281' title='bbox 1164 3313 1359 3393; x_wconf 88' lang='lat' dir='ltr'>coniungatur</span> 
     </span>
    </p>

    <p class='ocr_par' dir='ltr' id='par_1_9' title="bbox 10 3413 1370 3697">
     <span class='ocr_line' id='line_1_31' title="bbox 10 3413 1370 3494; baseline -0.001 -18"><span class='ocrx_word' id='word_1_282' title='bbox 10 3414 219 3488; x_wconf 79' lang='lat' dir='ltr'>auinhrmins,</span> <span class='ocrx_word' id='word_1_283' title='bbox 243 3421 275 3475; x_wconf 89' lang='lat' dir='ltr'>ut</span> <span class='ocrx_word' id='word_1_284' title='bbox 298 3415 441 3494; x_wconf 91' lang='lat' dir='ltr'>sacrilego</span> <span class='ocrx_word' id='word_1_285' title='bbox 463 3416 523 3488; x_wconf 85' lang='lat' dir='ltr'>sur,</span> <span class='ocrx_word' id='word_1_286' title='bbox 552 3414 715 3474; x_wconf 89' lang='lat' dir='ltr'>homicidae</span> <span class='ocrx_word' id='word_1_287' title='bbox 737 3419 899 3491; x_wconf 91' lang='lat' dir='ltr'>corruptor.</span> <span class='ocrx_word' id='word_1_288' title='bbox 944 3428 1071 3488; x_wconf 87' lang='lat' dir='ltr'>namque</span> <span class='ocrx_word' id='word_1_289' title='bbox 1092 3428 1199 3472; x_wconf 86' lang='lat' dir='ltr'>sensus</span> <span class='ocrx_word' id='word_1_290' title='bbox 1221 3413 1317 3474; x_wconf 88' lang='lat' dir='ltr'>omnis</span> <span class='ocrx_word' id='word_1_291' title='bbox 1341 3433 1370 3480; x_wconf 70' lang='lat' dir='ltr'>a,</span> 
     </span>
     <span class='ocr_line' id='line_1_32' title="bbox 56 3510 1357 3599; baseline -0.003 -21"><span class='ocrx_word' id='word_1_292' title='bbox 56 3537 148 3599; x_wconf 81' lang='lat' dir='ltr'>parvo</span> <span class='ocrx_word' id='word_1_293' title='bbox 171 3518 201 3579; x_wconf 94' lang='lat' dir='ltr'>in</span> <span class='ocrx_word' id='word_1_294' title='bbox 222 3517 316 3579; x_wconf 89' lang='lat' dir='ltr'>maius</span> <span class='ocrx_word' id='word_1_295' title='bbox 339 3515 427 3577; x_wconf 88' lang='lat' dir='ltr'>debet</span> <span class='ocrx_word' id='word_1_296' title='bbox 448 3516 610 3594; x_wconf 87' lang='lat' dir='ltr'>insurgere.</span> <span class='ocrx_word' id='word_1_297' title='bbox 655 3515 693 3576; x_wconf 92' lang='lat' dir='ltr'>sit</span> <span class='ocrx_word' id='word_1_298' title='bbox 717 3522 746 3576; x_wconf 89' lang='lat' dir='ltr'>et</span> <span class='ocrx_word' id='word_1_299' title='bbox 766 3514 815 3574; x_wconf 91' lang='lat' dir='ltr'>illa</span> <span class='ocrx_word' id='word_1_300' title='bbox 837 3511 978 3574; x_wconf 83' lang='lat' dir='ltr'>naturalis</span> <span class='ocrx_word' id='word_1_301' title='bbox 1006 3510 1187 3585; x_wconf 76' lang='lat' dir='ltr'>observatio,</span> <span class='ocrx_word' id='word_1_302' title='bbox 1216 3531 1253 3572; x_wconf 93' lang='lat' dir='ltr'>ne</span> <span class='ocrx_word' id='word_1_303' title='bbox 1275 3513 1357 3574; x_wconf 91' lang='lat' dir='ltr'>iunc-</span> 
     </span>
     <span class='ocr_line' id='line_1_33' title="bbox 55 3614 890 3697; baseline -0.006 -16"><span class='ocrx_word' id='word_1_304' title='bbox 55 3628 121 3681; x_wconf 89' lang='lat' dir='ltr'>tura</span> <span class='ocrx_word' id='word_1_305' title='bbox 144 3618 299 3680; x_wconf 88' lang='lat' dir='ltr'>verborum</span> <span class='ocrx_word' id='word_1_306' title='bbox 319 3616 523 3697; x_wconf 91' lang='lat' dir='ltr'>cacenphaton</span> <span class='ocrx_word' id='word_1_307' title='bbox 543 3626 644 3692; x_wconf 90' lang='lat' dir='ltr'>sonet,</span> <span class='ocrx_word' id='word_1_308' title='bbox 668 3614 752 3696; x_wconf 91' lang='lat' dir='ltr'>quale</span> <span class='ocrx_word' id='word_1_309' title='bbox 774 3623 821 3676; x_wconf 91' lang='lat' dir='ltr'>est</span> <span class='ocrx_word' id='word_1_310' title='bbox 887 3636 890 3641; x_wconf 89' lang='lat'>·</span> 
     </span>
    </p>

    <p class='ocr_par' dir='ltr' id='par_1_10' title="bbox 10 3714 1356 4004">
     <span class='ocr_line' id='line_1_34' title="bbox 487 3714 1191 3792; baseline -0.004 -14"><span class='ocrx_word' id='word_1_311' title='bbox 487 3727 522 3779; x_wconf 91' lang='lat' dir='ltr'>et</span> <span class='ocrx_word' id='word_1_312' title='bbox 542 3736 734 3780; x_wconf 89' lang='lat' dir='ltr'>numerum</span> <span class='ocrx_word' id='word_1_313' title='bbox 757 3735 836 3781; x_wconf 88' lang='lat' dir='ltr'>cum</span> <span class='ocrx_word' id='word_1_314' title='bbox 858 3714 1021 3777; x_wconf 90' lang='lat' dir='ltr'>navibus</span> <span class='ocrx_word' id='word_1_315' title='bbox 1043 3721 1191 3792; x_wconf 80' lang='lat' dir='ltr'>aequet</span> 
     </span>
     <span class='ocr_line' id='line_1_35' title="bbox 55 3814 1356 3902; baseline -0.008 -18"><span class='ocrx_word' id='word_1_316' title='bbox 55 3824 103 3884; x_wconf 93' lang='lat' dir='ltr'>illa</span> <span class='ocrx_word' id='word_1_317' title='bbox 135 3841 252 3902; x_wconf 87' lang='lat' dir='ltr'>quoque</span> <span class='ocrx_word' id='word_1_318' title='bbox 281 3820 445 3902; x_wconf 88' lang='lat' dir='ltr'>conpositio</span> <span class='ocrx_word' id='word_1_319' title='bbox 474 3821 626 3899; x_wconf 80' lang='lat' dir='ltr'>fugienda,</span> <span class='ocrx_word' id='word_1_320' title='bbox 658 3828 689 3880; x_wconf 91' lang='lat' dir='ltr'>ut</span> <span class='ocrx_word' id='word_1_321' title='bbox 715 3818 841 3899; x_wconf 91' lang='lat' dir='ltr'>syllabae</span> <span class='ocrx_word' id='word_1_322' title='bbox 869 3818 944 3879; x_wconf 91' lang='lat' dir='ltr'>duae</span> <span class='ocrx_word' id='word_1_323' title='bbox 971 3817 1105 3899; x_wconf 88' lang='lat' dir='ltr'>pluresve</span> <span class='ocrx_word' id='word_1_324' title='bbox 1128 3833 1203 3895; x_wconf 81' lang='lat' dir='ltr'>quae</span> <span class='ocrx_word' id='word_1_325' title='bbox 1229 3814 1356 3893; x_wconf 85' lang='lat' dir='ltr'>priorem</span> 
     </span>
     <span class='ocr_line' id='line_1_36' title="bbox 10 3920 1128 4004; baseline -0.008 -18"><span class='ocrx_word' id='word_1_326' title='bbox 10 3941 179 3989; x_wconf 73' lang='lat' dir='ltr'>assensum</span> <span class='ocrx_word' id='word_1_327' title='bbox 201 3925 359 3986; x_wconf 90' lang='lat' dir='ltr'>terminant</span> <span class='ocrx_word' id='word_1_328' title='bbox 379 3925 409 3985; x_wconf 94' lang='lat' dir='ltr'>in</span> <span class='ocrx_word' id='word_1_329' title='bbox 428 3924 522 4004; x_wconf 92' lang='lat' dir='ltr'>prima</span> <span class='ocrx_word' id='word_1_330' title='bbox 544 3920 716 4003; x_wconf 89' lang='lat' dir='ltr'>posterioris</span> <span class='ocrx_word' id='word_1_331' title='bbox 738 3938 845 3981; x_wconf 90' lang='lat' dir='ltr'>sensus</span> <span class='ocrx_word' id='word_1_332' title='bbox 867 3927 950 3998; x_wconf 88' lang='lat' dir='ltr'>parte</span> <span class='ocrx_word' id='word_1_333' title='bbox 972 3926 1128 3999; x_wconf 91' lang='lat' dir='ltr'>ponantur,</span> 
     </span>
    </p>
   </div>
   <div class='ocr_carea' id='block_1_4' title="bbox 48 4091 1356 4793">
    <p class='ocr_par' dir='ltr' id='par_1_11' title="bbox 48 4091 1356 4793">
     <span class='ocr_line' id='line_1_37' title="bbox 125 4091 1296 4169; baseline -0.007 -17"><span class='ocrx_word' id='word_1_334' title='bbox 125 4103 194 4152; x_wconf 76' lang='lat' dir='ltr'>2ad</span> <span class='ocrx_word' id='word_1_335' title='bbox 210 4117 306 4169; x_wconf 86' lang='lat' dir='ltr'>genere</span> <span class='ocrx_word' id='word_1_336' title='bbox 321 4100 381 4150; x_wconf 92' lang='grc' dir='ltr'>ΑΜ</span> <span class='ocrx_word' id='word_1_337' title='bbox 396 4115 412 4148; x_wconf 86' lang='lat' dir='ltr'>a</span> <span class='ocrx_word' id='word_1_338' title='bbox 430 4113 524 4164; x_wconf 84' lang='lat' dir='ltr'>genere</span> <span class='ocrx_word' id='word_1_339' title='bbox 542 4098 568 4148; x_wconf 87' lang='lat' dir='ltr'><em>B</em></span> <span class='ocrx_word' id='word_1_340' title='bbox 637 4097 744 4149; x_wconf 87' lang='lat' dir='ltr'>trabitur</span> <span class='ocrx_word' id='word_1_341' title='bbox 761 4096 787 4145; x_wconf 85' lang='lat' dir='ltr'><em>B</em></span> <span class='ocrx_word' id='word_1_342' title='bbox 804 4094 881 4145; x_wconf 89' lang='lat' dir='ltr'>trahit</span> <span class='ocrx_word' id='word_1_343' title='bbox 899 4094 957 4143; x_wconf 84' lang='lat' dir='ltr'>AM</span> <span class='ocrx_word' id='word_1_344' title='bbox 1025 4091 1195 4158; x_wconf 82' lang='lat' dir='ltr'>3eollegitnr</span> <span class='ocrx_word' id='word_1_345' title='bbox 1211 4093 1296 4144; x_wconf 93' lang='grc' dir='ltr'>ΑΒΜ</span> 
     </span>
     <span class='ocr_line' id='line_1_38' title="bbox 57 4162 1356 4230; baseline -0.01 -6"><span class='ocrx_word' id='word_1_346' title='bbox 57 4174 89 4224; x_wconf 90' lang='grc'>10</span> <span class='ocrx_word' id='word_1_347' title='bbox 107 4173 160 4223; x_wconf 87' lang='lat' dir='ltr'>Sed</span> <span class='ocrx_word' id='word_1_348' title='bbox 175 4199 210 4208; x_wconf 96' lang='lat'>—</span> <span class='ocrx_word' id='word_1_349' title='bbox 227 4172 261 4221; x_wconf 79' lang='lat'>22</span> <span class='ocrx_word' id='word_1_350' title='bbox 279 4169 390 4220; x_wconf 80' lang='lat' dir='ltr'>efficient</span> <span class='ocrx_word' id='word_1_351' title='bbox 409 4169 509 4230; x_wconf 80' lang='lat' dir='ltr'>Quintil.</span> <span class='ocrx_word' id='word_1_352' title='bbox 530 4169 588 4218; x_wconf 85' lang='lat' dir='ltr'>incl.</span> <span class='ocrx_word' id='word_1_353' title='bbox 608 4168 679 4217; x_wconf 93' lang='lat' dir='ltr'>Vllll</span> <span class='ocrx_word' id='word_1_354' title='bbox 698 4168 723 4226; x_wconf 78' lang='lat' dir='ltr'>d,</span> <span class='ocrx_word' id='word_1_355' title='bbox 742 4163 776 4214; x_wconf 80' lang='lat'>79</span> <span class='ocrx_word' id='word_1_356' title='bbox 863 4163 896 4213; x_wconf 89' lang='lat' dir='ltr'>ad</span> <span class='ocrx_word' id='word_1_357' title='bbox 914 4179 961 4215; x_wconf 80' lang='lat' dir='ltr'>om.</span> <span class='ocrx_word' id='word_1_358' title='bbox 978 4162 1070 4222; x_wconf 86' lang='grc' dir='ltr'><em>ΑΒΜ,</em></span> <span class='ocrx_word' id='word_1_359' title='bbox 1088 4163 1149 4213; x_wconf 72' lang='lat' dir='ltr'>aad.</span> <span class='ocrx_word' id='word_1_360' title='bbox 1169 4175 1187 4219; x_wconf 84' lang='grc' dir='ltr'><strong><em>ς</em></strong></span> <span class='ocrx_word' id='word_1_361' title='bbox 1268 4162 1296 4212; x_wconf 91' lang='grc'>11</span> <span class='ocrx_word' id='word_1_362' title='bbox 1317 4172 1356 4211; x_wconf 83' lang='lat' dir='ltr'>est</span> 
     </span>
     <span class='ocr_line' id='line_1_39' title="bbox 55 4229 1354 4296; baseline -0.012 -1"><span class='ocrx_word' id='word_1_363' title='bbox 55 4261 100 4295; x_wconf 81' lang='lat' dir='ltr'>orn.</span> <span class='ocrx_word' id='word_1_364' title='bbox 120 4242 147 4292; x_wconf 91' lang='lat' dir='ltr'><em>B</em></span> <span class='ocrx_word' id='word_1_365' title='bbox 228 4254 315 4291; x_wconf 90' lang='lat' dir='ltr'>eorum</span> <span class='ocrx_word' id='word_1_366' title='bbox 332 4257 378 4292; x_wconf 85' lang='lat' dir='ltr'>orn.</span> <span class='ocrx_word' id='word_1_367' title='bbox 399 4239 425 4289; x_wconf 88' lang='lat' dir='ltr'><em>B</em></span> <span class='ocrx_word' id='word_1_368' title='bbox 505 4234 537 4285; x_wconf 87' lang='grc'>16</span> <span class='ocrx_word' id='word_1_369' title='bbox 555 4245 707 4286; x_wconf 84' lang='lat' dir='ltr'>retroactum</span> <span class='ocrx_word' id='word_1_370' title='bbox 726 4235 892 4296; x_wconf 75' lang='lat' dir='ltr'>Quintilianus</span> <span class='ocrx_word' id='word_1_371' title='bbox 909 4240 1062 4282; x_wconf 86' lang='lat' dir='ltr'>rectoactnm</span> <span class='ocrx_word' id='word_1_372' title='bbox 1079 4231 1166 4281; x_wconf 97' lang='grc' dir='ltr'>ΑΒΜ</span> <span class='ocrx_word' id='word_1_373' title='bbox 1249 4229 1284 4280; x_wconf 81' lang='lat'>20</span> <span class='ocrx_word' id='word_1_374' title='bbox 1303 4241 1354 4281; x_wconf 89' lang='lat' dir='ltr'>tro·</span> 
     </span>
     <span class='ocr_line' id='line_1_40' title="bbox 55 4299 1354 4371; baseline -0.011 -9"><span class='ocrx_word' id='word_1_375' title='bbox 55 4312 161 4362; x_wconf 81' lang='lat' dir='ltr'>abacum</span> <span class='ocrx_word' id='word_1_376' title='bbox 180 4326 227 4361; x_wconf 82' lang='lat' dir='ltr'>orrr.</span> <span class='ocrx_word' id='word_1_377' title='bbox 246 4308 344 4371; x_wconf 90' lang='grc' dir='ltr'><em>ΑΒΜ,</em></span> <span class='ocrx_word' id='word_1_378' title='bbox 372 4308 462 4359; x_wconf 81' lang='lat' dir='ltr'>addidi</span> <span class='ocrx_word' id='word_1_379' title='bbox 476 4322 511 4355; x_wconf 77' lang='lat' dir='ltr'>ex</span> <span class='ocrx_word' id='word_1_380' title='bbox 529 4303 697 4366; x_wconf 83' lang='lat' dir='ltr'>Quintiliano:</span> <span class='ocrx_word' id='word_1_381' title='bbox 727 4319 786 4352; x_wconf 90' lang='lat' dir='ltr'>eum</span> <span class='ocrx_word' id='word_1_382' title='bbox 804 4318 880 4367; x_wconf 90' lang='lat' dir='ltr'>quem</span> <span class='ocrx_word' id='word_1_383' title='bbox 898 4300 1044 4365; x_wconf 87' lang='lat' dir='ltr'>tribrachyn</span> <span class='ocrx_word' id='word_1_384' title='bbox 1061 4300 1151 4349; x_wconf 87' lang='lat' dir='ltr'>nolunt</span> <span class='ocrx_word' id='word_1_385' title='bbox 1174 4299 1239 4361; x_wconf 86' lang='lat' dir='ltr'>dici,</span> <span class='ocrx_word' id='word_1_386' title='bbox 1265 4300 1306 4349; x_wconf 92' lang='lat' dir='ltr'>eni</span> <span class='ocrx_word' id='word_1_387' title='bbox 1329 4309 1354 4348; x_wconf 87' lang='lat' dir='ltr'>et</span> 
     </span>
     <span class='ocr_line' id='line_1_41' title="bbox 53 4367 1354 4443; baseline -0.011 -12"><span class='ocrx_word' id='word_1_388' title='bbox 53 4382 146 4431; x_wconf 86' lang='lat' dir='ltr'>choreo</span> <span class='ocrx_word' id='word_1_389' title='bbox 166 4394 259 4429; x_wconf 86' lang='lat' dir='ltr'>nomen</span> <span class='ocrx_word' id='word_1_390' title='bbox 275 4381 408 4443; x_wconf 89' lang='lat' dir='ltr'>imponunt</span> <span class='ocrx_word' id='word_1_391' title='bbox 425 4391 443 4432; x_wconf 88' lang='grc' dir='ltr'>ς</span> <span class='ocrx_word' id='word_1_392' title='bbox 528 4374 561 4424; x_wconf 79' lang='lat'>23</span> <span class='ocrx_word' id='word_1_393' title='bbox 580 4374 737 4439; x_wconf 78' lang='lat' dir='ltr'>eonponuur</span> <span class='ocrx_word' id='word_1_394' title='bbox 752 4399 786 4409; x_wconf 93' lang='lat'><strong>—</strong></span> <span class='ocrx_word' id='word_1_395' title='bbox 803 4373 838 4421; x_wconf 77' lang='lat'>24</span> <span class='ocrx_word' id='word_1_396' title='bbox 855 4370 974 4437; x_wconf 86' lang='lat' dir='ltr'>periodos</span> <span class='ocrx_word' id='word_1_397' title='bbox 991 4369 1089 4420; x_wconf 80' lang='lat' dir='ltr'>Isidor.</span> <span class='ocrx_word' id='word_1_398' title='bbox 1108 4370 1131 4419; x_wconf 96' lang='lat' dir='ltr'>ll</span> <span class='ocrx_word' id='word_1_399' title='bbox 1151 4368 1183 4418; x_wconf 88' lang='lat'>18</span> <span class='ocrx_word' id='word_1_400' title='bbox 1268 4367 1354 4418; x_wconf 86' lang='lat' dir='ltr'>uerbis</span> 
     </span>
     <span class='ocr_line' id='line_1_42' title="bbox 53 4437 1354 4513; baseline -0.012 -12"><span class='ocrx_word' id='word_1_401' title='bbox 53 4449 221 4501; x_wconf 83' lang='lat' dir='ltr'>commatibus</span> <span class='ocrx_word' id='word_1_402' title='bbox 240 4448 303 4497; x_wconf 86' lang='lat' dir='ltr'>colis</span> <span class='ocrx_word' id='word_1_403' title='bbox 321 4447 434 4513; x_wconf 82' lang='lat' dir='ltr'>periodis</span> <span class='ocrx_word' id='word_1_404' title='bbox 453 4457 478 4500; x_wconf 85' lang='grc' dir='ltr'>ς.</span> <span class='ocrx_word' id='word_1_405' title='bbox 507 4446 598 4493; x_wconf 84' lang='lat' dir='ltr'>lacuna</span> <span class='ocrx_word' id='word_1_406' title='bbox 618 4459 692 4509; x_wconf 84' lang='lat' dir='ltr'>quarn</span> <span class='ocrx_word' id='word_1_407' title='bbox 707 4442 820 4493; x_wconf 78' lang='lat' dir='ltr'>indicavi</span> <span class='ocrx_word' id='word_1_408' title='bbox 835 4441 952 4490; x_wconf 67' lang='lat' dir='ltr'>vldentm</span> <span class='ocrx_word' id='word_1_409' title='bbox 968 4439 1092 4505; x_wconf 77' lang='lat' dir='ltr'>qrmedmrt</span> <span class='ocrx_word' id='word_1_410' title='bbox 1109 4438 1245 4497; x_wconf 71' lang='lat' dir='ltr'>excidisse,</span> <span class='ocrx_word' id='word_1_411' title='bbox 1265 4437 1354 4502; x_wconf 77' lang='lat' dir='ltr'>quibua</span> 
     </span>
     <span class='ocr_line' id='line_1_43' title="bbox 53 4505 1305 4580; baseline -0.012 -9"><span class='ocrx_word' id='word_1_412' title='bbox 53 4521 131 4571; x_wconf 79' lang='lat' dir='ltr'>rerba</span> <span class='ocrx_word' id='word_1_413' title='bbox 148 4522 176 4569; x_wconf 85' lang='lat' dir='ltr'>ln</span> <span class='ocrx_word' id='word_1_414' title='bbox 194 4525 315 4569; x_wconf 74' lang='lat' dir='ltr'>cometa</span> <span class='ocrx_word' id='word_1_415' title='bbox 330 4521 388 4568; x_wconf 84' lang='lat' dir='ltr'>cola</span> <span class='ocrx_word' id='word_1_416' title='bbox 402 4514 525 4580; x_wconf 81' lang='lat' dir='ltr'>periodos</span> <span class='ocrx_word' id='word_1_417' title='bbox 543 4515 612 4578; x_wconf 83' lang='lat' dir='ltr'>iunpi</span> <span class='ocrx_word' id='word_1_418' title='bbox 626 4514 717 4562; x_wconf 75' lang='lat' dir='ltr'>diction</span> <span class='ocrx_word' id='word_1_419' title='bbox 731 4510 784 4574; x_wconf 74' lang='lat' dir='ltr'>fuit</span> <span class='ocrx_word' id='word_1_420' title='bbox 852 4510 887 4559; x_wconf 79' lang='grc'>24</span> <span class='ocrx_word' id='word_1_421' title='bbox 904 4507 1042 4574; x_wconf 88' lang='lat' dir='ltr'>perihodos</span> <span class='ocrx_word' id='word_1_422' title='bbox 1063 4507 1088 4556; x_wconf 95' lang='grc' dir='ltr'><em>Α</em></span> <span class='ocrx_word' id='word_1_423' title='bbox 1104 4505 1226 4572; x_wconf 88' lang='lat' dir='ltr'>periodus</span> <span class='ocrx_word' id='word_1_424' title='bbox 1244 4506 1305 4556; x_wconf 90' lang='grc' dir='ltr'>ΒΜ</span> 
     </span>
     <span class='ocr_line' id='line_1_44' title="bbox 51 4572 1352 4656; baseline -0.01 -17"><span class='ocrx_word' id='word_1_425' title='bbox 51 4589 158 4656; x_wconf 86' lang='lat' dir='ltr'>periodo</span> <span class='ocrx_word' id='word_1_426' title='bbox 176 4587 344 4648; x_wconf 77' lang='lat' dir='ltr'>Quintilianus</span> <span class='ocrx_word' id='word_1_427' title='bbox 361 4585 432 4634; x_wconf 94' lang='lat' dir='ltr'>Vllll</span> <span class='ocrx_word' id='word_1_428' title='bbox 450 4584 475 4642; x_wconf 79' lang='lat' dir='ltr'>d,</span> <span class='ocrx_word' id='word_1_429' title='bbox 496 4581 544 4631; x_wconf 78' lang='lat' dir='ltr'>lat</span> <span class='ocrx_word' id='word_1_430' title='bbox 564 4580 683 4648; x_wconf 81' lang='lat' dir='ltr'>periodos</span> <span class='ocrx_word' id='word_1_431' title='bbox 701 4579 762 4629; x_wconf 85' lang='grc' dir='ltr'>ΒΜ</span> <span class='ocrx_word' id='word_1_432' title='bbox 777 4577 916 4645; x_wconf 89' lang='lat' dir='ltr'>perihodos</span> <span class='ocrx_word' id='word_1_433' title='bbox 933 4578 958 4625; x_wconf 83' lang='lat' dir='ltr'><em>A</em></span> <span class='ocrx_word' id='word_1_434' title='bbox 1043 4576 1077 4624; x_wconf 79' lang='grc'>25</span> <span class='ocrx_word' id='word_1_435' title='bbox 1096 4573 1198 4637; x_wconf 77' lang='lat' dir='ltr'>Cicero]</span> <span class='ocrx_word' id='word_1_436' title='bbox 1218 4572 1290 4626; x_wconf 84' lang='lat' dir='ltr'>Orat.</span> <span class='ocrx_word' id='word_1_437' title='bbox 1308 4575 1352 4635; x_wconf 85' lang='grc'>61,</span> 
     </span>
     <span class='ocr_line' id='line_1_45' title="bbox 50 4643 1352 4708; baseline -0.012 0"><span class='ocrx_word' id='word_1_438' title='bbox 50 4659 103 4708; x_wconf 70' lang='grc'>204</span> <span class='ocrx_word' id='word_1_439' title='bbox 176 4658 209 4706; x_wconf 78' lang='grc'>27</span> <span class='ocrx_word' id='word_1_440' title='bbox 226 4655 359 4705; x_wconf 87' lang='lat' dir='ltr'>discendat</span> <span class='ocrx_word' id='word_1_441' title='bbox 379 4653 408 4701; x_wconf 87' lang='lat' dir='ltr'><em>M</em></span> <span class='ocrx_word' id='word_1_442' title='bbox 478 4651 513 4701; x_wconf 79' lang='grc'>29</span> <span class='ocrx_word' id='word_1_443' title='bbox 530 4651 606 4700; x_wconf 86' lang='lat' dir='ltr'>habet</span> <span class='ocrx_word' id='word_1_444' title='bbox 624 4649 684 4699; x_wconf 90' lang='grc' dir='ltr'>ΑΜ</span> <span class='ocrx_word' id='word_1_445' title='bbox 697 4658 737 4699; x_wconf 84' lang='grc' dir='ltr'>εει</span> <span class='ocrx_word' id='word_1_446' title='bbox 752 4649 778 4698; x_wconf 90' lang='grc' dir='ltr'><em>Β</em></span> <span class='ocrx_word' id='word_1_447' title='bbox 795 4646 924 4702; x_wconf 75' lang='lat' dir='ltr'>babent5</span> <span class='ocrx_word' id='word_1_448' title='bbox 999 4644 1190 4707; x_wconf 85' lang='lat' dir='ltr'>cavendumque</span> <span class='ocrx_word' id='word_1_449' title='bbox 1208 4671 1244 4680; x_wconf 94' lang='lat'>-</span> <span class='ocrx_word' id='word_1_450' title='bbox 1261 4643 1293 4695; x_wconf 84' lang='lat'>31</span> <span class='ocrx_word' id='word_1_451' title='bbox 1314 4644 1352 4692; x_wconf 87' lang='lat' dir='ltr'>in-</span> 
     </span>
     <span class='ocr_line' id='line_1_46' title="bbox 48 4708 1352 4793; baseline -0.012 -15"><span class='ocrx_word' id='word_1_452' title='bbox 48 4742 158 4793; x_wconf 73' lang='lat' dir='ltr'>surgere</span> <span class='ocrx_word' id='word_1_453' title='bbox 177 4726 278 4787; x_wconf 86' lang='lat' dir='ltr'>Quintil.</span> <span class='ocrx_word' id='word_1_454' title='bbox 300 4724 371 4773; x_wconf 91' lang='lat' dir='ltr'>Vllll</span> <span class='ocrx_word' id='word_1_455' title='bbox 390 4725 418 4784; x_wconf 82' lang='lat' dir='ltr'>d,</span> <span class='ocrx_word' id='word_1_456' title='bbox 437 4720 472 4772; x_wconf 81' lang='lat'>&#39;23</span> <span class='ocrx_word' id='word_1_457' title='bbox 559 4720 594 4771; x_wconf 83' lang='lat'>30</span> <span class='ocrx_word' id='word_1_458' title='bbox 616 4718 741 4769; x_wconf 82' lang='lat' dir='ltr'>infirmius</span> <span class='ocrx_word' id='word_1_459' title='bbox 765 4717 932 4779; x_wconf 78' lang='lat' dir='ltr'>Quintilianus</span> <span class='ocrx_word' id='word_1_460' title='bbox 955 4714 1071 4764; x_wconf 81' lang='lat' dir='ltr'>infirmus</span> <span class='ocrx_word' id='word_1_461' title='bbox 1089 4711 1176 4763; x_wconf 87' lang='grc' dir='ltr'>ΑΒΜ</span> <span class='ocrx_word' id='word_1_462' title='bbox 1259 4711 1294 4764; x_wconf 82' lang='grc'>33</span> <span class='ocrx_word' id='word_1_463' title='bbox 1315 4708 1352 4778; x_wconf 85' lang='grc' dir='ltr'><strong>ει]</strong></span> 
     </span>
    </p>
   </div>
   <div class='ocr_carea' id='block_1_5' title="bbox 51 4793 514 4861">
    <p class='ocr_par' dir='ltr' id='par_1_12' title="bbox 51 4793 514 4861">
     <span class='ocr_line' id='line_1_47' title="bbox 51 4793 514 4861; baseline -0.024 -11"><span class='ocrx_word' id='word_1_464' title='bbox 51 4800 135 4861; x_wconf 78' lang='lat' dir='ltr'>Verg.</span> <span class='ocrx_word' id='word_1_465' title='bbox 151 4796 219 4845; x_wconf 82' lang='lat' dir='ltr'>Aen.</span> <span class='ocrx_word' id='word_1_466' title='bbox 238 4794 248 4842; x_wconf 98' lang='lat' dir='ltr'>l</span> <span class='ocrx_word' id='word_1_467' title='bbox 269 4793 317 4843; x_wconf 80' lang='lat'>193</span> <span class='ocrx_word' id='word_1_468' title='bbox 388 4800 478 4854; x_wconf 86' lang='lat' dir='ltr'>aequat</span> <span class='ocrx_word' id='word_1_469' title='bbox 497 4804 514 4847; x_wconf 85' lang='grc' dir='ltr'><strong><em>ς</em></strong></span> 
     </span>
    </p>
   </div>
   <div class='ocr_carea' id='block_1_6' title="bbox 0 0 1562 5356">
    <p class='ocr_par' dir='ltr' id='par_1_13' title="bbox 0 0 1562 5356">
     <span class='ocr_line' id='line_1_48' title="bbox 0 0 1562 5356; baseline 0 2"><span class='ocrx_word' id='word_1_470' title='bbox 0 0 1562 5356; x_wconf 95' lang='lat' dir='ltr'> </span> 
     </span>
    </p>
   </div>
  </div>
 </body>
</html>
