3114 5356
149 279 209 341 100
713 269 876 341 cutulsll
989 326 992 335 .

215 394 270 436 ‚ru
318 392 344 437 r.
1302 423 1308 436 .

148 467 173 529 si
192 395 342 545 genstiens
370 471 525 544 sequatur,
553 464 609 526 erit
630 484 755 540 nomen,
776 473 811 526 ut
836 465 996 527 observans
1017 465 1165 545 magistri,
1189 395 1442 544 ugiuisiiimm,

146 566 259 629 iactans
282 566 343 642 sui,
368 575 398 629 et
417 575 487 629 tuuc
505 567 609 646 recipit
631 566 885 650 conparationem,
908 576 940 631 ut

173 680 178 689 “
322 738 328 750 ,
722 669 1083 733 iactantiorhncus.

232 771 398 852 Lougitudo
414 788 571 835 mensurae
588 779 649 846 est,
671 770 870 851 longinquitas
893 771 1024 850 regionis
1045 769 1090 832 vel
1111 770 1261 851 temporis.

231 874 307 936 Lora
328 879 462 959 correpta
486 873 579 953 prima
604 872 714 953 syllaba
735 879 765 934 et
785 872 924 934 feminino
946 891 1053 953 genere
1075 872 1197 934 dicenda
1222 881 1282 948 est,
1301 892 1371 935 arm
1392 875 1468 936 tri-a

145 995 217 1038 nem
241 993 326 1057 aqua
351 981 530 1054 corruptum
553 975 725 1057 eipmlicot,
753 973 896 1055 producta
922 982 1019 1037 autern
1040 975 1210 1037 neutraliter
1233 995 1250 1037 e
1275 976 1355 1038 corio
1378 979 1442 1039 vin-

147 1077 228 1154 cula,
249 1085 282 1138 ut
301 1084 330 1138 et
347 1077 476 1140 Lucilius
501 1078 532 1140 iu
553 1078 630 1140 Vllll

311 1258 313 1262 Ι
519 1181 598 1268 ipsa
617 1179 648 1241 si
669 1197 708 1240 se
729 1178 835 1240 corio
856 1177 978 1239 omnia
1003 1176 1092 1240 lore.

228 1284 322 1346 Arabs
344 1291 373 1344 et
388 1282 501 1344 Arabus
523 1281 600 1343 varic
621 1280 745 1342 dicimus
768 1287 797 1341 et
818 1280 896 1342 vario
918 1269 1129 1342 declinamus(
1151 1298 1219 1341 uam
1240 1282 1276 1343 ab
1302 1301 1337 1344 eo
1360 1283 1441 1362 quod

147 1394 193 1450 est
212 1385 305 1447 Arabs
327 1383 415 1447 huius
436 1382 538 1444 Arabis
556 1392 586 1444 et
603 1383 672 1444 huic
688 1381 776 1451 Arabi
797 1382 937 1457 iacimus,
956 1381 1106 1463 pluraliter
1128 1379 1158 1441 hi
1178 1383 1288 1445 Arabes
1308 1385 1438 1446 Arabum
1455 1397 1476 1440 rt

145 1488 305 1563 hrabibus;
326 1484 439 1547 Arabus
460 1503 528 1545 sero
549 1481 637 1547 buius
656 1483 743 1546 Arabi
761 1484 832 1546 lacit
847 1469 879 1546 =ct
899 1485 968 1546 huic
989 1484 1101 1559 Arabo,
1130 1483 1280 1565 pluraliter
1301 1486 1331 1547 hi
1352 1487 1440 1548 Arabi

145 1592 307 1654 hrabomm
328 1586 441 1649 Arabis.
484 1587 562 1648 unde
584 1594 614 1648 et
633 1587 774 1666 Vergilius

154 1756 164 1775 ο
310 1689 536 1751 hircanisre
560 1689 767 1766 Arabisque
794 1698 938 1770 parant.

171 1829 174 1835 ·
230 1795 393 1876 Amphora,
423 1791 448 1852 si
476 1791 621 1866 declines,
646 1791 854 1871 amphorarum
875 1792 959 1868 lacit;
985 1800 1015 1854 ot
1036 1810 1071 1852 ex
1089 1791 1146 1853 hoc
1168 1791 1289 1854 iunctim
1312 1792 1336 1875 ll
1359 1791 1440 1855 milia

145 1900 319 1981 amphomm
338 1893 470 1956 dicimus.
512 1894 584 1956 item
604 1892 734 1956 modium
754 1894 921 1956 sestertium
941 1913 1100 1956 nummum.
1453 1908 1476 1953 rs

230 2000 327 2062 Cliens
348 1996 512 2059 communis
531 1997 655 2076 poneris
673 2006 733 2074 est3
755 1997 918 2060 inienimus
939 2004 1035 2057 tamen
1057 2006 1087 2058 et
1103 1998 1238 2060 clientum
1260 1997 1336 2076 apud
1355 1998 1439 2060 Aira-

145 2104 227 2170 nium
251 2103 281 2164 in
301 2100 428 2180 Pompa,
448 2097 620 2175 finierim
643 2107 705 2162 tna
723 2099 897 2173 clienta',
919 2105 950 2159 et
969 2099 1047 2178 apud
1068 2100 1222 2163 Horatium

309 2221 375 2264 nec
397 2170 606 2264 hiouicas
627 2202 718 2262 mihi

309 2304 463 2366 trabunt
484 2304 672 2366 honestae
700 2322 886 2386 purpuras
907 2301 1083 2363 clioutae.

145 2408 277 2472 similiter
303 2413 331 2467 et
358 2404 468 2486 hospes
495 2424 562 2466 cum
584 2405 622 2473 sit
644 2405 807 2468 communis
830 2404 961 2484 generis,
982 2404 1098 2485 hospite
1120 2421 1237 2482 quoque
1259 2403 1383 2479 dicitur,
1406 2415 1476 2467 utar

144 2508 285 2589 Vergilius

472 2606 630 2682 bellum,
655 2629 673 2670 o
691 2617 794 2672 terra
814 2610 983 2692 hospita,
1005 2616 1147 2690 portas.

144 2721 174 2775 et
200 2712 322 2774 antistes
348 2708 437 2770 habet
462 2709 638 2786 antistitum,
667 2720 701 2773 ut
718 2712 807 2773 Varro
829 2711 991 2774 divinarum
1014 2711 1067 2773 llll
1090 2719 1120 2772 et
1141 2711 1243 2772 Cicero
1264 2711 1295 2771 iu
1316 2696 1435 2774 Veirem

52 2894 54 2899 ⁴
144 2814 198 2875 llll
220 2822 250 2874 et
270 2810 349 2873 Polio
369 2811 543 2872 ‘Veneris
565 2813 740 2874 antistita
762 2814 916 2892 Cupra';
943 2815 996 2876 sed
1016 2823 1044 2875 et
1069 2812 1221 2875 Cornelius
1245 2813 1373 2876 Severus

307 2913 435 2975 stabat
455 2913 554 2993 apud
576 2934 704 2976 sacras
726 2916 904 2979 antistita
926 2917 1088 2979 numinis
1111 2934 1204 2976 aras.
1445 2940 1472 2984 ι

227 3015 321 3078 lutiba
342 3022 446 3075 neutro
468 3032 575 3093 genere
596 3016 738 3096 Vergilius
756 3017 842 3094 dixit,

637 3127 672 3179 et
691 3120 827 3183 amaris
848 3121 969 3183 intiba
991 3121 1118 3195 libris,

84 3255 87 3260 ·
143 3231 172 3284 et
196 3222 238 3283 sic
261 3219 344 3281 multi
371 3216 558 3280 emditomm.
603 3219 655 3282 sed
678 3228 708 3282 ct
727 3221 889 3283 masculino
917 3242 1024 3301 genere
1052 3225 1220 3301 frequenter
1247 3241 1263 3282 a
1288 3224 1433 3286 veteribus

142 3325 251 3387 dictum
273 3331 327 3384 est.
372 3340 440 3383 narn
460 3321 589 3384 Lucilius
609 3323 640 3384 iu
659 3323 681 3382 V
704 3323 839 3386 deridens
858 3324 998 3387 rusticam
1019 3343 1122 3386 cenam
1143 3326 1320 3386 enumeratis
1336 3327 1434 3388 multis

141 3426 240 3489 herbis
1068 3481 1077 3497 .
1445 3455 1472 3499 s·

306 3527 450 3590 iniibus
472 3536 676 3607 praeterea
698 3526 857 3610 pedibus
873 3524 1117 3613 {iperscrpsit
1139 3528 1306 3606 equiuiS,

141 3642 170 3694 et
188 3632 325 3694 Aemilius
345 3631 442 3691 Macer

511 3733 644 3812 quales
667 3742 751 3815 aget
772 3710 931 3796 intubus
951 3733 1099 3796 herbas.

207 3919 394 3986 dioctentior]
424 3922 503 3987 Verp.
523 3921 589 3976 Aen.
609 3924 711 3974 111816
798 3922 1023 3986 dlonquinquitos
1043 3923 1069 3972 N
1154 3924 1245 3973 {rcum
1261 3922 1348 3970 viuum
1366 3936 1434 3986 aqua

139 4003 283 4060 corruptum
297 3992 425 4058 significat
442 4006 488 4045 om.
507 3992 543 4052 N,
559 3993 650 4044 addidi
665 4009 700 4043 err
715 4009 749 4056 p,
771 3988 814 4042 ubi
832 4003 975 4060 correptum
991 3996 1111 4058 scriptam
1127 4001 1166 4043 est
1253 3990 1270 4042 8
1289 3991 1346 4055 ipsu
1364 4001 1435 4042 secet

139 4066 208 4127 corio
226 4064 332 4114 coniecit
347 4061 534 4113 Lindemannus
621 4063 638 4114 9
656 4064 687 4112 ab
704 4077 734 4112 eo
757 4062 825 4126 qnod
843 4071 881 4112 est
899 4078 973 4128 omps
991 4063 1067 4116 huius
1082 4063 1167 4113 arabis
1187 4069 1211 4112 et
1228 4061 1288 4112 huie
1303 4062 1376 4111 erebi
1395 4060 1434 4111 la-

139 4136 173 4184 cit
189 4134 226 4183 N:
245 4132 276 4183 ab
296 4147 325 4182 eo
343 4129 411 4195 quod
429 4140 467 4180 est
486 4133 562 4182 urobs
579 4131 655 4182 huius
674 4132 758 4182 arabis
775 4131 836 4182 lecit
853 4133 900 4209 plir
917 4132 943 4182 hi
962 4132 1053 4184 arobes
1063 4149 1083 4197 p
1154 4134 1185 4184 12
1203 4127 1345 4196 Vergilius]
1366 4132 1433 4185 Aen.

137 4205 184 4255 Vll
203 4201 253 4254 665
324 4202 356 4254 13
373 4208 462 4266 parunt
478 4200 590 4252 indicere
604 4201 700 4252 bellum
718 4202 851 4253 Fabricius
939 4203 971 4255 14
987 4203 1135 4270 bophorum
1155 4204 1177 4253 si
1197 4201 1309 4252 declines
1327 4200 1354 4249 N
1372 4203 1444 4251 hm!

138 4274 194 4323 lora
211 4274 235 4322 si
253 4271 359 4322 diclines
375 4286 411 4334 p:
442 4271 477 4335 cs.
502 4271 601 4323 ctare.
622 4288 649 4336 p.
676 4272 709 4323 41
798 4272 870 4322 milia
891 4272 1033 4337 sophorum
1050 4272 1075 4322 N
1163 4271 1194 4322 16
1213 4270 1314 4336 generis
1331 4285 1378 4320 one
1397 4271 1433 4334 N,

137 4343 200 4394 add.
214 4357 232 4406 p
313 4343 345 4394 17
364 4334 493 4444 Hdrptius]
512 4356 590 4395 cam.
609 4341 631 4391 ll
650 4341 727 4402 18,7
807 4342 840 4393 18
857 4341 972 4394 lecuuias
991 4343 1019 4392 N
1100 4343 1131 4393 21
1152 4335 1292 4408 Vergilius]
1312 4341 1379 4391 Aen.
1398 4340 1433 4390 lll

422 4417 435 4445 8

137 4459 190 4513 539
270 4460 304 4514 23
323 4461 462 4526 antistitum
480 4460 508 4509 N
579 4462 606 4510 in
623 4463 727 4512 Verrem
746 4458 803 4526 llll]
819 4463 864 4524 45,
881 4463 916 4516 uu
935 4462 1004 4514 illius
1021 4463 1074 4513 lani
1092 4463 1220 4512 antistitae
1295 4462 1329 4513 24
1346 4461 1434 4513 Vene-

137 4529 172 4582 ris
188 4531 301 4583 antistita
319 4530 354 4582 G'
375 4533 429 4583 riae
451 4528 619 4582 recrescens
636 4531 668 4582 de
685 4533 758 4583 Aria.
779 4533 834 4582 Pol.
851 4548 882 4597 p,
899 4531 950 4584 128
1031 4547 1125 4598 cnpms
1143 4541 1168 4581 et
1185 4531 1311 4582 cornelius
1329 4530 1367 4582 N:
1387 4549 1434 4584 cu·

136 4615 198 4666 pras
211 4616 233 4650 ω
316 4598 508 4670 2138131Ιί31]
523 4615 610 4666 georg.
628 4603 638 4651 1
659 4602 710 4653 120
795 4603 830 4654 29
848 4602 967 4653 deridens
981 4619 1003 4652 ω
1025 4601 1140 4651 derident
1157 4601 1184 4650 N
1268 4601 1300 4654 31
1320 4603 1476 4667 pedibus'

136 4680 284 4736 praetensus
302 4673 401 4734 equinis
419 4672 514 4722 Nonius
527 4668 640 4733 phot:
658 4673 786 4738 perserpit
801 4677 881 4723 ‘uetur
896 4672 988 4723 codex’
1006 4673 1110 4723 Dorisco
1127 4672 1208 4721 Lucil.
1226 4680 1276 4721 sat.
1294 4674 1343 4726 ret.
1359 4674 1383 4724 V
1398 4672 1433 4724 13

132 4755 162 4802 p.
176 4739 219 4803 37,
234 4740 279 4790 uhi
289 4744 431 4806 proserpsit
442 4742 547 4792 coniecit
559 4740 582 4788 I.
594 4741 690 4801 Boura,
708 4743 863 4806 praecerpsit
876 4741 994 4807 Scaliger
1062 4740 1096 4793 33
1112 4743 1188 4804 quale
1202 4746 1278 4807 sega
1294 4742 1435 4795 intubusN

133 4808 224 4872 quales
242 4823 317 4875 seges
334 4810 436 4860 intubus
449 4811 597 4862 Fabricius:
613 4813 697 4862 blacer
714 4826 778 4862 mus.
799 4811 904 4875 protulit
919 4828 934 4862 ο
952 4811 1042 4873 quote·
1056 4821 1127 4877 reget
1145 4811 1248 4862 intubus
1266 4811 1395 4875 herbusp
