3114 5356
505 358 587 420 ιιι.
609 356 751 421 umus
772 357 845 421 um.
867 360 908 423 ιιι
1059 316 1064 326 ’
1293 361 1357 424 cor

110 484 132 525 ρ.
148 471 193 513 roc.
208 471 233 512 u
248 471 272 514 r.
1079 536 1083 541 Ι
1130 488 1151 529 ρ,
1166 475 1304 518 roc-sse.

224 560 322 603 arma
345 543 538 623 virumque
560 562 651 605 cano
679 542 820 606 Troice
843 543 907 624 'qui
924 544 1076 622 primur
1095 545 1143 607 ub
1165 544 1258 606 oria.

57 642 279 704 meminerimus
299 653 396 707 autem
417 647 526 725 figuras
545 644 671 707 maiores
690 645 759 721 dici,
781 646 806 707 si
828 645 933 725 dactyli
954 644 1055 725 plures
1077 646 1202 723 luerint,
1224 649 1250 710 si
1267 667 1358 730 spon·

59 744 122 819 dei,
142 744 280 806 minores.
301 743 306 826 Ι

591 917 628 958 DE
650 917 831 960 mcrsroulavs

31 1039 45 1076 a
146 1016 219 1077 lllud
248 1035 366 1096 quoque
394 1015 551 1078 ohservare
578 1016 719 1078 debemus
746 1017 835 1078 utin
865 1018 956 1079 heroo
987 1019 1155 1082 hexametro
1187 1021 1356 1099 incisiones,

59 1139 133 1197 quas
163 1119 211 1179 alii
237 1136 375 1178 caesuras
400 1117 562 1198 appellem,
594 1117 747 1178 nonnulli
774 1118 920 1179 sectiones
947 1119 1113 1195 nominant,
1143 1121 1249 1196 iacias,
1282 1143 1356 1203 quas

60 1221 163 1280 Graeci
185 1220 240 1281 rite
264 1217 442 1280 custodiunt.
486 1219 645 1282 incisiones
668 1238 769 1280 versus
796 1219 906 1280 heroici
929 1228 998 1281 sunt
1021 1229 1168 1300 quattuor.
1213 1226 1269 1286 hae
1291 1227 1357 1287 hui·

60 1324 98 1384 tis
119 1322 253 1402 partibus
275 1318 415 1380 orationis
436 1319 509 1380 tium
530 1327 560 1380 et
580 1319 630 1381 tali
655 1319 758 1381 ordine
780 1319 964 1397 colhgentur.
1009 1323 1102 1403 prima
1123 1331 1168 1387 cst
1192 1327 1357 1404 penthemi-

58 1441 172 1508 meres,
206 1420 335 1483 secunda
357 1428 403 1481 est
423 1409 499 1478 κατὰ
520 1421 621 1501 τρίτον
641 1425 796 1498 τροχαῖον,
827 1421 912 1482 tertia
934 1421 1220 1512 hephthemimeres,
1252 1436 1356 1506 quarta

20 1546 45 1586 ro
60 1524 220 1605 tetrapodia
248 1520 381 1583 bucolice
404 1520 527 1598 dicitur,
557 1521 826 1602 quialheooritus
852 1529 954 1583 auctor
980 1522 1106 1586 bucolici
1135 1526 1273 1588 carminis
1301 1529 1357 1589 hac

57 1626 216 1707 plurimum
242 1642 314 1685 usus
342 1641 409 1685 esse
432 1622 569 1685 creditur.
613 1621 860 1703 penthemimeres
887 1633 933 1685 est
959 1624 1181 1703 semiquinaria,
1213 1627 1262 1688 uhi
1290 1636 1358 1707 post

57 1728 133 1788 duos
155 1725 246 1807 pedes
266 1732 295 1785 et
317 1743 405 1785 unam
427 1723 567 1803 syllabam
588 1743 658 1805 pars
679 1723 821 1787 orationis
840 1725 988 1806 expletor,
1008 1733 1039 1787 et
1058 1725 1125 1788 ideo
1145 1728 1357 1808 penthemime-

58 1847 108 1890 res
132 1834 268 1901 vocatur,
290 1826 358 1905 quia
380 1825 510 1905 quinque
527 1824 696 1906 remipedes
717 1823 818 1885 diridit
835 1823 889 1899 sic,
939 1845 943 1850 ·

225 1925 419 1988 deiecisse
441 1926 557 2001 videt,

20 2059 45 2098 rs
223 2046 262 2090 se
283 2027 428 2107 signari
450 2026 584 2089 oculis.

57 2131 163 2192 horum
185 2128 310 2190 residuis
333 2128 466 2209 partibus
486 2127 609 2189 trimetri
627 2126 805 2209 anapaestici
824 2126 1051 2208 hypercatalecti
1072 2132 1146 2191 dunt
1165 2129 1248 2206 tales,

183 2221 185 2225 ’
224 2249 291 2292 sua
312 2229 383 2292 iarn
405 2229 594 2312 promissa
615 2227 785 2308 reposci,
1188 2233 1194 2241 '

140 2387 143 2392 .
224 2332 323 2393 ultre
345 2330 592 2412 inplacabilis
614 2328 729 2390 ardet.

57 2435 131 2494 haec
152 2435 177 2495 si
198 2434 345 2514 acceperit
367 2452 455 2495 uuam
477 2433 611 2505 brevem,
631 2430 720 2492 laciet
740 2429 821 2492 linita
840 2439 922 2511 parte
943 2431 1085 2493 orationis
1106 2434 1267 2497 secundam
1289 2455 1354 2497 cae-

20 2557 45 2595 ru
58 2552 166 2595 suram.
212 2535 340 2597 mcunda
369 2545 414 2596 est
439 2525 525 2594 κατὰ
538 2530 637 2611 τρίτον
662 2535 817 2612 τροχαῖον,
843 2532 879 2593 in
905 2551 961 2611 qua
990 2532 1072 2594 finita
1101 2542 1184 2614 parte
1212 2537 1354 2599 orationis

58 2635 175 2696 tertium
197 2636 367 2699 trochaeum
390 2654 499 2716 ponas,
520 2654 537 2694 a
559 2652 618 2712 quo
639 2651 747 2694 numen
768 2631 868 2706 traxit,
888 2640 921 2694 ut
938 2641 985 2694 est
1002 2629 1007 2703 l

222 2737 413 2797 infandum
436 2736 577 2815 regina.

31 2863 32 2866 ¹
58 2836 147 2913 [huie]
172 2836 270 2897 addito
287 2846 446 2917 anapaesto
466 2837 512 2898 vel
535 2836 661 2917 spondio
682 2834 766 2927 tertia
789 2833 934 2896 constabit
952 2835 1066 2897 incisio.
1101 2837 1183 2898 tertia
1200 2847 1245 2899 est
1260 2825 1354 2920 heph-

58 2937 261 3012 thcmimcres,
300 2938 403 2999 Latina
428 2938 527 3017 lingua
553 2937 694 2998 translata
722 2936 977 3016 semiseptenaria,
1015 2937 1126 3000 scilicet
1148 2938 1216 3018 quia
1238 2949 1353 3021 septem

22 3057 44 3097 aa
58 3038 174 3115 dividit,
196 3047 229 3100 ut
250 3047 296 3101 est

222 3141 369 3203 ltaliam
393 3140 470 3201 lato
492 3141 692 3221 profugus,

221 3250 295 3304 tum
317 3241 458 3303 demum
478 3248 600 3302 moret
619 3259 719 3302 arma
739 3239 814 3314 leo,

223 3342 421 3405 excutiens
443 3340 593 3403 cervice
613 3349 728 3402 toros.

56 3443 125 3504 hinc
144 3443 224 3524 quod
243 3433 377 3516 remanet
396 3444 441 3505 sic
464 3450 619 3504 contexere
637 3442 740 3521 poesin
760 3448 867 3522 potest,

18 3565 42 3608 ao
220 3545 438 3625 gaudetque
459 3543 659 3618 comantis,

221 3646 411 3726 fixumque
431 3645 605 3708 latronis.

53 3747 123 3807 huic
143 3747 219 3826 parti
248 3748 273 3808 si
300 3748 441 3811 adiciatur
469 3746 646 3826 pyrrichius,
676 3743 778 3806 eadem
794 3739 808 3827 11
823 3763 927 3806 rmsus
953 3743 1042 3804 elficit
1068 3749 1195 3803 metrum
1221 3741 1351 3828 ionicum

51 3837 112 3906 ἀπὸ
133 3847 189 3907 τοῦ
208 3847 342 3924 μείζονος
362 3845 645 3928 hypercatalectum:
670 3844 727 3905 tale
749 3853 795 3907 est

218 3949 385 4028 gaudetque
406 3947 549 4009 comantis
571 3946 627 4020 leo,

10 4072 39 4117 as
118 4089 143 4138 .·
223 4050 371 4128 fixumque
393 4048 516 4129 lunonis
536 4048 593 4124 leo,

221 4151 318 4212 tremit
339 4170 390 4212 ore
413 4159 535 4213 omento
558 4150 615 4225 leo,

123 4359 237 4426 laruae]
257 4363 412 4428 Verum.
426 4364 464 4414 11
536 4360 733 4411 Troiae—oris
748 4377 795 4412 om.
810 4358 896 4411 ΑΒΜ
962 4355 1282 4409 2rnemiueremnsABM
1371 4389 1374 4393 ·

49 4434 146 4485 llhata
162 4434 239 4481 triton
257 4430 377 4482 trocheon
388 4432 475 4482 ΑΒΜ
546 4430 579 4482 10
597 4429 674 4486 hece
692 4445 722 4478 ac
735 4422 819 4479 ΑΒΜ
887 4429 920 4480 13
937 4431 1049 4496 quinque
1067 4427 1149 4492 pedes
1161 4426 1247 4476 ΑΒΜ
1317 4426 1349 4476 11

49 4498 188 4566 deiecisse]
214 4502 293 4565 Verp.
311 4499 375 4551 Aen.
395 4501 476 4551 11112
546 4497 650 4548 uidete
667 4499 731 4549 uidit
748 4498 834 4549 ΑΒΜ
905 4498 935 4549 15
951 4498 990 4564 se]
1014 4499 1093 4560 Vere.
1112 4497 1177 4546 Aen.
1195 4493 1280 4544 Xlld

51 4571 84 4622 16
100 4570 161 4620 talis
173 4569 234 4620 ΒΜ
302 4569 335 4620 19
353 4569 429 4620 faciat
447 4570 472 4620 B
540 4568 611 4616 linita
644 4575 697 4618 arte
712 4569 847 4618 Patulcius
862 4568 958 4617 linitam
975 4575 1072 4633 portem
1084 4563 1169 4614 ΑΒΜ
1237 4563 1273 4614 20
1291 4573 1349 4614 cata

48 4641 126 4690 trium
144 4638 268 4689 trocheon
283 4637 370 4688 ΑΒΜ
437 4640 470 4687 22
490 4584 643 4701 inlauduml)
658 4639 736 4700 Verpt
754 4636 819 4687 Aen.
838 4637 895 4688 113
976 4636 1091 4700 reginam
1109 4631 1135 4682 B
1152 4633 1243 4699 regina
1260 4629 1347 4682 iubere

47 4708 171 4758 mandare
189 4706 303 4757 dolerem
323 4706 357 4755 Μ
434 4707 468 4758 23
486 4706 544 4755 huic
562 4705 623 4754 ΑΜ
638 4705 680 4755 hic
699 4704 723 4752 B
810 4705 845 4755 26
864 4703 970 4770 ltaliam]
993 4707 1072 4768 Verp.
1091 4701 1158 4753 Aea.
1179 4702 1226 4751 12
1313 4700 1346 4750 27

45 4776 111 4843 ιιιιιι]
135 4773 397 4841 Ver0.Aen.X11tl
466 4775 501 4825 28
518 4772 660 4839 excutiens]
680 4775 758 4837 Verp.
772 4773 837 4825 Aen.
854 4773 935 4824 11117
1005 4772 1039 4824 32
1057 4769 1192 4820 eademdl
1204 4771 1346 4834 eademque

46 4846 101 4896 ΑΒ
171 4844 206 4897 33
226 4845 420 4909 epotumizonoe
438 4844 499 4893 ΑΜ
520 4844 716 4908 apotumiaouue
733 4840 760 4891 B
