3114 5356
618 281 816 344 excuncta
1307 285 1369 346 557

1137 413 1159 450 μ.
1176 400 1275 442 ιιι-ιι
1288 400 1315 441 v.

63 463 174 525 babent
207 463 455 543 conparationem.
516 465 628 528 ridetur
664 468 901 547 conparationem
939 471 1036 530 lacere
1069 470 1158 531 dictio
1192 471 1279 545 ista„
1296 473 1369 533 satis

63 564 168 627 sadus,

12 506 24 566 l

15 628 23 667 ι

10 730 20 875 ἰ
453 747 655 811 FELICITER
675 751 725 812 DE
748 753 981 817 rnuuurtln'n.
1065 701 1073 716 ·
1096 746 1101 756 ¹

10 932 18 975 ι

151 863 317 921 Pronomen
346 866 392 918 est
419 877 488 936 pars
514 861 654 921 orationis
676 878 751 938 quae
769 882 822 940 pro
842 863 907 942 ipso
927 866 1021 945 posita
1044 869 1162 929 nomine
1183 869 1278 930 minus
1301 871 1366 947 qui·

35 964 134 1034 odem
156 963 259 1043 plene,
285 961 354 1021 item
375 968 472 1019 tamen
495 960 655 1038 siguificat,
682 970 714 1022 ut
734 981 789 1040 ego
812 969 842 1022 tu
865 965 913 1024 hic
937 965 995 1025 ille.
1040 970 1207 1047 pronomini
1229 971 1367 1032 accidunt

10 1038 17 1079 ¹
65 1065 191 1145 qualitas
218 1081 311 1140 genus
341 1063 432 1139 figura
460 1079 601 1120 numerus
634 1066 721 1122 casus
748 1083 885 1143 persona.
930 1068 1053 1144 qualitas
1079 1070 1286 1149 pronominum
1315 1079 1367 1132 aut

10 1144 15 1183 Ι
63 1166 147 1227 linita
169 1172 215 1224 est
236 1172 286 1224 aut
312 1163 433 1222 infinita.
478 1161 560 1222 finita
584 1170 629 1222 est
652 1181 727 1239 quae
745 1174 838 1235 *notat
866 1175 1177 1253 certam'personam
1206 1181 1238 1261 ut
1256 1191 1311 1250 ego
1334 1182 1364 1233 tu

63 1267 121 1327 ille.
172 1266 283 1324 infinita
311 1271 354 1323 est
383 1281 458 1340 quae
486 1261 606 1322 cuilibet
632 1282 776 1342 personae
801 1274 898 1343 potest
926 1272 1156 1346 accommodari,
1190 1273 1364 1351 quisquae.

10 1348 14 1385 ¹
62 1386 172 1447 genera
195 1366 401 1445 pronominum
423 1372 492 1423 sunt
513 1371 665 1440 quattuor,
688 1366 881 1426 masculinum
903 1376 936 1427 nt
957 1371 1021 1444 hic,
1045 1373 1215 1433 femininum
1235 1383 1266 1433 ut
1280 1374 1363 1445 baec,

21 1494 49 1539 m
62 1477 202 1531 neutrum
224 1466 349 1537 ntimo,
374 1482 529 1524 commune
553 1469 585 1522 ut
608 1481 662 1540 ego
683 1472 724 1524 tu.
755 1467 847 1542 ligura
869 1471 1076 1544 pronominum
1097 1472 1203 1551 duplex
1225 1483 1278 1534 est.
1315 1481 1364 1533 aut

10 1574 12 1579 '
63 1571 143 1632 enim
167 1567 311 1648 simplicia
335 1573 419 1636 sunt,
444 1572 476 1624 ut
495 1563 560 1641 quis
583 1581 653 1641 ego,
677 1572 728 1626 aut
750 1567 927 1644 composita,
951 1578 983 1629 ut
1005 1571 1137 1648 quisquis
1153 1581 1277 1650 egomet
1312 1591 1366 1632 nu·

10 1678 16 1695 ·
62 1671 137 1733 meri
159 1678 229 1730 suut
247 1669 321 1739 duo,
349 1665 506 1744 singularis
533 1673 563 1724 et
585 1664 723 1744 pluralis,
749 1667 907 1745 singularis
936 1679 968 1729 ut
986 1671 1051 1742 bic,
1080 1672 1201 1750 pluralis
1229 1683 1261 1732 ut
1285 1669 1298 1754 ΙΙ
1325 1673 1364 1732 bi.

62 1771 229 1835 communis
251 1786 368 1848 quoque
390 1785 530 1827 numerus
551 1766 712 1840 invenitur;
742 1765 866 1827 dicimus
887 1769 962 1828 enim
986 1771 1036 1847 qni
1059 1772 1115 1844 vir,
1144 1772 1192 1849 qui
1210 1773 1272 1833 riri.
1317 1792 1366 1832 ca-

62 1891 116 1933 sus
137 1870 243 1949 quibus
265 1869 449 1930 declinantur
471 1866 591 1927 totidem
615 1867 694 1943 quod
719 1874 749 1926 et
767 1867 933 1942 nominum,
968 1879 1000 1930 ut
1017 1872 1065 1931 bic
1087 1871 1174 1933 buius
1196 1871 1265 1932 hnic
1285 1873 1365 1932 hunc

10 1993 81 2053 ,rso
106 1971 143 2032 ab
163 1971 228 2031 boc.
273 1988 417 2049 personae
437 1970 646 2047 pronominum
666 1977 735 2030 sunt
755 1976 831 2040 tres,
861 1980 894 2028 ut
914 1989 968 2048 ego
991 1979 1021 2030 tu
1044 1970 1101 2030 ille.
1147 1980 1217 2032 sunt
1245 1979 1273 2032 et.
1295 1991 1364 2051 pro-

62 2073 182 2135 nomina
203 2072 239 2131 ad
262 2070 386 2147 aliquid,
409 2079 442 2129 ut
463 2088 547 2130 meus
569 2079 646 2130 tuus.
691 2087 760 2128 nom
786 2077 815 2127 ct
844 2068 916 2129 baec
943 2071 1008 2131 sine
1037 2070 1128 2131 altero
1156 2092 1216 2132 non
1238 2083 1365 2152 possunt

61 2173 202 2251 intellegi.
248 2192 318 2250 ego,
339 2170 397 2230 mei
417 2169 461 2229 rel
477 2171 548 2246 mis,
570 2170 655 2242 mihi,
678 2188 742 2239 me,
765 2190 797 2240 o,
819 2188 835 2228 a
853 2187 915 2243 me;
936 2172 989 2231 sed
1005 2173 1164 2233 vocativum
1179 2174 1288 2235 habere
1303 2194 1362 2235 non

60 2281 176 2355 potest.
211 2271 277 2350 quia
307 2291 393 2332 nemo
416 2271 487 2332 dicit
510 2292 528 2332 o
554 2289 625 2348 ego,
659 2270 715 2330 nisi
738 2290 755 2331 o
777 2270 947 2332 exclamatio
970 2272 1023 2345 sit,
1058 2281 1089 2333 ut
1111 2273 1189 2353 apud
1210 2275 1363 2336 Horatium

59 2376 99 2436 ‘o
122 2392 192 2452 ego
211 2373 382 2433 inlelix':
406 2371 528 2451 pluralis
550 2389 606 2431 nos
627 2379 760 2431 nostrum
781 2371 867 2431 nobis
890 2391 945 2433 nos
968 2393 985 2433 o
1008 2392 1024 2432 a
1048 2373 1148 2446 uobis,
1178 2381 1211 2435 nt
1232 2394 1298 2435 cum
1320 2375 1363 2435 di-

18 2476 157 2541 nouimus
185 2476 221 2533 ‘o
242 2492 298 2534 nos
322 2473 451 2534 telices'.
495 2489 657 2550 pronomen
685 2471 742 2531 hoc
765 2472 851 2532 trium
881 2491 1023 2551 generum
1050 2482 1096 2533 est
1121 2493 1285 2535 commune.
1331 2483 1362 2533 tu

61 2578 105 2639 tui
126 2576 178 2637 tibi
200 2583 263 2635 teo
285 2594 301 2634 a
327 2582 370 2646 te,
400 2570 522 2652 pluralis
542 2589 593 2631 vos
616 2581 744 2634 vestrum
767 2573 850 2634 robis
871 2595 923 2636 vos
945 2593 962 2633 o
985 2593 1001 2633 a
1024 2572 1115 2634 robis.
1160 2576 1217 2634 hoc
1245 2590 1363 2651 quoque

23 2713 26 2717 ·
60 2694 226 2758 pronomen
249 2675 376 2736 omnium
399 2691 540 2750 generum
563 2680 608 2732 est
630 2691 794 2735 commune.
839 2694 898 2735 uon
928 2682 974 2734 est
1000 2674 1153 2736 refutanda
1175 2691 1276 2733 eorum
1296 2691 1363 2732 sen-

62 2778 153 2840 tentia
181 2777 231 2854 qui
257 2775 392 2835 dixerunt
416 2772 446 2831 in
475 2772 649 2849 quibusdam
679 2775 902 2852 pronominibus
930 2775 1091 2835 vocativum
1121 2792 1181 2834 non
1202 2792 1291 2852 posse
1314 2790 1363 2832 ca·

61 2880 148 2951 dere,
178 2895 244 2937 cum
271 2875 358 2935 etiam
386 2892 480 2952 paene
501 2873 531 2933 in
553 2873 690 2935 omnibus
713 2877 936 2955 pronominibus
963 2894 1022 2936 non
1045 2875 1150 2935 debeat
1171 2893 1237 2936 esse
1254 2874 1364 2934 vocati-

21 3000 134 3052 urus,
156 2977 209 3040 sed
231 2996 285 3037 nos
308 2993 367 3035 non
390 2973 462 3034 dum
487 2976 670 3051 refragamur
697 2976 802 3037 rationi
825 2978 986 3038 vocativum
1007 2975 1182 3049 adiecimus,
1212 2972 1264 3034 sed
1291 2991 1363 3051 quo·
1429 2979 1434 2986 '

61 3081 141 3145 niam
163 3087 331 3141 contextum
349 3074 552 3136 declinationis
575 3075 684 3135 babere
706 3076 866 3151 voluimus,
890 3077 1083 3148 inseruimus,
1104 3093 1281 3154 quamquam
1303 3093 1363 3135 nou

60 3181 156 3244 solum
179 3178 342 3242 vocativum
362 3196 421 3236 non
443 3176 607 3236 invenimus
630 3195 729 3237 rerum
757 3178 845 3237 otiam
872 3179 902 3239 in
925 3177 1099 3255 quibusdam
1128 3195 1215 3238 casus
1238 3176 1363 3236 delicere

59 3281 203 3343 ridemus.
247 3278 295 3338 bic
318 3279 403 3339 buius
422 3278 490 3338 hnic
514 3277 592 3337 bunc
615 3297 633 3336 ο
654 3285 687 3338 tu
708 3277 744 3338 ab
768 3279 842 3353 hoc,
870 3278 991 3359 pluralis
1018 3277 1049 3339 hi
1072 3278 1178 3338 horum
1200 3276 1248 3338 his
1270 3276 1325 3336 hos
1345 3298 1363 3335 o

60 3401 113 3443 ros
132 3381 169 3442 ab
191 3380 253 3456 bis;
281 3379 420 3440 feminine
441 3381 515 3439 haec
532 3378 620 3438 buius
643 3377 711 3439 huic
734 3379 810 3439 banc
836 3401 853 3441 o
877 3390 908 3441 tu
930 3379 1058 3452 abisac,
1086 3377 1206 3458 pluralis
1232 3377 1288 3436 bae
1310 3377 1363 3436 ba·

19 3501 126 3549 nortun
155 3483 202 3543 his
230 3482 283 3542 has
304 3500 322 3539 o
344 3498 394 3539 vos
422 3479 458 3539 ab
477 3480 541 3555 bis;
569 3479 740 3542 neutraliter
766 3480 823 3541 boc
851 3481 940 3542 buius
967 3481 1035 3541 huic
1063 3481 1120 3540 hoc
1143 3500 1160 3539 o
1183 3486 1215 3538 tu
1237 3476 1273 3536 ab
1295 3477 1361 3548 hoc,

58 3581 183 3663 pluralis
201 3581 273 3642 haec
296 3583 401 3643 borum
420 3581 467 3641 his
489 3581 562 3642 haec
581 3602 599 3641 ο
621 3582 693 3643 baec
717 3582 753 3642 ab
773 3582 829 3642 bis.
867 3582 985 3660 generis
1008 3581 1163 3641 masculini
1189 3579 1215 3639 is
1243 3578 1307 3637 eins
1336 3577 1361 3636 ei

59 3704 129 3744 eum
151 3703 169 3743 o
189 3682 214 3742 is
233 3683 269 3742 ab
293 3702 343 3757 eo,
363 3669 485 3764 pluralis
512 3682 532 3742 ii
560 3700 661 3743 eorum
684 3683 719 3743 iis
747 3703 799 3744 eos
822 3704 839 3744 o
858 3683 878 3743 ii
901 3683 938 3743 ab
958 3683 1009 3757 iis;
1031 3681 1170 3741 feminine
1193 3698 1226 3739 ea
1249 3677 1313 3738 eius
1336 3676 1362 3736 ei

58 3806 123 3848 eam
143 3805 160 3845 o
184 3793 214 3845 tu
237 3785 273 3845 ab
296 3803 345 3859 ea,
376 3783 495 3862 pluralis
524 3802 576 3843 eac
603 3802 703 3844 carum
731 3785 774 3845 eis
799 3804 849 3844 eas
879 3804 971 3845 ocae
999 3781 1034 3840 ab
1059 3781 1111 3856 iis;
1145 3776 1315 3840 neutraliter
1332 3776 1360 3836 id

58 3887 124 3948 eius
148 3885 174 3945 ei
194 3885 259 3945 ido
280 3885 317 3946 ab
339 3905 389 3959 oo,
413 3884 535 3964 pluralis
557 3903 591 3944 ea
614 3903 715 3946 eorum
735 3885 777 3946 eis
797 3905 830 3945 ea
851 3885 921 3946 oab
944 3883 995 3943 eis.
1039 3882 1110 3942 item
1127 3879 1289 3949 masculine
1305 3878 1361 3937 iste
1390 3915 1394 3922 κ

18 3989 146 4057 mintius
167 3987 216 4048 isti
237 3987 334 4048 istunc
356 4007 373 4047 o
394 3987 450 4048 iste
478 3984 515 4044 ab
538 3985 608 4058 isto,
635 3984 757 4064 pluralis
787 3985 834 4046 isti
864 3986 985 4046 istomm
1015 3983 1080 4043 istis
1107 3981 1180 4043 istos
1209 3979 1296 4040 oisti
1324 3977 1360 4037 ab

58 4090 141 4164 istis;
162 4088 301 4148 feminine
323 4088 378 4148 ista
396 4089 504 4161 istaec,
526 4086 628 4160 istius,
650 4087 715 4159 isti,
739 4086 824 4147 istam
846 4088 956 4159 istanc,
978 4085 1088 4156 cista,
1110 4082 1146 4142 ab
1163 4081 1234 4155 ista,
1262 4080 1361 4160 plura·

56 4192 96 4252 lis
118 4190 192 4251 istae
213 4189 335 4251 istarum
357 4187 423 4249 istis
443 4187 516 4248 istas
538 4207 555 4248 o
579 4187 652 4247 istae
672 4187 708 4248 ab
728 4188 809 4264 istis;
825 4187 839 4269 Η
853 4187 1023 4248 neutraliter
1036 4168 1123 4246 'istud
1142 4183 1235 4256 istuc,
1264 4181 1360 4253 istius,

56 4291 124 4364 isti,
145 4290 223 4352 istud
246 4291 338 4364 istuc,
362 4310 379 4350 o
399 4289 477 4350 istud
499 4289 591 4362 istuc,
611 4289 648 4349 ab
671 4288 727 4350 isto
749 4290 839 4362 istoc,
860 4287 979 4369 pluralis
1001 4287 1057 4347 ista
1077 4286 1199 4346 istorum
1221 4283 1286 4343 istis
1303 4281 1360 4340 ista
1447 4299 1449 4303 ·

55 4415 74 4454 o
96 4393 152 4454 ista
175 4391 211 4451 ab
234 4392 308 4454 istis.
353 4391 422 4451 item
446 4389 607 4450 masculine
625 4390 689 4468 ipse
711 4391 804 4470 ipsius
826 4391 883 4469 ipsi
902 4390 998 4468 ipsum
1020 4408 1038 4447 ο
1060 4387 1123 4466 ipse
1145 4384 1272 4463 abipso,
1293 4380 1359 4461 plu·

15 4519 43 4558 ro
56 4494 130 4555 ralis
151 4493 208 4572 ipsi
230 4493 362 4572 ipsorum
385 4492 457 4572 ipsis
479 4491 560 4571 ipsos
580 4511 597 4550 o
621 4491 677 4571 ipsi
700 4491 736 4552 ab
756 4491 845 4571 ipsis;
879 4489 1017 4551 feminine
1038 4490 1101 4567 ipsa
1121 4485 1214 4566 ipsius
1235 4484 1292 4564 ipsi
1315 4483 1360 4565 ip-

128 4628 145 4678 3
166 4643 198 4676 nn
217 4627 372 4694 raouoruus]
394 4629 493 4678 Clarae.
501 4615 529 4694 p.
543 4626 589 4678 131
598 4646 653 4694 sqq.
673 4629 707 4690 cf.
720 4627 959 4692 Diom.p.3ldsqp.
1033 4626 1065 4675 14
1083 4625 1185 4693 quibus]
1206 4642 1256 4689 quo
1271 4626 1295 4674 B

58 4699 91 4750 18
107 4699 177 4764 apud
195 4697 334 4762 [lutatium]
355 4700 428 4762 epod.
448 4699 488 4759 12,
507 4699 540 4748 25
617 4698 650 4748 25
668 4698 728 4746 dum
746 4714 792 4748 om.
811 4697 844 4756 B,
864 4697 954 4747 addidi
972 4714 1006 4746 ar
1024 4697 1142 4747 Diomede
1157 4713 1184 4761 p.
1203 4696 1255 4749 318
1325 4690 1360 4742 38

55 4774 121 4821 istae
140 4768 247 4815 istorum
266 4766 290 4815 B
364 4767 399 4818 34
415 4780 429 4814 o
447 4768 557 4819 secundo
576 4771 630 4818 loco
648 4783 693 4817 oua
715 4765 739 4814 B
