3114 5356
186 314 246 381 178
756 310 919 377 utttntstt

314 462 320 475 .
392 461 398 475 .
1270 426 1332 471 ,ιιι
1348 426 1387 469 aas
1399 425 1425 469 a.

185 434 317 589 urdpalre
335 432 502 586 ⁶ylrllaeterito
530 502 628 584 specie
651 501 814 565 incohatira
840 501 953 563 adiecta
977 499 1014 561 ad
1039 438 1480 581 imperatirumpmodumbam

186 598 295 689 syllaba
321 607 514 668 terminantur
538 605 732 686 praecedente
758 613 808 666 aut
836 609 1016 665 consonante
1043 602 1155 682 primae
1180 598 1334 681 positionis
1355 607 1407 661 aut
1426 618 1480 661 vo·

186 708 257 783 eali,
278 716 310 769 ut
331 707 395 787 lege
411 707 560 787 legebam,
583 715 650 789 pete
671 707 823 789 petebam,
844 724 917 787 rape
936 704 1101 785 rapiebam,
1122 704 1186 765 lace
1204 701 1362 777 faciebam,
1386 701 1478 766 indue

186 810 358 884 induebant,
381 810 464 872 inrue
484 810 647 872 inruebam.
751 838 756 848 ·
1126 835 1131 845 ·

271 912 314 974 lle
335 913 420 973 tertia
439 913 644 992 coniugatione
665 912 816 993 producta.
858 911 960 972 tertiae
978 906 1190 989 coniugationis
1209 904 1369 986 productae
1389 903 1506 967 rerbas

187 1015 340 1077 indicativo
369 1015 457 1076 modo
480 1024 612 1096 tempore
638 1013 786 1096 praesenti
807 1012 843 1073 de
862 1012 954 1092 prima
977 1030 1104 1092 persona
1127 1017 1178 1072 aut
1199 1028 1234 1070 eo
1256 1006 1361 1069 litteris
1378 1008 1481 1069 termi-

187 1125 310 1193 nantur,
341 1125 373 1179 ut
395 1118 468 1181 adeo
488 1118 568 1193 adis,
600 1115 712 1199 prodeo
731 1114 847 1195 prodis,
877 1123 927 1176 aut
946 1115 991 1189 io,
1018 1122 1051 1176 ut
1071 1114 1158 1176 audie
1181 1111 1281 1183 audis,
1303 1110 1401 1172 nutrio
1423 1128 1482 1171 nu·

187 1220 250 1282 tris.
290 1219 391 1281 tardae
419 1219 631 1299 coniugationis
653 1218 812 1299 productae
829 1216 917 1278 verba
941 1216 1111 1296 imperativo
1130 1214 1219 1277 mode
1242 1221 1373 1294 ternpore
1393 1230 1481 1294 prae-

188 1323 263 1385 senti
285 1322 322 1384 ad
342 1322 500 1383 secundam
521 1339 679 1403 personam
702 1320 713 1382 i
735 1319 876 1401 producta
903 1317 1111 1392 terminantur,
1135 1325 1169 1379 ut
1189 1314 1276 1378 audio
1297 1314 1383 1390 audi,
1410 1334 1481 1396 pro-

188 1426 245 1485 deo
264 1423 364 1506 prodi,
386 1422 459 1484 adeo
479 1423 544 1498 adi,
572 1442 643 1485 eaeo
662 1422 717 1486 eni.
762 1422 863 1484 tertiae
881 1419 1093 1499 coniugationls
1114 1418 1273 1499 productae
1292 1416 1382 1479 rerba
1403 1416 1481 1478 indi·
1495 1432 1521 1474 ra

188 1527 280 1589 sativo
301 1525 389 1587 modo
411 1534 543 1606 tempore
561 1523 708 1606 praesenti
733 1523 770 1584 dc
797 1522 889 1603 prima
919 1540 1045 1603 persona
1074 1522 1100 1584 si
1130 1541 1146 1582 e
1173 1519 1329 1583 habuerint
1355 1528 1423 1581 ante
1450 1540 1479 1592 o,

130 1645 134 1652 ’
189 1628 291 1691 eadem
316 1625 488 1709 promissivo
515 1626 603 1688 modo
632 1626 744 1687 adiecta
766 1625 802 1686 ad
824 1625 1024 1705 imperativum
1047 1624 1167 1731 modum
1190 1623 1229 1685 bo
1251 1620 1361 1702 syllaba
1380 1622 1481 1683 termi-

189 1738 310 1808 nantur,
343 1738 377 1791 ut
396 1728 468 1791 adeo
490 1729 537 1789 adi
559 1727 661 1801 adibo,
693 1727 804 1809 prodeo
826 1726 911 1807 prodi
933 1726 1071 1807 prodibo:
1111 1743 1185 1804 quae
1206 1744 1275 1787 vero
1297 1725 1343 1800 io,
1375 1725 1480 1787 odom

189 1830 362 1911 promissivo
382 1829 469 1892 modo
491 1849 537 1891 am
553 1829 662 1910 syllaba
680 1829 889 1901 terminantur,
912 1835 944 1888 ut
965 1828 1052 1890 audio
1073 1828 1203 1901 audiam,
1227 1827 1324 1889 nutrio
1342 1828 1480 1889 nutriam.

189 1934 290 1995 tertiae
312 1931 525 2010 coniugationis
546 1932 706 2012 productae
727 1930 815 1991 verba
842 1931 954 1992 inlinito
976 1931 1063 1993 modo
1087 1931 1198 1993 adiecta
1219 1931 1255 1993 ad
1277 1929 1481 2010 imperatirum
1498 1940 1523 1984 ru

190 2034 309 2096 modum
330 2052 362 2095 re
384 2032 492 2113 syllaba
512 2043 649 2095 manente
666 2033 858 2114 productione
885 2033 1091 2107 terminantur,
1121 2043 1153 2096 ut
1170 2034 1236 2095 audi
1258 2032 1373 2107 audire,
1401 2031 1482 2092 nutri

190 2137 310 2198 neuim.
361 2135 464 2197 tertiae
497 2135 709 2214 coniugationis
739 2135 899 2214 productae
924 2134 1011 2195 uerba
1044 2135 1198 2197 indicativo
1230 2135 1317 2197 modo
1347 2143 1483 2223 tempore

189 2239 345 2319 praeterito
368 2236 622 2318 specie⁰absoluta
640 2237 752 2299 adiecta
773 2237 809 2300 ad
832 2236 1033 2317 imperativum
1054 2237 1172 2298 modum
1197 2237 1224 2298 ri
1247 2237 1357 2319 syllaba
1382 2235 1484 2298 termi-

190 2350 311 2416 nantur,
345 2350 376 2402 ut
398 2339 464 2401 audi
482 2339 594 2414 audivi,
621 2335 699 2401 nutri
718 2340 833 2402 nutriri.
869 2339 921 2400 sed
949 2346 1047 2399 tamen
1073 2340 1102 2400 in
1130 2340 1265 2402 omnibus
1297 2338 1483 2401 consuetudo

189 2441 358 2505 brevitatem
391 2450 531 2521 appetens
563 2461 581 2501 u
613 2442 738 2503 litteram
766 2441 910 2503 subtrabit
938 2449 968 2501 et
992 2440 1000 2500 i
1021 2441 1146 2504 litteram
1168 2443 1308 2522 geminat,
1344 2450 1377 2503 ut
1401 2440 1482 2502 audii
1496 2457 1524 2499 aa

190 2544 284 2625 prodii
305 2543 402 2604 nutrii.
447 2543 548 2604 tertiae
576 2541 788 2622 coniugationls
815 2544 974 2623 productae
999 2545 1085 2606 rerba
1111 2564 1185 2625 quae
1213 2542 1367 2606 indicativo
1393 2542 1485 2604 modo

192 2654 323 2727 tempore
344 2646 491 2724 praesenti
512 2644 548 2706 de
568 2644 663 2725 prima
685 2662 810 2724 persona
833 2664 869 2707 eo
889 2646 993 2708 litteris
1014 2648 1222 2721 tenninantur,
1250 2647 1351 2708 eadem
1372 2645 1486 2706 indica·

192 2748 249 2809 tiro
269 2745 358 2807 modo
378 2752 511 2829 tempore
532 2746 687 2826 praeterito
709 2746 807 2826 specie
828 2748 989 2809 inchoativa
1009 2750 1122 2812 adiecta
1145 2749 1181 2810 ad
1202 2749 1402 2829 imperativum
1420 2767 1486 2809 ιιιιι·

192 2848 261 2909 dum
281 2848 349 2908 bam
372 2846 482 2925 syllaba
503 2847 709 2923 terminantur,
732 2855 764 2909 ut
784 2849 856 2910 adeo
875 2849 920 2910 adi
941 2851 1064 2924 adibam,
1087 2851 1196 2931 prodeo
1211 2852 1294 2931 prodi
1312 2850 1485 2932 prodibam:

193 2966 268 3028 quae
289 2968 357 3009 vero
377 2948 419 3022 io,
442 2948 543 3009 cadem
562 2948 684 3009 iniciunt
706 2968 722 3009 e
743 2970 834 3031 prope
855 2951 985 3014 ultimam
1007 2952 1162 3034 syllabam,
1184 2961 1217 3014 ut
1238 2954 1322 3017 audie
1340 2953 1408 3015 audi
1432 2972 1484 3015 au-
1498 2970 1525 3011 us

193 3049 323 3124 diebam,
345 3050 440 3110 nutrio
460 3051 538 3111 nutri
559 3051 731 3113 nutriebam.
777 3054 828 3114 sed
850 3054 923 3116 haec
940 3065 1053 3118 veteres
1075 3056 1173 3117 sinee
1195 3056 1290 3119 littera
1311 3057 1485 3138 pronuntia·

194 3152 264 3213 bant
290 3152 424 3213 audibam
446 3161 475 3214 et
492 3154 638 3215 nutribam
660 3154 806 3230 dicentes,
829 3164 861 3217 ut
878 3158 955 3238 apud
977 3158 1133 3238 Vergilium

358 3256 528 3319 nutribat
549 3257 768 3336 'lurrusque
789 3266 913 3337 pater,

194 3346 248 3438 pro
269 3357 423 3419 nutriebat.
467 3361 569 3420 tertiae
590 3360 801 3439 coniugationis
821 3362 980 3439 productae
1002 3361 1087 3424 rerba
1114 3363 1267 3424 indicativo
1295 3364 1383 3425 rbodo
1411 3375 1491 3427 tem-

196 3478 267 3538 pore
294 3462 450 3539 praeterito
478 3464 576 3544 specie
606 3470 706 3523 enecta
732 3463 851 3525 adiectis
883 3463 919 3523 ad
948 3464 1147 3544 imperativum
1169 3466 1287 3528 modum
1310 3486 1408 3529 reram
1427 3468 1486 3549 syl·
1499 3492 1526 3532 ao

195 3560 269 3623 labis
290 3563 496 3638 terminantur,
521 3573 553 3625 ut
574 3565 646 3625 adeo
671 3564 717 3626 adi
739 3564 899 3640 adicerem,
921 3566 1016 3627 nautrio
1039 3567 1115 3628 nutri
1137 3570 1321 3631 nutriveram.
1366 3570 1418 3631 sed
1443 3581 1486 3631 ta-

196 3681 264 3724 men
291 3664 320 3724 in
346 3664 480 3726 omuibus
511 3666 690 3727 currsuetude
715 3666 883 3728 breuitatem
907 3676 1048 3748 appetens
1071 3690 1089 3730 u
1114 3670 1237 3732 litteram
1257 3672 1401 3733 subtrabit
1423 3683 1453 3733 et
1476 3674 1485 3733 i

133 3842 136 3847 ι
196 3766 321 3828 litteram
343 3767 478 3846 corripit,
499 3774 532 3827 ut
552 3767 699 3829 audieram
720 3770 885 3850 prodieram
907 3772 1074 3833 nutrieram.

282 3869 356 3929 Sunt
378 3877 407 3928 et
423 3868 478 3929 alia
498 3868 650 3930 verborum
669 3890 720 3930 seu
743 3873 980 3952 coniugationum
999 3873 1216 3937 observationes
1239 3875 1385 3951 diversae,
1411 3896 1486 3956 quas

196 3968 349 4049 eonrpletis
367 3970 467 4031 ordine
483 3970 615 4050 partibus
630 3981 696 4034 octo
714 3975 853 4035 erationis
871 3975 1009 4055 deinceps
1031 3975 1230 4056 adiungemus.
1251 3975 1256 4059 Ι
1499 3996 1526 4036 as

652 4150 704 4211 llll
748 4149 796 4211 DE
817 4152 1026 4238 bndttctrto

284 4266 472 4346 Participinm
494 4275 538 4328 est
559 4287 626 4347 pars
648 4269 787 4330 orationis
808 4290 874 4332 cum
895 4281 1026 4351 tempore
1042 4280 1071 4332 et
1086 4290 1154 4333 rasu
1171 4271 1234 4333 sine
1248 4290 1373 4352 persona
1393 4277 1487 4336 active

199 4369 244 4430 rel
265 4371 379 4450 passive
401 4368 507 4448 aliquid
530 4368 711 4447 signiticans,
733 4379 764 4431 ut
786 4372 890 4453 limans
913 4375 1023 4453 legens.
1067 4375 1096 4434 in
1120 4374 1278 4454 participiis
1302 4375 1403 4435 eadem
1425 4377 1488 4457 ple-

79 4468 85 4483 '
176 4490 322 4550 mumque
342 4471 438 4533 enania
457 4471 675 4533 observabimus
694 4491 767 4550 quae
786 4474 816 4534 in
839 4475 1080 4556 appellationibus
1102 4475 1263 4555 verbisque.

213 4728 215 4732 >
271 4696 395 4749 linrobd
412 4714 479 4749 corr.
498 4694 587 4749 inchoa
605 4696 630 4745 N
712 4698 740 4747 ll
760 4701 782 4749 ai
800 4715 814 4748 e
834 4699 965 4749 Fabricius
983 4701 1004 4748 ai
1023 4713 1053 4748 eo
1070 4698 1095 4747 N
1175 4713 1236 4747 an..
1258 4696 1366 4766 leodem
1385 4700 1410 4749 N
1430 4708 1488 4749 ante

202 4768 289 4817 eadem
307 4786 328 4818 ω
401 4766 704 4833 leprecationem
772 4768 804 4819 19
822 4769 898 4819 audio
916 4768 1003 4818 audiui
1021 4769 1104 4818 ruurio
1120 4769 1214 4816 rrrrtriui
1225 4768 1250 4816 N
1317 4771 1351 4819 ab
1370 4769 1454 4835 littere
1467 4770 1489 4818 N

269 4838 302 4888 ‘27
319 4837 386 4904 apud
405 4836 557 4904 Vergilium]
576 4837 641 4887 Aen.
662 4838 709 4887 Vll
728 4836 779 4887 tea
848 4836 882 4888 30
899 4837 997 4888 adiecta
1016 4836 1043 4886 N
1109 4838 1142 4888 37
1160 4841 1243 4887 aetina
1262 4836 1302 4887 arel
1321 4841 1427 4903 pasalua
1446 4839 1472 4889 N
