3114 5356
566 327 773 391 PRAEFATIO
1282 350 1355 392 111111

57 527 121 581 tum
147 525 200 581 est
226 521 337 578 utrum
367 514 403 577 in
430 533 492 576 usu
515 511 645 576 dicendi
674 510 812 575 rationis
837 511 1015 574 necessitas
1042 531 1083 574 an
1107 511 1354 579 consuetudinis

59 617 188 682 licentia
204 615 344 695 valeret,
369 613 449 677 illud
468 614 573 699 ipsum
597 612 660 676 sibi
683 621 912 699 proposuerat,
943 621 980 674 ut
1001 610 1094 698 ‘qnid
1115 613 1158 675 sit
1187 633 1260 676 cum
1283 614 1354 678 offi-

57 720 113 783 ciis
135 731 250 782 rectae
271 715 533 798 constitutaeque
551 716 688 779 rationis
709 712 831 800 quidve
850 712 1002 775 licentius
1024 712 1187 798 proditum
1209 715 1354 800 require-

58 826 126 899 ret’,
146 819 257 882 111811
281 820 352 897 194,
372 818 420 896 13,
442 828 474 880 81
495 821 544 879 ‘ut
563 816 726 881 interdum
749 822 876 878 tacente
894 813 1021 877 ratione
1039 821 1195 898 quantum
1214 812 1279 876 sibi
1301 814 1355 879 de·

58 921 140 984 derit
160 917 343 983 auctoritas
362 914 542 1000 colligeret’
568 922 639 996 117,
661 923 690 981 7.
735 916 812 980 hine
834 912 916 977 nihil
940 914 1142 999 frequentius
1166 914 1200 976 in
1227 914 1278 979 his
1299 938 1353 980 ex·
1416 978 1422 991 ,

58 1020 177 1105 oerptis
199 1039 298 1105 qnam
318 1016 466 1103 8881118
490 1041 662 1105 quaecum
685 1021 811 1083 1811888
833 1016 921 1080 11818
941 1022 1017 1077 8881
1037 1012 1091 1077 vel
1112 1035 1197 1100 8888
1217 1017 1300 1080 18118
1321 1029 1356 1083 81

59 1130 174 1184 natura
195 1121 358 1183 sermonis
380 1117 508 1204 flagitat
529 1128 737 1207 opponuntur
759 1141 798 1183 88
819 1139 904 1204 quae
926 1124 1064 1199 excepta
1090 1126 1177 1196 sunt,
1198 1139 1283 1203 qnae
1304 1142 1353 1184 re·

22 1250 28 1263 ·
58 1220 165 1305 gulam
188 1241 255 1285 non
277 1228 400 1302 tenent,
423 1241 508 1306 quae
529 1229 624 1285 vetus
647 1219 791 1303 dignitas
812 1218 866 1282 181
881 1224 1029 1281 veterum
1050 1217 1183 1281 licentia
1207 1218 1353 1286 181888-

59 1323 172 1385 toritas
192 1332 342 1387 veterum
362 1319 414 1384 vel
438 1322 585 1385 suavitas
604 1321 731 1384 aurium
761 1319 888 1406 probat.
933 1318 1060 1382 881188
1088 1320 1188 1404 igitur
1215 1320 1354 1386 Romani

59 1423 139 1487 libro
162 1423 308 1486 maxima
330 1442 408 1509 pars
428 1443 540 1486 earum
561 1441 772 1507 1818188888
794 1420 836 1483 de
856 1440 920 1483 usu
940 1427 1087 1482 veterum
1117 1422 1196 1485 88118
1226 1423 1353 1488 subtili·

58 1534 105 1587 ter
126 1523 217 1610 apud
241 1523 428 1588 Charisium
448 1523 624 1588 adnotatae
641 1521 948 1586 88811818818881.
986 1521 1050 1583 18111
1073 1522 1101 1583 81
1123 1525 1253 1608 8888118
1275 1548 1353 1590 8881

58 1622 133 1709 8811
159 1634 290 1710 praeter
313 1624 372 1689 illa
389 1646 472 1711 quae
489 1626 560 1709 ipso
576 1625 706 1688 nomine
724 1624 882 1708 inscripta
897 1643 997 1708 supra
1012 1624 1168 1708 conposui
1184 1645 1225 1688 ex
1240 1626 1353 1690 codem

57 1723 139 1789 libro
159 1724 332 1790 Charisius
354 1727 524 1813 receperit,
549 1725 676 1791 duobus
698 1726 840 1790 maxime
868 1722 949 1788 locis
977 1726 1076 1789 etiam
1105 1726 1257 1813 antiquae
1280 1728 1354 1793 doc·

57 1828 162 1891 trinae
190 1827 351 1914 reliquiae
378 1836 506 1910 extant,
528 1827 574 1907 ⁸in
601 1825 668 1890 illis
705 1848 789 1912 quae
821 1826 861 1890 de
891 1825 1154 1890 extremitatibus
1187 1829 1353 1892 nominum

58 1928 179 2014 scripta
199 1937 278 1991 sunt
299 1932 352 2010 50,
377 1932 482 2015 7888.
506 1938 539 1992 81
562 1928 655 1992 iniis
677 1950 762 2015 8888
779 1930 876 1992 istum
897 1927 1162 1993 commentarium
1185 1928 1355 2014 excipiunt

59 2027 96 2091 18
117 2027 356 2116 1888888111818
379 2031 537 2093 8811118818
561 2038 593 2092 81
622 2029 664 2093 18
685 2031 872 2095 differentia
892 2029 1128 2096 vocabulorum
1155 2030 1213 2109 93,
1239 2032 1259 2093 3
1280 2051 1351 2117 sqq.

59 2152 98 2192 ex
116 2129 171 2196 bis
191 2151 299 2217 pauca
320 2131 482 2218 quaedam
498 2138 629 2218 praeter
643 2152 682 2194 ea
696 2154 779 2218 quae
796 2131 907 2219 paullo
921 2139 997 2194 ante
1013 2129 1160 2194 indicavi
1176 2150 1220 2192 88
1238 2130 1353 2194 881881
1369 2207 1373 2214 ¹

58 2230 152 2295 titulo
176 2231 218 2295 (18
241 2231 397 2319 analogia
423 2254 520 2320 quem
549 2232 582 2294 18
612 2232 775 2297 1188111111
799 2234 969 2298 Charisius
988 2231 1139 2296 exhibuit
1161 2230 1354 2320 deprompta

58 2341 142 2397 sunt
195 2332 291 2420 plura
319 2357 363 2400 ex
391 2334 485 2400 titulo
517 2334 557 2398 de
574 2337 748 2409 ,consortio
777 2356 911 2399 casuum
929 2335 999 2419 peti
1019 2341 1204 2421 potueruut.
1248 2355 1354 2422 equo

57 2433 151 2498 titulo
173 2456 259 2521 qnae
280 2437 350 2523 ipse
368 2436 535 2501 Romanus
560 2435 717 2500 indicauit
742 2440 810 2520 132,
834 2442 868 2501 31
896 2437 1004 2499 181888
1019 2444 1171 2499 accurate
1186 2434 1353 2524 descripta

57 2558 127 2600 esse
147 2536 306 2601 videntur
326 2541 378 2617 89,
399 2541 439 2600 24
462 2558 532 2623 sqq.
554 2559 751 2624 quamquam
778 2560 839 2603 nec
861 2539 970 2603 omnia
997 2559 1040 2601 88
1061 2537 1123 2601 hoc
1151 2536 1353 2624 fonte'repe

57 2639 157 2704 tenda
178 2647 256 2703 sunt
283 2640 539 2725 necquicquam
561 2642 694 2705 omnino
721 2662 781 2727 818
810 2648 899 2703 88118
926 2639 1064 2727 proponi
1091 2646 1200 2724 potest
1227 2660 1267 2702 88
1287 2660 1353 2705 ma-

57 2743 144 2804 xime
167 2740 209 2804 de
232 2760 342 2821 cansa,
363 2741 441 2827 8818
460 2763 525 2806 888
548 2744 627 2807 88118
651 2749 781 2807 8888181
801 2742 880 2829 8811
901 2742 943 2804 ab
965 2742 1037 2829 ipso
1056 2739 1204 2806 Romano
1226 2752 1353 2808 mutua-

58 2852 109 2908 tus
138 2843 184 2906 sit
211 2841 401 2922 Charisius,
426 2842 505 2929 quid
526 2844 569 2908 ab
593 2844 711 2908 iisdem
732 2844 920 2909 auctoribus
947 2842 1065 2930 quibus
1095 2842 1150 2906 ille
1176 2864 1256 2908 usus
1282 2853 1355 2908 erat

59 2945 228 3032 receperit
261 2942 474 3007 1888881881
496 2946 701 3031 potissimum
723 2931 924 3030 antiquiores
937 2945 1168 3031 grammaticos
1185 2934 1351 3010 Romanus

60 3056 188 3111 88881118
211 3067 283 3110 8888
300 3042 441 3128 videtur,
468 3044 739 3128 Plinium-cuius
760 3046 860 3111 libros
877 3047 969 3111 dubii
987 3047 1146 3112 sermonis
1161 3049 1352 3133 saepissime

60 3148 182 3230 citavit,
201 3157 235 3210 et
256 3144 459 3227 Suetonium,
479 3147 571 3210 88188
593 3169 712 3212 1181888
734 3150 767 3212 18
790 3142 934 3213 Charisii
955 3149 1121 3235 excerptis
1147 3147 1253 3213 tribus
1281 3156 1351 3214 tan·

60 3258 124 3313 tum
145 3249 229 3313 locis
252 3247 400 3311 relictum
424 3256 483 3330 est,
507 3252 577 3328 194,
602 3254 651 3314 15.
674 3253 748 3331 206,
771 3255 822 3333 25,
843 3260 876 3314 81
896 3249 1062 3336 adscripto
1083 3247 1179 3313 titulo
1200 3248 1276 3314 libri
1296 3250 1351 3315 ‘de

60 3349 152 3414 rebus
175 3351 292 3414 variis’
314 3350 453 3431 236,17.
476 3349 546 3434 1888
568 3350 746 3435 Romanus,
768 3354 861 3417 cuius
883 3373 978 3417 nemo
992 3361 1140 3417 veteram
1157 3353 1351 3438 scriptorum

60 3462 186 3536 praeter
212 3451 401 3516 Charisinm
430 3450 627 3515 mentionem
650 3453 744 3536 18811,
773 3475 837 3539 qna
864 3460 970 3517 aetate
992 3453 1128 3535 vixerit,
1155 3473 1260 3541 nuper
1288 3453 1352 3519 sibi

61 3555 223 3619 invenisse
244 3554 336 3617 visus
364 3560 413 3615 881
435 3550 590 3615 Osannus
616 3554 651 3616 in
681 3553 910 3618 dissertatione
933 3554 975 3618 (18
996 3553 1103 3641 Capro
1134 3564 1168 3618 et
1188 3554 1353 3639 Agroecio

62 3654 281 3737 grammaticis
312 3673 343 3718 8.
369 3653 448 3717 1849
479 3651 567 3716 81118
593 3676 625 3739 p.
649 3660 678 3717 7.
724 3678 797 3720 narn
820 3678 863 3720 ex
885 3676 923 3721 eo
953 3654 1040 3742 quod
1061 3654 1268 3721 Hadrianum
1293 3657 1352 3720 im·

63 3767 242 3841 peratorcm
265 3754 377 3819 divum
399 3753 544 3840 appellat
563 3757 635 3838 2119,
660 3759 714 3837 12;
739 3761 775 3822 18
799 3767 831 3820 et
853 3758 924 3838 222,
943 3760 981 3820 21
1003 3756 1225 3822 (181888811818
1247 3757 1352 3822 voluit

62 3856 237 3922 Romanum
254 3855 342 3919 haud
355 3853 458 3919 multo
469 3864 542 3942 post
555 3877 628 3920 eum
642 3859 868 3944 imperatorem
878 3858 1012 3922 vixisse.
1035 3857 1140 3923 solere
1152 3857 1239 3921 enim
1250 3859 1351 3945 scrip

61 3967 143 4023 tores
168 3957 263 4023 illum
278 3956 410 4021 honoris
428 3955 560 4021 titulum
579 3958 621 4020 iis
638 3959 834 4023 Caesaribus
856 3958 1001 4023 tribuere
1023 3959 1078 4045 qni
1105 3966 1211 4023 aetate
1233 3980 1351 4046 aequa·

61 4058 103 4125 les
125 4061 270 4125 fuissent
289 4057 343 4122 vel
359 4065 452 4121 88118
473 4078 575 4143 prope
596 4057 638 4121 ab
660 4060 802 4145 ipsorum
819 4059 1020 4145 temporibus
1032 4060 1204 4125 afuissent.
1230 4061 1263 4124 in
1286 4081 1350 4147 quo

61 4183 116 4246 ego
138 4162 241 4226 miror
261 4182 321 4224 cur
341 4181 407 4224 non
426 4157 511 4222 illud
528 4162 635 4246 potius
658 4170 884 4247 argumentum
905 4163 1050 4248 posuerit
1063 4163 1116 4227 vir
1132 4162 1350 4240 doctissimus,

61 4264 142 4349 quod
155 4264 335 4333 Romanus.
358 4282 432 4325 enm
447 4259 653 4325 Hadrianum
675 4263 790 4327 divum
812 4271 1000 4327 constanter
1017 4264 1213 4350 appellaret,
1235 4263 1350 4328 881818

59 4365 275 4453 appellatione
297 4382 474 4449 numquam
495 4383 575 4427 usus
600 4371 650 4427 881
671 4365 706 4428 111
725 4363 837 4428 Marco
856 4363 1008 4446 Aurelio,
1030 4366 1125 4429 euius
1151 4365 1193 4429 ad
1214 4364 1350 4429 Fronto·

60 4487 129 4531 nem
148 4467 310 4553 epistulas
333 4463 665 4547 888818118111223,
688 4468 740 4546 26,
762 4467 892 4552 saepius
915 4465 1091 4530 Frontonis
1112 4465 1154 4529 ad
1177 4465 1350 4552 imperato

60 4573 222 4648 1818127,
246 4572 277 4634 3.
310 4572 386 4640 197,
413 4568 445 4631 3.
473 4569 554 4650 296,
582 4570 608 4629 1.
637 4568 713 4648 223,
743 4572 780 4649 83
802 4569 852 4648 27,
876 4577 913 4630 81
933 4565 1081 4650 intellegi
1102 4567 1208 4652 possit
1224 4565 1350 4629 vixisse

61 4670 225 4736 Aurelium
240 4679 401 4734 18188818
423 4668 505 4732 11888
523 4668 761 4733 scribebantur.
798 4689 911 4731 verum
930 4677 1040 4732 tamen
1061 4688 1103 4731 88
1124 4665 1200 4728 huie
1218 4665 1349 4750 quidem

62 4771 101 4833 rei
122 4771 261 4836 multum
281 4769 392 4834 tribuo
413 4769 606 4855 praesertim
624 4768 659 4832 in
677 4769 772 4834 titulo
793 4770 879 4846 libri,
901 4772 934 4833 in
948 4787 1012 4854 quo
1032 4774 1119 4831 certe
1133 4785 1269 4830 neeesse
1284 4789 1350 4832 non

63 4883 123 4936 crat
141 4884 178 4937 nt
196 4883 273 4960 post
293 4876 431 4937 mortem
452 4868 658 4955 imperatoris
676 4871 791 4935 titulus
813 4868 945 4932 honoris
959 4866 1146 4954 adderetur,
1168 4874 1205 4932 ut
1227 4865 1351 4933 iactum
