3114 5356
621 293 704 354 aad.
729 291 869 354 Glldblbl.
891 292 963 356 LlB.
985 294 1027 355 lll
1404 302 1466 362 479

231 409 298 452 .us.
313 408 339 447 re
354 407 377 447 r.
1251 414 1412 456 ,ιιι-ιιι.

161 422 314 552 tribberis‚
346 477 527 551 teuthasius,
558 496 647 556 quem
674 478 792 555 quidam
817 477 1087 557 brar-hysyllabum,
1114 478 1164 540 alii
1190 426 1374 560 tridrcheou,
1405 506 1464 548 oon

161 581 235 643 nulli
256 598 417 660 pygmona,
446 579 577 658 plerique
598 579 731 640 chorium
752 587 934 658 nuncupant.
970 587 1086 639 constat
1103 599 1139 664 ex
1156 581 1250 644 tribus
1271 583 1426 659 brevibus,
1447 607 1464 648 a

160 682 270 761 quihus
292 698 400 741 nomen
420 681 548 760 accepit,
572 688 603 741 ut
622 679 742 740 llelena.
780 679 899 739 chorius
920 687 1018 740 autem
1037 679 1103 741 ideo
1126 682 1236 758 dictus,
1260 685 1328 761 quia
1347 685 1463 748 choreis

162 772 252 845 huius
267 781 431 861 conpositio
447 781 591 842 convenit.
627 780 696 841 huic
717 780 883 842 contrarius
905 791 951 841 est
970 780 1130 855 molossus,
1152 785 1463 860 rortumnius,e1ten·

132 887 261 966 ssipes,
290 900 378 960 quem
405 881 452 942 alii
481 883 613 962 hippium
643 880 686 941 vel
710 881 871 942 Chaonium
893 879 1004 942 dicunt.
1049 890 1221 944 constater
1248 884 1342 947 tribus
1367 885 1462 966 longis

162 994 330 1062 temporum
358 1001 425 1055 sax,
458 990 490 1042 ut
509 985 639 1056 deneas,
677 982 744 1042 ideo
771 980 920 1043 molossus
948 982 1059 1056 dictus,
1092 983 1160 1062 quia
1187 984 1325 1062 Molossi,
1357 987 1388 1048 id
1417 998 1463 1049 est

162 1082 312 1154 Thessali,
344 1082 381 1142 ad
408 1082 518 1143 bellum
546 1082 741 1161 procedentes
768 1083 856 1144 buius
882 1082 1031 1145 modulata
1058 1086 1261 1164 conpositione
1289 1087 1462 1164 utebantur3

162 1183 283 1263 hippius
303 1202 389 1256 rero,
407 1184 538 1260 equestri
558 1182 670 1243 scilicet
689 1201 805 1262 pugnae
827 1184 1004 1244 couveniens
1022 1184 1236 1247 modulabatur.
1261 1187 1267 1269 Ι
1294 1189 1462 1268 amphibra-

162 1285 249 1362 chys,
283 1284 395 1356 lanius,
426 1283 639 1362 amphibreris‘,
674 1283 725 1362 qui
746 1291 776 1343 et
796 1283 914 1373 scolius.
962 1293 1078 1346 constat
1104 1305 1139 1347 ex
1165 1286 1246 1348 brevi
1269 1297 1299 1350 et
1324 1289 1412 1369 longa
1432 1300 1462 1351 et

120 1407 148 1447 ro
163 1385 243 1446 brevi
265 1394 429 1466 tompomm
451 1391 605 1462 quattuor,
628 1391 659 1444 ut
682 1384 797 1458 carina,
834 1384 932 1444 dictus
956 1404 973 1444 a
995 1386 1110 1448 duabus
1131 1388 1284 1464 brevibus,
1315 1391 1461 1469 aquibus

162 1505 198 1546 ex
220 1493 343 1562 utraque
367 1492 449 1564 parte
468 1484 564 1545 media
586 1484 672 1563 longa
697 1485 880 1560 caminetum
910 1484 1020 1548 scobus
1037 1505 1156 1565 quoque
1176 1489 1258 1564 ideo,
1286 1491 1356 1568 quia
1376 1491 1459 1552 habi-

162 1587 229 1647 liter
251 1585 427 1664 conponitur
445 1583 546 1645 scotia.
591 1592 638 1646 est
657 1593 756 1654 autem
773 1584 901 1648 citharae
924 1587 1039 1666 species
1062 1588 1209 1649 mensalis.
1253 1591 1323 1653 huic
1346 1602 1463 1653 contra·

162 1687 225 1747 rius
247 1693 293 1746 est
313 1685 546 1766 amphimacms,
578 1687 642 1763 [ut]
664 1686 881 1761 Fescenninus,
915 1687 1127 1768 amphimeres,
1154 1706 1241 1768 quem
1263 1690 1311 1751 alii
1330 1693 1460 1754 creticon

160 1787 323 1867 appellant.
367 1793 484 1847 constat
505 1805 540 1846 cx
562 1786 648 1864 longa
671 1795 701 1847 et
723 1787 803 1848 brevi
825 1795 855 1848 et
875 1786 964 1866 longa
992 1797 1157 1868 temporum
1176 1791 1319 1869 quinque,
1339 1775 1383 1854 ¹ut
1403 1793 1460 1854 lle·

120 1907 146 1946 rs
160 1886 309 1966 mophon,
339 1886 435 1948 dictus
455 1906 473 1948 a
494 1887 608 1948 duabus
628 1886 742 1966 longis,
765 1906 783 1949 a
804 1888 911 1966 quibus
935 1890 1079 1968 utrimque
1098 1891 1194 1952 media
1216 1891 1313 1952 brevis
1331 1893 1461 1971 amplec-

124 2008 127 2013 ·
160 1989 248 2063 titur;
277 1986 403 2048 creticus
432 2005 563 2066 quoque,
594 1987 663 2065 quia
690 1988 792 2050 Cretes
825 1989 960 2052 saltando
993 1990 1058 2051 eius
1085 1990 1228 2069 rydrmica
1255 1991 1460 2082 conpositione

160 2087 328 2150 utebantur.
371 2088 529 2163 bacchius,
563 2088 736 2178 Ocnotn'ps,
768 2089 946 2171 tripodisus,
979 2108 1066 2169 quem
1090 2090 1194 2154 Graeci
1212 2092 1395 2173 pariambum
1416 2095 1461 2154 di·

160 2196 242 2250 cunt.
286 2196 403 2277 constat
430 2208 465 2250 ex
492 2190 573 2251 brevi
596 2197 626 2251 et
647 2190 761 2253 duabus
787 2189 884 2269 longis
913 2199 1078 2271 temporum
1101 2193 1247 2271 quinque,
1283 2202 1317 2255 ut
1342 2198 1460 2274 Agenor

158 2290 306 2364 Athenae,
338 2289 435 2350 dictus
455 2282 536 2367 παρὰ
555 2283 607 2362 τὰς
632 2284 766 2369 Βάκχας,
797 2292 865 2369 quia
886 2291 1097 2355 bacchantibus
1119 2295 1327 2357 convenienter
1348 2315 1460 2376 conpo-

118 2415 146 2455 ιι
161 2390 295 2451 uebatur.
311 2385 326 2472 ΙΙ
340 2390 410 2450 lmic
428 2390 594 2451 contrarius
616 2400 663 2453 est
678 2391 914 2472 palinbacchius,
935 2394 1050 2468 Latius,
1070 2395 1121 2472 qui
1142 2403 1172 2456 et
1193 2397 1366 2473 Saturnius,
1392 2398 1460 2460 ulti·

159 2491 314 2565 mibreris,
348 2496 437 2568 quem
459 2491 577 2568 quidam
603 2493 831 2574 propompicon,
857 2492 862 2578 Ι
888 2496 936 2557 alii
958 2494 1110 2557 theseleon
1131 2504 1245 2559 vocant
1289 2505 1459 2560 constater

159 2591 276 2653 duabus
298 2591 395 2669 longis
415 2601 445 2652 et
464 2591 545 2653 brevi
567 2602 731 2672 temporum
754 2595 888 2671 totidem,
910 2605 942 2657 ut
963 2604 1084 2673 natura,
1115 2598 1228 2671 dctus,
1251 2599 1459 2685 quiacontra-

158 2693 223 2754 rius
249 2700 296 2752 est
321 2691 455 2752 bacchio.
499 2688 578 2773 apud
607 2694 735 2758 Graecos
761 2697 840 2759 enim
866 2690 957 2756 πάλιν
983 2698 1163 2761 contrarium
1189 2699 1350 2778 significat,
1384 2699 1458 2760 adeo

158 2793 323 2854 παλίντονα
340 2784 417 2864 τόξα.

117 2927 145 2967 2,
243 2894 289 2955 Ex
310 2893 356 2955 his
381 2893 518 2956 omnibus
539 2895 616 2957 inter
636 2916 670 2958 sc
696 2899 794 2961 mixtis
818 2899 867 2961 alii
894 2899 1034 2979 deinceps
1056 2900 1147 2981 pedes
1176 2899 1334 2987 conplures
1354 2917 1458 2976 synzu-

158 2997 261 3075 ginere
280 3004 452 3059 nascuntur.
496 3015 565 3058 nam
584 3016 672 3076 quem
694 3000 870 3063 admodum
891 3000 983 3079 pedes
1006 2999 1137 3080 disyllabi
1162 3010 1300 3080 quattuor
1319 2997 1456 3076 geminati

158 3097 289 3160 sedecim
310 3097 443 3177 duplices
464 3099 553 3173 bunt,
585 3118 661 3178 quos
683 3101 785 3163 Graeci
812 3102 967 3182 synzugias
997 3110 1114 3174 vocant,
1145 3103 1184 3163 ita
1211 3102 1288 3163 idem
1316 3118 1384 3159 cunr
1408 3100 1459 3161 tn'-

158 3270 311 3323 antistrol'en
330 3270 380 3335 (rei
399 3270 589 3323 lerantistrol'en
608 3272 646 3337 B)
663 3272 729 3334 4711,
748 3274 783 3324 22
801 3276 860 3339 quia
878 3279 1020 3326 contrarius
1039 3285 1077 3325 est
1096 3274 1198 3325 bacchio
1216 3301 1250 3308 —
1269 3274 1329 3333 4711,
1348 3274 1383 3323 27
1400 3291 1456 3325 cunr

158 3341 297 3406 trisyllabis
314 3342 391 3390 iuncti
409 3341 542 3391 tribrachis
559 3342 677 3391 trihreuis
697 3342 785 3393 ABM
799 3348 956 3410 interpositis
976 3349 1008 3397 ia‘s
1030 3361 1095 3410 quae
1117 3343 1187 3404 infru
1210 3356 1256 3392 sao
1274 3345 1330 3392 loeo
1347 3349 1458 3407 repetita

156 3421 215 3463 saort
292 3410 305 3460 l
324 3420 444 3473 tanquam
460 3413 541 3462 tasius
559 3424 576 3467 ς
594 3426 641 3460 seu
657 3411 768 3463 Thasius
785 3415 919 3474 Butsela'us
936 3430 983 3465 ceu
1000 3413 1136 3474 dibraehys
1153 3412 1259 3473 coniecit
1276 3412 1412 3463 &memus
1429 3417 1457 3463 ιἰι

161 3533 307 3586 Terentius.
325 3528 415 3582 Maur.
430 3547 459 3594 p.
479 3530 513 3580 75
583 3488 732 3581 triobchson
751 3532 778 3582 B
792 3532 930 3584 trochaeon
948 3548 975 3594 ς,
993 3535 1062 3600 quod
1072 3495 1191 3595 probavit
1207 3530 1345 3579 Sastesr'rrs
1359 3526 1387 3579 is
1410 3532 1457 3581 Te-

157 3603 267 3651 rentina.
286 3598 374 3651 Mam.
391 3617 418 3664 p.
439 3599 488 3649 107
517 3600 663 3650 trinocheon
680 3601 832 3655 Caesarius:
856 3604 1140 3669 trochionmpygmona
1158 3596 1372 3662 bracbpsyllahon
1392 3601 1455 3650 Cae-

156 3672 211 3721 sius
228 3667 329 3719 Bassus
342 3686 370 3733 p.
384 3667 453 3719 26116
530 3669 547 3717 2
565 3670 688 3737 pigmoua
706 3670 740 3720 M
755 3687 899 3737 pygmeona
918 3674 1068 3725 Gemmas:
1087 3667 1154 3717 idem
1170 3675 1194 3716 et
1206 3667 1348 3784 pignomus
1366 3683 1382 3716 a
1399 3669 1454 3732 qni-

157 3738 277 3797 lrusdam,
304 3752 335 3785 ne
353 3752 400 3788 ros
417 3748 574 3804 praetereat,
599 3748 702 3789 vocatur
719 3740 822 3792 Marius
841 3745 988 3801 Victorinus
1003 3757 1031 3803 p.
1050 3736 1118 3787 2487
1241 3735 1301 3797 quia
1320 3735 1405 3786 choris
1424 3737 1456 3786 M

226 3808 245 3857 4
262 3814 443 3863 ιιειιιιιιιιιιιιις
513 3808 530 3859 5
547 3808 687 3858 eunonium
704 3810 840 3863 Sententiis
851 3817 879 3866 in
897 3812 1036 3862 remutare
1053 3805 1139 3856 Μαιιν.
1150 3821 1179 3869 p.
1189 3804 1222 3855 75
1240 3803 1359 3855 chauinm
1371 3805 1456 3856 ΑΒΜ

156 3876 258 3927 canium
275 3889 322 3932 ς.
363 3877 523 3927 7modoletn
541 3877 573 3927 M
641 3878 852 3930 Bmodulohatur
869 3895 887 3937 ς
905 3876 1073 3929 modulabitur
1092 3874 1149 3924 BM
1172 3872 1341 3923 modolabitur
1358 3873 1384 3921 A

156 3946 302 4001 biennes
388 3946 534 3996 amdbreuis
553 3947 579 3997 B
603 3949 720 4011 utrinque
746 3950 832 3999 breuis
855 3949 1006 4000 mesano:
1031 3943 1184 3993 smbibreuis
1202 3943 1310 3994 contem
1332 3942 1453 3996 Wasses-

155 4015 274 4078 herodias
292 4016 363 4080 apud
378 4015 522 4067 Sastear'wn
540 4019 567 4067 is
589 4019 731 4068 Terentius.
748 4018 836 4070 Maur.
849 4032 878 4080 p.
892 4015 928 4066 90
998 4014 1028 4064 ll
1048 4012 1161 4063 scholins
1174 4010 1259 4061 ΑΒΜ
1329 4013 1454 4065 1240110-

157 4084 192 4132 lio
209 4083 296 4133 ΑΒΜ
381 4084 499 4147 cytharae
518 4085 588 4134 BM:
615 4087 756 4135 cantilenae
773 4088 877 4138 coniecit
896 4086 1031 4136 Santenius
1054 4086 1080 4134 in
1101 4083 1245 4133 Terentina.
1263 4081 1353 4133 Matar.
1371 4100 1400 4149 p.
1419 4083 1454 4136 sd

225 4153 348 4203 mensalis
367 4154 410 4216 qui
428 4155 536 4203 creticus
554 4155 678 4219 apellatur
696 4154 754 4203 huic
771 4156 796 4203 B
867 4153 898 4205 ta
916 4153 1061 4204 fescennius
1079 4151 1140 4202 BM
1207 4150 1350 4201 amfimeres
1370 4151 1456 4201 ΑΒΜ

156 4221 329 4286 amphimaros
354 4236 371 4278 ς
464 4223 495 4272 17
518 4223 668 4288 tropodiens
693 4223 723 4271 M
746 4222 870 4286 tripodiss
894 4224 1000 4272 salutem
1019 4236 1036 4279 ς
1058 4221 1183 4286 tripodius
1202 4219 1298 4270 saltans
1317 4221 1455 4273 (lanarius

225 4289 402 4356 pariambum]
425 4291 636 4355 palimbacchium
659 4293 766 4343 coniecit
781 4292 917 4342 Sonteaius
934 4295 959 4342 in
981 4291 1123 4341 Terentieis.
1143 4290 1231 4339 Maur.
1247 4306 1276 4352 p.
1295 4289 1330 4341 89
1420 4291 1454 4340 ll]

155 4367 260 4425 paratos
277 4360 385 4409 bacchas
404 4360 429 4406 A
447 4369 549 4425 paratas
566 4360 656 4408 baccas
674 4359 733 4409 ΒΜ
806 4361 866 4424 qnia
884 4361 909 4410 B
925 4361 968 4422 qui
984 4359 1041 4408 ΑΜ
1111 4358 1146 4408 20
1163 4359 1238 4406 latius
1259 4357 1307 4408 Ma
1323 4359 1401 4407 tatius
1419 4359 1453 4418 A,

155 4445 203 4479 out.
221 4428 249 4477 B
336 4431 483 4479 saturninus
500 4428 525 4475 Α
612 4426 692 4475 ultimi
718 4428 810 4479 breues
833 4429 859 4479 B
882 4429 971 4478 ultime
992 4427 1077 4478 breuis
1097 4427 1131 4476 M
1151 4426 1196 4475 ulti
1211 4425 1297 4475 breuis
1314 4425 1340 4473 A
1365 4425 1454 4476 ultima

156 4497 230 4546 breui
254 4509 272 4552 ς
364 4496 396 4545 21
422 4512 468 4563 pro
488 4496 587 4545 ontimn
612 4508 638 4550 ς.
672 4495 805 4577 pomplcus
833 4501 925 4549 dicim
940 4496 1137 4561 palimbacchius
1159 4511 1176 4544 a
1203 4493 1292 4546 Mario
1321 4496 1454 4547 Victorino

151 4582 181 4631 p.
198 4564 285 4624 2488,
304 4511 496 4630 προσοδιακιξς
506 4558 555 4611 sul
568 4575 759 4626 uopuevttttos
772 4584 790 4617 c
798 4568 935 4619 scholiasta
946 4567 1142 4631 Hephaestionis
1153 4581 1180 4628 p.
1192 4564 1242 4613 172
1256 4562 1339 4627 (laiss.
1350 4564 1390 4614 ed.
1401 4581 1452 4641 see.

226 4633 417 4690 Thessaleous
505 4631 539 4682 ta
561 4633 630 4697 palin
650 4632 737 4683 ΑΒΜ
822 4637 858 4687 24
880 4637 994 4704 palinton
1014 4643 1090 4683 atoxa
1107 4633 1194 4683 ΑΒΜ
1215 4629 1370 4680 παλίντονα
1386 4630 1455 4694 toga

155 4702 290 4752 τιταίνων
312 4704 432 4754 cornibus
456 4703 522 4751 inter
545 4715 573 4750 se
595 4704 729 4753 contrariis
753 4717 771 4762 ς
858 4706 954 4757 2111111
971 4703 1062 4753 his-
1079 4701 1145 4764 480,
1163 4702 1181 4752 6
1199 4700 1344 4751 nominatur
1360 4704 1454 4755 Donat.

151 4790 182 4839 p.
203 4772 273 4824 17411
349 4773 382 4821 27
402 4771 497 4821 iaciunt
514 4771 650 4825 emotus
