3114 5356
615 273 747 337 tustra.
769 272 879 337 (111111.
901 272 972 336 LIB.
995 276 1009 338 1
1390 273 1449 336 135

298 390 323 433 r.
1310 417 1317 432 .
1370 389 1396 431 u.

154 390 289 525 „eiii
305 462 535 524 Leucatam’.
580 462 696 541 quidam
718 470 815 524 tamm
833 460 877 524 sic
896 462 974 524 istud
995 471 1111 539 notant,
1136 462 1219 542 quasi
1245 391 1394 526 sitpurissum
1415 482 1450 525 ac
1472 462 1475 467 ’

157 586 266 630 novum
288 563 404 626 duabus
426 563 543 643 syllabis
565 583 710 626 crescens.

243 666 343 732 Imber
368 674 401 726 ut
426 667 593 746 september
619 668 739 728 october
765 664 923 727 november
949 664 1104 728 december
1129 674 1212 747 pater
1238 673 1331 726 mater
1361 664 1451 726 trater

161 779 313 849 equester,
341 769 479 846 quoniam
508 788 582 849 quae
608 786 664 830 nec
690 766 884 829 conlationem
910 767 1054 848 recipiunt
1079 786 1134 828 nec
1159 768 1190 829 in
1215 767 1312 830 neutri
1334 765 1449 845 generis

125 871 271 934 eradunt
293 872 434 946 immam,
464 879 494 932 ut
520 871 630 933 Plinius
656 870 757 932 eodem
785 869 859 931 libro
887 871 924 932 Vl
951 869 1094 948 loquitur,
1123 889 1182 931 non
1206 870 1236 933 in
1258 871 1283 931 is
1306 887 1375 930 casu
1396 887 1450 931 nc·

162 973 299 1036 minativc
320 990 444 1035 numero
463 973 600 1052 singulari
623 972 674 1034 sed
697 972 726 1032 in
747 991 763 1032 r
783 971 891 1033 debent
907 972 989 1034 vocis
1009 971 1116 1033 exitum
1136 971 1251 1034 ducere.

246 1075 347 1136 lurum
371 1074 442 1135 Cato
471 1073 623 1151 Originum
651 1074 714 1146 Vll,
743 1072 882 1135 ‘inrum
909 1075 1109 1154 legumque
1142 1073 1345 1149 cultores',
1380 1070 1451 1133 iicet

164 1178 214 1238 iae
233 1195 358 1238 numero
384 1175 487 1256 plurali
510 1183 621 1236 tantum
646 1175 733 1237 modo
752 1195 807 1257 per
825 1177 1033 1241 nominativum
1056 1185 1085 1236 et
1099 1176 1295 1238 accusativum
1318 1183 1347 1236 et
1365 1194 1449 1237 vcca-

165 1280 254 1342 tivum
275 1277 456 1353 declinetur,
482 1285 514 1340 ut
535 1279 624 1339 maria
647 1297 713 1339 rura
735 1296 786 1339 aer
823 1279 896 1363 iura.

135 1396 157 1439 a
246 1381 347 1461 Lepus
368 1380 492 1461 leporis,
510 1379 597 1460 lupus
614 1380 689 1459 lupi,
712 1296 834 1459 quiabs
848 1381 930 1442 linita
949 1381 1065 1444 nomina
1083 1381 1243 1443 masculina
1265 1389 1293 1443 et
1312 1381 1450 1443 feminina

165 1483 244 1564 peri
266 1482 311 1544 vel
333 1499 387 1561 per
407 1501 443 1543 us
465 1476 532 1567 [ant
552 1500 605 1562 por
626 1476 669 1565 is]
694 1481 804 1543 iaciunt
824 1482 1004 1561 genetivum,
1023 1491 1127 1545 neutra
1148 1503 1202 1564 per
1222 1484 1258 1547 is.
1302 1483 1451 1564 excipiun-

166 1592 212 1645 tur
226 1585 256 1646 in
275 1583 446 1646 masculinis
462 1582 551 1662 Ligus
568 1582 657 1662 lepus
680 1592 771 1645 vetus.

245 1685 380 1747 Later-ale
402 1703 439 1745 an
460 1683 606 1746 lacerare?
627 1685 676 1747 ubi
698 1685 807 1747 Plinius
828 1686 931 1748 eodem
953 1686 1026 1749 libro
1049 1688 1085 1748 Vl
1106 1688 1144 1750 ‘si
1163 1707 1181 1749 r
1197 1688 1293 1750 littera
1315 1707 1451 1768 praeces·

167 1787 236 1848 serit
253 1788 283 1849 in
302 1805 486 1867 quacumque
513 1787 636 1867 syllaba,
665 1788 747 1867 sequi
771 1787 857 1850 debet
877 1789 904 1863 l,
930 1800 962 1851 ut
980 1790 1128 1869 augurale.
1173 1798 1273 1851 contra
1292 1789 1317 1851 si
1337 1790 1347 1850 l
1367 1808 1452 1870 prae·

135 1890 302 1964 noceat,
324 1889 408 1968 sequi
429 1889 515 1951 debet
534 1909 565 1964 r,
586 1897 618 1950 ut
632 1888 763 1950 molare’.
797 1888 876 1968 qnod
895 1887 964 1971 περὶ
987 1881 1191 1973 ὀρθογραῳίας
1209 1891 1343 1970 congruit
1361 1908 1451 1968 quac·

168 1991 309 2054 alicuibus
330 1990 476 2071 copulare.

245 2095 335 2156 Later
362 2112 400 2155 an
426 2090 544 2155 lateris?
570 2101 600 2154 et
626 2093 695 2156 huic
718 2094 926 2157 nominativum
953 2094 1128 2174 singularem
1151 2093 1293 2157 ablativus
1317 2093 1451 2158 restituet

168 2197 339 2278 singtdaris,
360 2195 385 2258 si
406 2214 423 2256 e
443 2195 569 2257 litteram
591 2194 734 2279 deponat:
764 2199 851 2258 Varro
875 2197 910 2258 de
934 2216 1068 2259 sermone
1090 2196 1193 2258 Latino
1216 2196 1238 2255 V
1263 2196 1378 2259 ‘later
1393 2197 1451 2258 lu·

166 2308 237 2361 tum
256 2300 472 2378 iugmenta'.

132 2417 157 2458 a
247 2402 343 2464 Lacer
364 2418 402 2460 an
426 2397 550 2461 laceris?
571 2408 603 2461 ut
629 2408 712 2462 tener
737 2420 819 2481 puer.
864 2400 993 2463 ultimam
1015 2399 1092 2461 enim
1113 2399 1240 2461 vocalem
1261 2400 1286 2463 si
1308 2399 1449 2463 ablativus

166 2503 309 2577 amiserit,
332 2500 412 2561 dabit
434 2501 508 2563 scire
530 2501 631 2580 qualis
656 2522 721 2564 esse
734 2503 845 2564 'debeat
865 2501 1067 2565 nominativus,
1112 2500 1231 2564 Ovidius

328 2602 428 2664 mille
450 2590 555 2664 lacer'
571 2623 750 2684 spargere
773 2603 882 2680 locis,

162 2707 240 2788 quod
262 2707 302 2768 ita
328 2704 385 2765 dici
406 2703 517 2765 debere
537 2712 566 2765 et
589 2708 697 2768 Caesar
721 2708 758 2768 de
779 2707 909 2787 analogia
931 2707 1005 2771 libro
1024 2709 1051 2771 11
1071 2727 1127 2769 uec
1148 2727 1208 2770 non
1230 2715 1260 2770 et
1276 2706 1392 2789 Valgius
1414 2708 1450 2768 de

160 2811 251 2872 rebus
272 2828 328 2890 per
350 2807 501 2887 epistulam
523 2807 662 2886 quaesitis
685 2808 847 2890 disputant

124 2923 149 2967 rs
248 2912 366 2973 Laurus
386 2909 479 2985 Marc,

159 3099 189 3160 'd
330 3012 428 3073 inter
447 3012 625 3074 victrices
650 3013 811 3077 hederas
833 3015 902 3078 tibi
925 3036 1079 3097 serpere
1100 3017 1243 3092 laurus,

157 3118 240 3161 lem
330 3181 533 3259 liminaque
553 3181 757 3262 laurusque
777 3185 843 3247 dei.

161 3410 195 3462 17
213 3436 250 3445 -
266 3408 300 3459 aa
319 3407 345 3456 u
1197 3403 1222 3472 p
1234 3392 1314 3456 vidam
1333 3407 1402 3472 pona

338 3493 412 3543 Later
429 3506 460 3543 an
477 3491 563 3543 lateris
581 3501 605 3543 ct
617 3494 677 3544 huic
692 3496 874 3546 nominatinnm
886 3493 1042 3562 singularem
1060 3492 1118 3543 ablt'a
1131 3493 1246 3543 restituet
1264 3493 1339 3556 alngir
1354 3495 1404 3542 eie

304 3594 378 3631 narro
399 3579 431 3629 de
448 3594 563 3629 sermone
582 3579 658 3631 latino
678 3585 720 3633 .V.
740 3583 802 3633 later
819 3582 898 3632 lutum
915 3584 1045 3648 iugmeuta
1063 3593 1079 3633 :·
1098 3575 1121 3646 il
1135 3579 1172 3628 bit
1190 3580 1254 3628 scire
1269 3579 1298 3627 e'e
1310 3576 1401 3626 debeat

158 3674 196 3723 20
337 3667 415 3717 baeer
429 3679 459 3714 an
475 3666 564 3715 laceris
584 3675 610 3716 ut
627 3675 696 3720 tener
713 3685 777 3736 puer
795 3668 884 3719 ultimi
898 3667 926 3717 tt
942 3666 1029 3717 nccale
1044 3666 1067 3715 si
1080 3664 1207 3715 ablaticus
1230 3665 1281 3714 ami
1287 3698 1362 3714 .....
1375 3663 1408 3712 da

304 3752 472 3803 nominatiuus
497 3752 597 3802 cnidius
620 3754 690 3804 mille
714 3755 782 3806 lacer
804 3771 925 3823 spargere
947 3755 1010 3805 locis
1034 3752 1102 3816 quod
1128 3752 1163 3801 ita
1189 3750 1241 3800 dici

303 3853 388 3889 caesar
399 3839 430 3888 de
439 3814 556 3905 aniiogia
573 3839 618 3894 lib.
631 3842 663 3895 ll.
677 3856 724 3893 nec
737 3843 754 3892 ri
767 3850 790 3893 et
802 3843 903 3910 ualgius
913 3843 944 3893 de
955 3840 1008 3891 reb:
1024 3855 1071 3907 per
1086 3836 1235 3905 epistularis
1242 3871 1324 3887 ........
1331 3841 1401 3883 utant

159 3930 197 3981 25
339 3927 435 3975 Laurus
467 3941 536 3975 marc
570 3926 634 3977 inter
661 3930 778 3981 uictrices
805 3930 913 3982 hederas
940 3930 987 3980 tibi
1012 3943 1115 3995 serpere
1140 3926 1226 3977 laurus
1232 3959 1307 3975 .....
1314 3922 1402 3984 miuaq'

302 4012 414 4075 laurusq.
454 4013 495 4063 dei
535 4012 602 4063 idem
640 4023 664 4064 et
699 4031 771 4066 sacra
812 4016 943 4067 redimitus
980 4023 1092 4079 tempora
1125 4006 1316 4062 latro...taurt
1328 4022 1398 4056 moro

231 4152 360 4217 Pleraque
377 4151 474 4215 integro
492 4153 551 4217 tegit
564 4153 665 4205 Pierius
736 4152 767 4205 ta
785 4155 807 4204 si
829 4153 960 4204 aliteram
976 4167 1069 4219 ponem
1087 4168 1108 4201 ω
1178 4151 1213 4202 20
1236 4146 1362 4199 ablaticus
1386 4144 1449 4193 ami·

160 4223 224 4272 serit
241 4222 313 4272 dabit
329 4240 350 4271 ω
419 4220 452 4303 22
470 4222 521 4302 dici
538 4222 610 4273 solet.
627 4223 719 4274 Caesar
735 4241 757 4274 ω
826 4226 861 4275 24
879 4239 926 4319 pep
939 4222 1072 4289 epistolam
1091 4221 1222 4285 quaesitis.
1242 4218 1340 4268 murus
1357 4229 1379 4264 ω

159 4292 196 4344 26
213 4290 310 4344 laurus.
329 4290 406 4342 ldem.
426 4290 581 4356 bumanaqua
595 4309 616 4344 ω

230 4502 291 4553 diu
313 4515 341 4549 er
359 4500 449 4550 debant
466 4517 487 4550 ω
565 4503 689 4568 ilerum]
709 4502 807 4555 ctam.
825 4520 851 4568 p.
869 4506 904 4556 72
963 4490 1089 4554 ‘cultores
1107 4500 1165 4549 licet
1183 4497 1223 4548 ius
1240 4509 1285 4545 cm.
1305 4492 1339 4555 N,
1357 4491 1449 4541 addidi

159 4589 196 4623 ex
214 4571 330 4624 ctam
348 4573 367 4624 1.
385 4586 408 4619 c.
478 4573 509 4623 10
527 4571 622 4638 Lepus]
643 4574 742 4625 Obareis.
759 4588 785 4637 ρ.
802 4574 836 4627 56
852 4590 891 4640 aq.
963 4573 995 4623 12
1014 4573 1087 4639 lepus
1104 4585 1150 4622 cen.
1171 4566 1204 4625 N,
1223 4562 1364 4643 addidit&
1382 4560 1447 4643 Cfiss·

159 4644 224 4694 risio
239 4643 257 4690 t.
273 4656 297 4692 c.
385 4638 418 4689 14
436 4641 460 4689 iu
476 4658 526 4705 qua
543 4652 661 4706 tanquam
676 4642 777 4709 syllaba
792 4660 814 4694 ω
841 4644 866 4693 iu
881 4642 1021 4709 penultima
1038 4638 1136 4706 syllaba
1152 4635 1286 4712 Fabricius
1313 4645 1339 4679 ιι]
1355 4629 1448 4681 ultuma

157 4709 453 4779 syllabahindemouuua
523 4714 554 4764 15
572 4713 699 4763 molarem
716 4712 837 4764 bolareN
906 4713 937 4764 19
949 4719 1096 4778 agmentaw
1165 4706 1198 4755 21
1209 4701 1291 4767 quails
1303 4700 1400 4754 add-w

159 4779 281 4846 ovidius]
293 4786 390 4831 metam.
404 4781 496 4831 111522
549 4783 583 4834 26
595 4780 669 4848 inter]
687 4783 765 4848 Verg.
778 4783 857 4836 bucol.
868 4781 893 4843 8,
907 4781 940 4833 13
991 4781 1025 4832 28
1036 4772 1182 4842 liminaque]
1201 4774 1279 4839 Vera.
1293 4768 1359 4821 Aac.
1370 4770 1445 4825 111111
