3114 5356
621 293 706 353 tut.
729 290 872 353 etim
892 291 967 353 uu.
989 293 1017 354 ll
1415 299 1478 358 447

1263 409 1424 462 emon

335 478 451 539 nnlta
472 479 546 541 viri
565 480 687 540 virtus
708 479 832 541 animo
852 479 1074 558 uultusque
1094 489 1269 541 recursat

337 580 463 654 gentis
484 580 615 641 honos.

171 685 201 737 et
222 678 307 738 aliter
327 680 526 757 parhomoeon
551 684 599 751 ht,
620 700 689 742 aum
711 680 798 741 veno
821 680 956 741 similiter
976 679 1136 759 incipiunt,
1158 689 1189 740 ut

336 780 507 840 naehina
528 783 644 843 multa
664 783 786 843 minax
806 782 978 842 minatur
997 781 1155 841 maxima
1176 779 1305 842 muris

143 911 157 946 s
256 880 299 939 lle
319 881 564 944 homowtduuo
609 883 873 944 llomoeoteleuton
896 891 940 942 est
966 883 1062 943 oratio
1081 881 1228 942 similibus
1250 881 1392 943 clausulis
1414 892 1473 944 ter-

168 983 296 1055 minata,
319 984 414 1044 idest
432 982 497 1061 pari
516 982 673 1043 ruborum
693 984 773 1043 exitu
795 985 895 1056 linita,
917 993 951 1044 nt
972 983 1052 1064 apud
1071 982 1202 1043 Ennium

333 1080 425 1164 eosfl
440 1084 575 1144 retlnei
596 1101 705 1162 quan
726 1083 919 1163 relinqui,
942 1085 1076 1145 devehi
1097 1101 1201 1162 quam
1227 1083 1356 1144 ‹leseri

333 1183 462 1258 malui3

168 1296 199 1346 et
220 1285 376 1346 Sallustius
396 1284 450 1344 ‘in
470 1283 568 1344 nutla
588 1283 623 1343 ia
644 1292 748 1344 tecta
767 1288 960 1363 corpora'3
982 1286 1127 1364 i'ergilins

132 1403 155 1443 u
890 1386 994 1447 hella
1016 1387 1169 1447 horrido
1192 1385 1301 1446 hella,

167 1483 424 1547 homoeoteleuton
444 1493 490 1546 est
508 1504 577 1546 uun
598 1483 686 1545 simili
708 1486 797 1547 modo
818 1486 964 1548 dictiones
985 1487 1096 1550 miiltae
1115 1488 1265 1551 liniuntur.

188 1647 193 1653 ,
252 1584 295 1645 lle
316 1585 534 1665 homoeoptoto.
579 1584 819 1666 llomoeoptoton
840 1598 888 1649 est
905 1591 1000 1651 oratio
1014 1607 1175 1650 excurrens
1193 1590 1223 1648 in
1241 1590 1362 1652 eosdem
1380 1611 1469 1652 tosus

167 1686 317 1759 similiter,
338 1687 368 1747 itl
388 1693 434 1747 est
454 1704 523 1746 cum
545 1706 605 1749 tino
625 1686 772 1766 similique
790 1707 863 1750 oasa
885 1691 975 1753 totius
996 1709 1104 1751 sensus
1127 1689 1303 1753 dovotionis
1319 1691 1467 1771 impletur,

167 1796 200 1849 ut
220 1787 299 1866 aputl
321 1786 489 1849 Sallustium
513 1789 701 1850 ‘maxi-is
725 1791 904 1864 insibus,
933 1792 1101 1852 lortihns
1128 1792 1376 1869 strenuisqne
1402 1792 1469 1851 mi·

129 1915 153 1954 ιι
168 1888 332 1950 nistris’.

253 1988 291 2049 Et
314 1988 398 2049 aliter
421 1989 653 2070 homoeoptoton
681 1993 728 2063 u,
757 2009 825 2052 oum
853 1992 947 2053 oratio
973 1993 1102 2054 exemiit
1126 1993 1155 2052 in
1181 1993 1302 2053 malem
1330 2010 1418 2053 casus
1437 2000 1467 2052 et

166 2091 279 2152 similes
297 2093 385 2163 lines,
405 2098 440 2151 nt
461 2089 576 2152 Ennius

332 2201 523 2252 merentes
543 2192 684 2253 llentes
703 2192 945 2254 lacrimantes
966 2212 1007 2254 ao
1027 2193 1274 2254 miserantes.

164 2293 236 2353 item
255 2293 482 2372 homoeoptoton
501 2301 548 2354 est
569 2312 637 2354 enni
656 2295 686 2354 in
705 2295 816 2355 similas
835 2313 924 2355 castis
944 2303 1051 2354 exeunt
1074 2295 1160 2355 rerha
1180 2296 1304 2355 diversa.

126 2423 153 2462 ω
252 2394 294 2453 lle
312 2394 471 2475 polyptoto.
511 2394 685 2474 Polyptoton
706 2403 753 2455 est
772 2393 865 2455 oratio
885 2414 1007 2457 casuum
1029 2395 1169 2455 varietate
1186 2394 1341 2468 distincta,
1365 2403 1398 2454 nt
1419 2401 1465 2452 est

164 2496 195 2556 in
218 2496 355 2556 Terentio

329 2598 366 2657 in
389 2606 423 2658 te
444 2618 550 2677 spes,
572 2595 708 2673 Hegio,
731 2597 838 2658 nohis
863 2598 938 2668 sita
966 2605 1038 2669 est,

331 2706 366 2758 te
387 2698 507 2760 solum
529 2699 727 2770 hahemus,
749 2708 786 2759 tu
806 2717 846 2759 es
866 2706 1067 2779 patronus,
1090 2707 1128 2758 tu
1151 2707 1274 2777 pater:

328 2799 395 2859 ille
418 2799 490 2859 tihi
511 2800 677 2861 moriens
699 2820 768 2861 nos
787 2799 1057 2861 commendavit
1076 2820 1204 2861 senex:

127 2921 152 2961 u
329 2901 361 2961 si
383 2900 528 2962 deseris
550 2908 602 2973 tu,
626 2919 691 2960 nos
709 2903 885 2980 perimus

164 3000 233 3060 item

329 3100 442 3162 litora
464 3101 648 3163 litoribus
669 3104 881 3176 contraria,
901 3104 1086 3165 lluotihus
1108 3105 1236 3164 undas.

249 3199 291 3260 lle
318 3200 421 3261 hirmo.
475 3202 593 3263 llirmos
625 3211 671 3263 est
702 3222 769 3263 cnm
799 3204 953 3265 uniformis
986 3204 1174 3265 continuatur
1197 3206 1290 3265 serios
1319 3204 1460 3264 orationis

163 3301 250 3361 unius
268 3320 354 3363 casus
372 3312 505 3363 tenorem
524 3302 561 3362 ad
577 3303 738 3366 clausulam
759 3323 853 3383 usque
874 3305 1059 3376 costodiens,
1078 3313 1111 3364 nt

124 3423 150 3462 oo
329 3404 522 3483 principio
545 3383 688 3466 eaelum
709 3425 751 3465 ao
770 3415 897 3466 terras
919 3424 945 3464 c.
967 3405 986 3463 l.

327 3503 731 3583 impliusia

247 3603 289 3664 lle
314 3603 512 3684 polysyndeto.
558 3605 771 3687 Polysyntleton
793 3616 840 3667 est
861 3606 955 3666 oratio
979 3606 1113 3686 pluribus
1141 3623 1213 3665 nexa
1245 3601 1460 3663 coniunctioni·

161 3703 233 3771 hus,
255 3711 286 3764 ut

235 3872 350 3938 lmulta]
376 3877 454 3940 Verp.
475 3876 540 3927 Aea.
560 3877 641 3928 11113
728 3885 828 3927 recusat
847 3877 880 3926 Μ
964 3877 982 3927 6
1004 3876 1073 3940 aptul
1094 3871 1213 3939 Ennium]
1233 3874 1348 3938 Iplipem
1362 3872 1457 3935 [rapis.

162 3944 231 3992 l'llll
249 3946 290 3993 ed.
313 3945 387 3994 Vaut.
463 3946 479 3994 7
497 3960 542 3994 eos
560 3946 647 3996 reduci
666 3949 781 3998 Donatus
799 3945 846 3995 hos
864 3945 953 3996 seduci
971 3945 1056 3995 codex
1074 3944 1185 3994 claruet
1201 3953 1271 3991 eoste
1289 3942 1347 3991 duoi
1367 3941 1396 3990 Μ
1414 3958 1459 3992 eos

161 4012 253 4061 deduci
270 4012 323 4062 AB
394 4028 470 4075 quum
491 4015 597 4077 relinqui
614 4033 660 4067 om.
679 4016 771 4076 ΑΒΜ,
791 4016 852 4065 add.
870 4017 985 4065 Donatus
1002 4022 1026 4063 et
1043 4014 1174 4062 t'uarutus
1259 4010 1346 4061 ueuihi
1368 4010 1398 4059 Μ
1415 4011 1460 4060 tle-

161 4082 203 4129 nei
223 4082 246 4130 Α
338 4083 432 4132 deserit
454 4083 485 4132 Μ
568 4082 586 4132 8
607 4085 695 4134 maluit
713 4086 739 4135 Β
818 4084 976 4133 llsalnstius
994 4081 1018 4130 B
1104 4082 1222 4130 iutoetato
1240 4096 1303 4146 pom
1321 4081 1353 4130 Μ
1369 4081 1461 4130 iniecta

161 4163 303 4214 corporae
374 4150 512 4216 Vergilius]
531 4151 600 4203 Aeu.¹
614 4155 648 4203 Vl
662 4154 697 4204 86
767 4154 797 4206 ll
816 4150 1215 4203 homoeoteleuton-finiuntur
1230 4151 1278 4201 luc
1292 4154 1349 4202 loeo
1366 4152 1460 4201 οιίιειι

157 4227 217 4283 post
238 4217 269 4267 19
287 4219 390 4270 diversa
407 4221 499 4271 Ιιιιὸειιι
517 4221 603 4271 ΑΒΜ
684 4223 807 4275 liniuntur
826 4225 941 4274 Donatus
964 4220 1059 4269 huntur
1079 4220 1103 4269 B
1125 4219 1268 4269 11ιιιιιΑΜ
1353 4218 1384 4268 12
1400 4233 1458 4268 eos-

159 4288 216 4337 ‹lem
237 4277 367 4339 clusum
384 4304 429 4338 eos
448 4289 533 4340 ΑΒΜ
601 4290 634 4342 13
652 4293 729 4342 totius
747 4292 773 4341 A
790 4293 871 4342 tocius
884 4292 910 4341 Β
927 4289 1007 4340 tacius
1018 4288 1050 4337 Μ
1067 4298 1168 4346 toton
1239 4287 1421 4339 141111111111111
1436 4287 1460 4336 ll

232 4356 387 4419 1711ιιιι1ιιι]
408 4363 493 4409 amat.
513 4361 522 4408 l
544 4360 592 4410 107
610 4362 651 4412 ed,
675 4361 750 4413 Vult.
833 4359 865 4409 18
880 4360 1040 4410 lacrimantes
1058 4359 1258 4407 conmiserautes
1275 4357 1391 4407 Donatus

159 4426 190 4475 21
212 4427 237 4475 in
256 4424 386 4491 Terentio]
405 4429 514 4492 Adelph.
533 4430 567 4479 Ill
586 4430 646 4488 4‚9
715 4432 749 4480 22
767 4444 827 4496 spes
846 4428 887 4478 Ba
904 4442 964 4493 sper
975 4425 1036 4475 ΑΜ
1104 4426 1177 4475 nouis
1195 4423 1281 4473 ΑΒΜ
1348 4423 1382 4475 23
1399 4425 1460 4473 ahe-

159 4510 216 4544 mus
236 4496 261 4545 Β
330 4496 366 4544 24
379 4497 548 4546 commodauit
565 4498 590 4547 Β
659 4501 694 4549 25
711 4501 734 4549 si
752 4500 820 4549 deris
838 4498 864 4547 B
931 4496 964 4546 27
984 4492 1069 4559 litora]
1092 4492 1257 4559 Vespden.
1276 4492 1394 4545 1111628

158 4563 193 4613 21)
215 4579 296 4626 usqne
314 4565 461 4614 custodiens
480 4566 610 4617 elotum
627 4583 708 4630 usqne
725 4570 758 4618 ad
775 4566 917 4617 eustodiem
935 4565 960 4612 A
979 4578 1059 4626 usqne
1076 4565 1109 4614 ul
1129 4563 1270 4612 custodiam
1286 4562 1346 4614 ΒΜ
1424 4561 1460 4612 ³0

158 4634 312 4697 principium
335 4633 372 4681 Μ.
397 4635 476 4699 Verp.
495 4634 560 4686 Aen.
582 4636 615 4684 Vl
634 4637 827 4702 estprincipio
845 4635 943 4684 eaelum
961 4647 990 4680 no
1008 4640 1089 4682 terras
1108 4647 1262 4696 onmposque
1276 4632 1396 4695 liquentis
1408 4632 1458 4681 Ln-

158 4711 309 4765 oentemque
331 4702 436 4767 glohnm
458 4704 534 4753 lunae
554 4703 703 4768 Titaniaque
727 4715 796 4755 nstra
816 4704 925 4769 Spiritus
949 4703 1016 4751 intus
1041 4702 1086 4751 alit
1175 4699 1207 4752 31
1233 4697 1268 4765 q]
1292 4716 1307 4750 ο
1333 4702 1357 4751 Α
1389 4703 1404 4751 h
1428 4702 1463 4760 Β,

157 4786 204 4820 om.
226 4770 258 4819 Μ
607 4773 608 4776 ’
1031 4779 1034 4783 ’
