3114 5356
140 235 202 300 536
476 235 528 298 Ex
555 234 719 298 enanistt
745 232 843 297 tntu
871 234 1113 298 GRAMMlttct

190 364 213 405 ρ.
227 352 261 394 sa.
275 352 301 393 aa
315 349 343 392 v.

139 423 332 498 tedbaudus,
353 422 470 484 hiulcus
489 421 540 501 qui
561 420 638 495 hiat,
662 420 797 501 petulom
815 422 866 501 qui
886 422 968 503 petit
1013 432 1084 484 aaut
1107 427 1205 491 mam
1233 452 1355 516 qaue„
1377 443 1447 506 qm.

139 525 182 587 eis
214 517 370 605 deportandi
396 524 548 598 dicuutur,
582 541 656 602 qraae
683 521 918 601 quibuscumque
946 525 1084 602 personis
1109 530 1297 605 adiciuntur
1325 545 1445 608 laudandi

139 627 248 705 gratim
270 626 357 687 veluti
380 627 544 689 ‘Lausus
566 641 695 702 equum
718 623 909 698 domitor’,
931 624 1131 706 vituperandi,
1157 636 1273 717 ‘ipse
1299 645 1378 709 doli
1403 649 1444 709 la·

140 727 312 789 bricator
338 727 488 808 Epeos'.
533 727 585 789 sed
611 727 683 786 haee
708 724 822 798 omnia,
851 741 1028 804 quamquam
1049 735 1170 812 speeies
1192 754 1274 805 suut
1293 748 1442 815 nemim

139 831 274 893 absolute
303 840 401 893 tamen
430 830 547 891 nomina
579 827 717 888 dicuntur
753 833 784 885 et
816 825 939 905 singulis
973 829 1062 892 rebus
1094 842 1283 915 personisve
1318 850 1456 930 oppoma

140 944 217 996 suut.
262 943 333 996 sunt
354 933 496 1013 quaedam
519 929 636 992 nomina
657 945 732 1006 quae
759 945 813 1006 per
832 946 865 990 se
888 930 952 992 sine
973 932 1093 998 alterius
1114 944 1214 1019 partis
1240 949 1388 1012 orationis
1402 951 1442 1012 td

138 1037 278 1099 nrinienlu
300 1035 430 1113 intellegi
449 1052 508 1094 non
531 1039 672 1122 possunt,
695 1038 728 1091 ut
748 1037 833 1109 pater
853 1031 951 1093 trater.
996 1035 1144 1118 recipiunt
1166 1046 1254 1110 enim
1278 1049 1388 1114 sibiet
1403 1052 1441 1114 lt

138 1159 192 1221 per
214 1157 289 1218 quae
308 1136 534 1214 intelleguntur,
555 1141 589 1194 nt
610 1150 694 1194 mens
718 1139 795 1193 tuus.
840 1132 914 1195 liaeo
933 1134 1052 1200 Graecis
1069 1139 1130 1201 τῶν
1151 1139 1233 1224 πρός
1252 1154 1441 1235 1121,de

139 1251 202 1316 ur,
225 1240 255 1301 m
277 1247 322 1301 aa
343 1238 380 1300 aa
400 1235 518 1315 anuto.
563 1243 632 1296 sunt
654 1242 684 1293 u
705 1233 810 1295 similia
831 1235 893 1295 aaa
914 1230 990 1317 „aaa
1010 1239 1040 1298 vr
1055 1264 1118 1314 aaa
1141 1241 1272 1326 exona,
1295 1252 1329 1314 ra
1349 1255 1439 1319 aro
1471 1216 1477 1361 l

140 1343 247 1422 aliquid
268 1342 396 1421 quodam
418 1339 505 1400 modo
526 1335 721 1410 attendentia,
755 1345 788 1398 ut
811 1337 959 1406 dexterior
979 1339 1151 1405 sinisterior.
1198 1360 1277 1414 sunt
1306 1358 1459 1435 quaeum

139 1446 331 1524 homonyma,
354 1460 429 1520 quae
452 1458 508 1501 nna
531 1435 657 1516 loquella
680 1436 763 1516 plura
786 1438 965 1518 significant,
995 1451 1139 1525 atnepos
1163 1450 1259 1515 acies.
1307 1457 1437 1537 signifiat

141 1545 218 1607 enirn
241 1563 334 1625 nepos
355 1549 514 1603 etcertum
536 1538 719 1617 cognationis
742 1540 864 1617 gradum
878 1551 908 1602 et
925 1553 1175 1624 consumptorem.
1213 1553 1358 1620 simfliter
1371 1559 1436 1621 aa„

139 1653 169 1707 et
190 1646 343 1708 oculorum
363 1643 468 1704 dieitur
490 1650 518 1702 et
542 1640 609 1701 leni
632 1648 659 1700 et
687 1642 840 1704 exercitus.
886 1645 1028 1722 quaedam
1056 1656 1127 1708 sunt
1155 1670 1342 1737 synonyma,
1375 1680 1435 1741 quaa

140 1747 275 1829 pluribus
298 1745 433 1825 loquellis
453 1744 529 1806 idem
552 1743 732 1822 significant,
763 1752 794 1805 ut
822 1754 900 1807 terra
926 1746 1050 1821 humuS,
1079 1748 1160 1810 ensis
1182 1752 1316 1832 gladius.
1362 1744 1434 1842 quae

140 1850 207 1912 dam
230 1849 343 1910 mediae
363 1845 533 1927 potestatis,
556 1862 631 1923 quae
654 1845 897 1923 significationem
918 1865 934 1906 a
953 1847 1119 1911 coniunctis
1142 1868 1288 1937 sumunt,
1316 1873 1350 1926 ur
1366 1877 1455 1943 ,ηιμ

139 1970 196 2012 uns
215 1950 309 2011 tortis.
354 1951 427 2010 haee
449 1948 526 2009 enim
549 1965 603 2028 per
625 1964 658 2008 se
677 1947 788 2010 nullum
810 1946 921 2008 liabent
937 1948 1116 2014 intellectum
1139 1963 1170 2015 et
1189 1957 1260 2022 ideo
1286 1982 1303 2024 a
1326 1965 1433 2044 quiim-

140 2053 206 2113 dam
230 2052 408 2113 adiectiones
428 2057 583 2122 vocantur,
606 2058 638 2110 ut
659 2067 784 2128 magnus
805 2050 863 2121 vir,
883 2050 966 2112 lortis
988 2054 1142 2117 exereitus.
1474 2118 1477 2124 ,

225 2153 267 2214 lle
290 2149 557 2232 cooperationibus.
604 2149 717 2210 Gradus
735 2150 909 2214 conlationis
933 2163 1002 2215 sunt
1024 2165 1100 2230 tres,
1123 2159 1301 2240 absolutus,
1325 2176 1357 2229 ut
1375 2168 1433 2230 dot-
1473 2134 1477 2267 l

140 2265 206 2330 tus,
233 2255 454 2334 conparatum,
484 2263 515 2315 ut
537 2253 665 2326 doctior,
694 2252 903 2332 superlativus,
926 2265 958 2316 ut
980 2256 1179 2322 (lectissimus.
1227 2268 1354 2329 nomina
1375 2288 1434 2332 eon

138 2357 255 2419 lationis
278 2357 403 2437 inposita
424 2375 525 2437 pamm
547 2354 675 2435 proprie.
720 2361 786 2414 nam
806 2364 836 2415 et
854 2355 959 2419 doctus
979 2359 1153 2423 conlationis
1175 2367 1290 2443 gradus
1312 2389 1373 2432 uon
1388 2379 1477 2443 asta-

139 2480 206 2523 eum
229 2459 385 2521 absolutus
408 2459 445 2520 sit
463 2468 491 2519 et
514 2455 584 2518 nulli
607 2464 792 2536 conparetur.
837 2457 906 2518 item
928 2458 1042 2522 doctior
1057 2480 1117 2524 non
1139 2475 1221 2528 reete
1244 2471 1356 2536 dicitur
1373 2493 1434 2536 eon

139 2562 303 2642 parativus,
327 2582 392 2622 oum
415 2559 522 2639 alioqui
545 2577 604 2618 non
620 2565 765 2638 ¹conparet
783 2558 835 2619 sed
857 2570 1046 2641 superponat
1091 2569 1262 2633 rumonim
1285 2573 1356 2638 dieo
1375 2575 1435 2637 dot·

139 2664 197 2726 tior
215 2663 280 2736 illo,
305 2682 364 2723 non
386 2679 515 2740 oonparo
538 2679 584 2721 me
608 2657 647 2718 illi
670 2659 722 2719 sed
744 2677 922 2740 superpono.
945 2658 959 2745 ll
980 2683 1039 2726 nou
1069 2670 1166 2730 omnia
1196 2679 1300 2735 autern
1325 2677 1433 2739 nomint

139 2766 247 2844 gradus
272 2763 445 2824 conlationis
468 2763 627 2843 recipiunt,
662 2760 714 2822 sed
736 2760 798 2822 sola
820 2781 894 2840 quae
920 2771 971 2824 aut
996 2767 1163 2843 qualitatem
1193 2773 1380 2851 significant,
1409 2786 1433 2838 ut

139 2866 235 2926 bonus
259 2864 414 2935 candidus,
449 2870 497 2924 arrt
520 2863 726 2941 quantitatem,
760 2873 792 2924 ut
819 2863 924 2942 longus
947 2885 1086 2944 nmgnus3
1126 2881 1224 2935 cetera
1252 2886 1354 2939 autem
1383 2897 1456 2941 nono

140 2966 247 3026 liabent
275 2965 485 3040 conlationem,
523 2966 600 3026 velut
628 2984 703 3044 quae
732 2985 840 3046 corpus
870 2967 1050 3046 significant,
1085 2980 1115 3032 ut
1139 2974 1228 3035 ltonro
1260 2978 1367 3054 arhor,
1398 2979 1433 3039 rel

139 3085 215 3145 quae
238 3075 370 3147 gentem,
407 3068 449 3128 rel
473 3085 547 3145 quae
571 3087 733 3130 numerum.
779 3077 848 3130 sunt
873 3069 1015 3147 quaedam
1039 3074 1155 3135 nomina
1185 3094 1278 3154 quae,
1309 3081 1434 3157 quamtis

138 3172 306 3251 qualitatem
330 3173 518 3251 significant,»
534 3171 642 3250 gradus
662 3179 759 3232 tamen
778 3170 951 3232 conlationis
970 3190 1029 3233 uon
1049 3177 1211 3256 recipiunt,
1236 3189 1271 3242 ut
1289 3184 1372 3245 rudis
1393 3204 1434 3245 se

137 3267 219 3337 lt'rius
242 3275 398 3336 mediocris
420 3274 547 3354 grandis.
592 3292 652 3334 uon
675 3273 752 3335 enim
774 3274 806 3333 tlt
829 3273 930 3334 rudior
952 3275 1066 3337 sobrior
1087 3278 1266 3341 mediocrior
1293 3284 1432 3361 grandior.

137 3378 279 3456 quaedam
303 3385 372 3438 sunt
394 3395 468 3455 quae
490 3395 577 3436 unum
601 3384 712 3437 tantum
734 3375 880 3455 recipiunt
898 3378 1132 3456 curiporutivum,
1163 3389 1194 3440 ut
1217 3401 1309 3445 senex
1332 3348 1477 3453 senioral

137 3478 248 3541 iuvenis
274 3479 421 3551 iuvenior;
455 3477 596 3555 quaedam
620 3477 827 3558 superlativum
850 3486 978 3551 tantum,
1008 3481 1127 3560 utplus
1150 3482 1319 3568 piissimus,
1346 3485 1433 3547 hellus
1474 3490 1477 3619 q

137 3579 325 3643 bellissimus.
371 3590 439 3642 suut
464 3581 532 3640 item
553 3580 671 3641 nomina
694 3578 870 3659 superlativa
893 3599 968 3658 quae
990 3580 1172 3658 absolutum,
1203 3584 1232 3644 id
1256 3596 1303 3647 est
1326 3581 1432 3666 πρωτό-

136 3703 245 3752 wnov,
279 3702 338 3743 non
360 3684 469 3743 habeut
491 3682 541 3743 sed
566 3681 601 3741 ab
624 3681 759 3742 adverbio
784 3681 918 3754 veniunt,
951 3690 983 3743 ut
1011 3682 1131 3744 ulterior
1158 3683 1280 3746 ultimus
1308 3688 1346 3749 ah
1366 3689 1432 3750 olm

137 3784 289 3858 adverbio,
313 3784 430 3846 citerior·
453 3783 569 3844 eitiums
592 3803 605 3842 a
630 3784 715 3856 eitra,
745 3782 866 3845 inlerior
888 3783 1006 3845 infimus
1028 3783 1065 3844 ab
1088 3784 1176 3858 inlra,
1198 3789 1338 3865 superior
1360 3809 1432 3851 sum·

137 3904 202 3946 mus
224 3907 239 3946 a
261 3905 364 3966 snpra,
394 3886 475 3965 prior
499 3884 585 3944 etiam
609 3893 637 3944 et
660 3886 772 3964 primus
794 3884 829 3945 ab
852 3885 989 3946 adverbio
1015 3885 1097 3966 prius
1122 3895 1151 3947 et
1180 3888 1265 3966 peior
1289 3891 1457 3969 pessimuse

135 3986 172 4046 ab
192 3987 328 4047 adverbio
351 3988 443 4066 peius.
489 3986 645 4063 aliquando
674 3985 754 4046 solus
782 3985 976 4065 superlativus
1004 3988 1164 4062 invenitur,
1199 3999 1232 4049 ut
1260 3991 1431 4052 norissimus

135 4106 299 4168 supremus.
344 4089 487 4167 quaedam
511 4096 579 4149 suut
609 4107 684 4166 quae
703 4087 826 4148 dirersis
849 4087 948 4166 liguris
970 4089 1000 4149 iu
1023 4089 1219 4151 conlationem
1243 4092 1377 4166 veniunt,
1405 4099 1431 4152 ut

136 4190 230 4251 nialus
253 4192 336 4271 peior
358 4192 523 4271 pessimae,
551 4189 647 4249 bonus
671 4189 774 4249 melior
804 4189 963 4268 optimus„
987 4190 1033 4251 liis
1061 4191 1138 4251 enim
1162 4211 1216 4271 per·
1245 4213 1350 4254 purnes
1377 4202 1429 4253 tms

135 4292 244 4369 gradus
263 4294 431 4374 conparatio
453 4291 614 4373 prooessit,
634 4310 688 4351 nee
707 4299 802 4351 tannen
823 4310 909 4351 tritam
931 4294 1053 4353 lumnam
1077 4293 1205 4353 nominis
1224 4295 1327 4355 tenuit.
1367 4301 1428 4356 sunt

135 4393 190 4454 alia
209 4394 341 4456 absoluta
362 4413 437 4472 quae
455 4393 536 4455 nullo
554 4392 671 4471 quideur
698 4393 787 4470 gradu
812 4393 985 4454 cordationis
1012 4395 1188 4471 llgurautur,
1218 4397 1364 4477 recipiunt
1391 4404 1456 4454 tae

207 4546 219 4595 l
241 4545 407 4597 lurilrusndus
425 4544 509 4593 hiatus
530 4545 553 4593 ll
631 4552 699 4608 petat
717 4545 742 4593 Il
820 4545 993 4594 ‘laniantum
1014 4545 1040 4594 B
1057 4533 1255 4607 lusnrqtinoin
1329 4546 1427 4609 quibus-

134 4629 234 4679 cunque
253 4634 266 4665 n
286 4619 407 4680 cuiusque
426 4614 452 4663 B
527 4614 596 4662 laudi
614 4613 739 4679 gratinll
816 4611 959 4678 3Lousus]
983 4616 1061 4679 Verp.
1083 4615 1147 4665 Aen.
1167 4615 1281 4665 11111151
1364 4610 1425 4679 ipse]

140 4685 217 4748 Verp.
236 4685 300 4734 Aen.
320 4688 341 4735 ll
361 4687 411 4735 ‘264
496 4684 512 4731 5
531 4683 615 4749 positu
634 4682 658 4730 B
736 4682 753 4732 9
770 4697 831 4739 πως
848 4701 894 4734 om.
912 4683 945 4742 B,
964 4685 1024 4733 add.
1044 4701 1058 4733 o
1145 4685 1177 4736 lit
1196 4685 1363 4734 conlationiu

134 4753 165 4801 tl
181 4755 279 4802 solutus
296 4755 321 4804 B
390 4756 423 4803 22
440 4767 496 4802 eum
516 4752 653 4816 aliquando
669 4754 830 4804 contremunt
845 4754 955 4804 editores
977 4754 1186 4806 Vindobonenrea
1256 4755 1290 4803 27
1308 4749 1429 4820 gertrud
