3114 5356
527 308 610 368 ΛΒΤ.
635 309 774 370 ettam
800 309 873 369 Llll.
895 310 908 369 l
1308 314 1370 377 329

1140 439 1162 477 ρ.
1179 426 1278 468 aro-ss
1292 428 1316 471 r.

573 494 622 552 DE
645 491 867 553 eundumne

156 609 320 669 Pronomen
349 615 394 667 est
422 627 492 686 pars
522 609 662 669 orationis
691 625 766 685 quae
804 628 858 688 pro
894 611 959 688 ipso
989 613 1108 672 nomine
1140 616 1236 693 posita
1268 617 1366 678 minus

64 710 205 789 quidem,
226 724 321 786 paene
338 707 419 764 idem
445 714 546 765 tomen
560 706 714 784 'significat
735 728 953 788 personamque
972 711 1119 772 interdurn
1133 716 1253 795 recipit
1298 736 1366 796 pro·

65 808 180 869 nomini
202 805 339 866 accidunt
361 814 489 884 septem,
515 806 637 882 qualitas
659 826 752 885 genus
768 830 908 873 numerus
926 815 1017 889 figura
1035 832 1161 892 persona
1177 818 1250 877 ordo
1267 836 1365 880 casus.

35 906 223 986 ,squalitates
245 905 452 983 pronominum
475 916 545 967 sunt
567 916 644 980 tres,
673 909 753 969 linita
770 909 882 971 infinita
906 913 1004 974 minus
1027 932 1113 991 quam
1136 915 1226 976 linita.
1271 916 1366 994 quali·

64 1019 112 1068 tas
132 1006 214 1065 finita
234 1005 264 1063 in
285 1006 380 1084 prima
401 1014 432 1065 et
451 1007 480 1066 in
503 1009 631 1069 secunda
655 1026 781 1088 persona
802 1016 864 1082 est,
888 1012 999 1074 infinita
1021 1022 1051 1075 et
1066 1016 1164 1076 minus
1180 1034 1268 1092 quam
1284 1017 1364 1078 linita

64 1111 95 1169 in
117 1105 200 1168 tertia
224 1107 378 1167 invenitur.
423 1108 504 1168 linita
527 1119 572 1170 est
593 1128 668 1188 quae
690 1116 773 1170 notat
797 1119 909 1173 certum
930 1104 1086 1176 numerum
1108 1124 1137 1176 et
1159 1125 1273 1194 gestum
1295 1117 1365 1177 diri·

63 1210 107 1287 git
129 1208 167 1268 ad
189 1217 300 1268 certam
322 1225 496 1286 personam,
517 1217 550 1269 ut
568 1229 633 1289 ego.
677 1209 789 1270 infinita
811 1221 858 1273 est
876 1230 950 1290 quae
971 1224 1081 1276 certam
1100 1234 1159 1277 non
1179 1217 1285 1296 recipit
1298 1237 1366 1297 per-

63 1329 178 1374 sonam.
200 1310 252 1370 sed
281 1307 526 1388 cuilibetpotest
546 1311 661 1389 aptari,-
686 1319 718 1370 ut
740 1311 903 1390 quisquae
930 1317 1016 1393 quod.
1061 1317 1159 1377 minus
1177 1334 1263 1394 quam
1284 1317 1365 1377 linita

23 1436 48 1476 ro
64 1421 112 1474 est
131 1431 208 1490 quae
230 1410 319 1471 certis
341 1417 370 1470 et
392 1410 511 1471 incertis
532 1412 668 1490 personis
688 1413 781 1491 aptari
803 1421 915 1492 potest,
944 1424 976 1476 nt
1003 1417 1075 1496 ipse.
1120 1435 1227 1495 genera
1255 1435 1365 1496 prouo-

63 1515 194 1575 minibus
216 1512 353 1573 accidunt
373 1520 524 1590 quattuor,
555 1513 750 1573 masculinum
776 1522 807 1573 ut
826 1515 890 1589 bic,
919 1517 1090 1578 femininum
1113 1526 1147 1577 ut
1172 1518 1261 1589 baec,
1291 1536 1364 1577 neu·

63 1626 142 1678 trum
171 1625 204 1677 ut
232 1615 303 1688 boc,
330 1631 484 1674 commune
512 1621 544 1673 ut
572 1631 626 1690 ego
641 1609 711 1695 utu.
756 1624 825 1676 sunt
852 1616 907 1678 alia
935 1619 1052 1681 duobus
1073 1618 1230 1697 generibus
1252 1618 1364 1695 [nomi-

63 1718 165 1794 nibus]
188 1716 368 1787 communia,
389 1713 542 1775 masculini
564 1722 594 1774 et
613 1714 725 1788 neutri,
747 1723 779 1776 ut
801 1735 868 1795 quo.
881 1728 1008 1796 quanto;
1030 1722 1085 1781 alia
1100 1719 1209 1792 tribus,
1231 1727 1264 1778 ut
1277 1719 1364 1778 buius

64 1819 129 1879 eius
153 1819 247 1879 cuius.
291 1815 403 1875 numeri
428 1814 635 1895 pronominum
665 1824 734 1876 sunt
760 1818 828 1878 duo.
873 1829 924 1880 aut
945 1823 1022 1882 enim
1043 1819 1200 1899 singularia
1220 1829 1305 1892 sunt,
1332 1828 1365 1880 ut

26 1932 49 1971 re
63 1937 136 1996 ego,
160 1925 210 1977 aut
231 1916 371 1995 pluralia,
391 1925 424 1977 ut
444 1937 508 1978 nos.
552 1923 622 1975 sunt
644 1916 787 1992 quaedam
808 1938 930 1982 numero
953 1921 1135 1991 communia,
1159 1927 1191 1978 ut
1211 1918 1260 1995 qui
1278 1936 1363 1995 quae.

62 2037 132 2078 narn
154 2025 183 2077 et
203 2017 252 2094 qui
271 2017 316 2076 vir
337 2023 366 2075 et
387 2017 437 2094 qui
459 2016 512 2077 riri
535 2025 564 2077 et
583 2035 659 2095 quae
681 2019 787 2079 mulier
810 2029 839 2081 ct
856 2040 931 2099 qnae
953 2023 1090 2082 mulieres
1115 2019 1249 2080 dicimus.
1289 2021 1362 2097 tlgu·

63 2138 114 2179 rae
141 2126 210 2178 sunt
233 2118 317 2177 duae.
362 2126 411 2178 aut
433 2119 511 2178 enim
533 2118 675 2198 simplicia
695 2129 765 2180 sunt
786 2123 973 2199 pronomina,
1007 2132 1038 2182 ut
1066 2121 1147 2198 quis,
1180 2126 1231 2179 aut
1252 2137 1363 2199 conpo-

64 2221 137 2292 sita,
161 2228 193 2280 ut
214 2219 357 2296 quisquis.
401 2239 545 2299 personae
563 2220 701 2281 accidunt
723 2223 812 2283 linitis
834 2210 1070 2302 pronominibus,
1102 2221 1196 2301 prima
1225 2229 1259 2280 ut
1282 2221 1363 2294 inibi,

64 2320 195 2382 secunda
224 2327 257 2379 ut
285 2320 348 2380 tibi.
393 2320 477 2382 tertia
506 2340 624 2400 quoque
647 2324 677 2383 in
699 2323 797 2384 minus
823 2343 909 2402 quarn
938 2323 1028 2384 linitis
1053 2321 1215 2395 invenitur,
1242 2329 1275 2382 ut
1296 2322 1362 2401 ipsi.

27 2439 51 2477 ar
64 2422 138 2481 ordo
160 2438 277 2498 quoque
300 2446 320 2480 a
337 2429 388 2482 aut
409 2423 603 2501 praepositiva
626 2424 710 2495 sunt,
733 2433 767 2484 ut
786 2427 852 2502 quis
874 2433 1017 2503 quantus,
1038 2431 1090 2483 aut
1109 2420 1308 2497 subiunctus,
1331 2432 1364 2485 ut

64 2525 89 2584 is
111 2531 228 2584 tantus:
251 2523 338 2583 reluti
358 2524 568 2607 praepositiva,
593 2520 648 2608 [ut]
673 2525 739 2602 quis
762 2524 851 2586 lecit?
875 2524 1057 2586 subiunctira
1078 2523 1121 2584 vel
1139 2541 1215 2601 quae
1228 2525 1364 2604 responsi

64 2624 121 2684 rim
146 2624 272 2696 babent,
299 2625 355 2686 iste
377 2624 460 2698 lecit;
487 2623 556 2686 item
578 2632 705 2702 quantus
726 2624 774 2685 ille
804 2634 863 2696 est,
892 2634 990 2687 tantus
1017 2625 1066 2686 ille
1092 2633 1146 2686 est.
1191 2625 1365 2703 pronomina

64 2724 226 2803 quaedam,
247 2733 281 2785 ut
300 2726 434 2798 nomina,
457 2735 507 2786 aut
527 2736 644 2804 gentem
666 2726 848 2804 significant,
866 2734 900 2786 ut
921 2725 1004 2786 cuias
1026 2733 1138 2785 vestras
1158 2733 1293 2802 nostram
1315 2734 1366 2786 ant

64 2844 238 2899 numerum,
256 2834 288 2887 ut
306 2836 378 2904 quot
400 2835 459 2901 tot;
487 2835 538 2887 aut
557 2826 706 2901 ordinem,
730 2835 762 2887 ut
784 2834 909 2911 quotus3
936 2833 989 2886 aut
1008 2825 1194 2902 qualitatem,
1221 2834 1255 2887 ut
1272 2825 1367 2904 qualis

26 2942 49 2980 a
63 2927 149 3002 talis;
184 2935 234 2987 ant
259 2927 466 3006 quantitatem,
498 2937 530 2988 nt
556 2938 683 3006 quantus
710 2937 819 2990 tantus.
864 2927 1006 3006 quaedam
1032 2925 1200 3006 possessiva
1225 2927 1306 2987 linita
1327 2926 1365 2986 ad

62 3027 175 3106 aliquid
196 3029 377 3102 reseruntur,
409 3039 439 3090 et
466 3048 499 3090 ea
528 3040 665 3108 quattuor
691 3031 787 3092 modis
819 3028 1016 3090 enuntiantur.
1061 3036 1110 3087 aut
1138 3028 1217 3088 enim
1242 3036 1365 3106 utraque

61 3129 278 3207 significatione
300 3131 458 3209 singularia
477 3140 561 3204 sunt,
583 3140 615 3193 ut
636 3151 720 3194 meus
738 3141 826 3204 tuus,
851 3138 901 3190 aut
924 3137 1047 3205 unaque
1067 3127 1206 3206 pluralia,
1225 3137 1258 3189 ut
1272 3129 1365 3213 nosbi

62 3229 170 3300 rostri,
203 3237 253 3289 aut
274 3230 450 3292 intrinsecus
475 3232 633 3309 singularia
655 3234 837 3294 extrinsecus
860 3229 998 3310 pluralia,
1025 3236 1056 3289 ut
1086 3229 1143 3288 mei
1171 3229 1231 3303 tui,
1263 3238 1365 3291 coum

62 3330 247 3391 extrinsecus
266 3330 424 3409 singularia
442 3332 619 3396 intrinsecus
643 3334 780 3413 pluralia,
811 3340 843 3392 ut
871 3336 973 3390 noster
997 3336 1102 3390 vester.
1147 3347 1235 3390 casus
1256 3349 1365 3408 prono·

21 3450 48 3490 ro
63 3430 211 3504 minibus,
240 3440 272 3491 ut
291 3434 473 3507 nominibus,
504 3435 640 3496 accidunt
661 3455 728 3509 ser,
756 3452 810 3513 per
836 3449 911 3509 quos
934 3429 1064 3490 omnium
1085 3429 1293 3508 pronominum
1316 3448 1365 3507 ge-

62 3532 300 3593 nusinllectitur
318 3534 376 3594 boc
397 3535 494 3595 modo.

152 3632 369 3694 Declinationes
392 3637 598 3714 pronominum
620 3636 746 3697 tlnitivae
769 3635 829 3695 sire
849 3632 1001 3695 absolutae
1023 3642 1093 3694 suut
1110 3631 1175 3690 bae.
1219 3647 1274 3706 ego
1295 3647 1364 3708 pro-

62 3753 174 3796 nomen
195 3735 308 3795 linitum
332 3738 449 3814 generis
473 3739 568 3800 omnis
589 3737 702 3800 numeri
730 3733 888 3812 singularis
916 3736 1027 3811 ligulae
1054 3729 1194 3810 simplicis
1219 3747 1363 3809 personae

63 3837 177 3915 primae
197 3855 284 3897 casus
306 3837 490 3911 nominatin',
515 3839 592 3916 quod
614 3836 807 3900 declinabitur
828 3836 886 3907 sie,
909 3854 963 3913 ego
984 3833 1041 3894 mei
1063 3832 1133 3892 mibi
1152 3849 1200 3890 me
1221 3848 1240 3891 o
1261 3848 1280 3890 a
1299 3847 1362 3891 nro:

22 3966 49 4006 aa
64 3938 118 4000 sed
140 3939 302 4000 vocativum
324 3938 432 4014 babere
454 3918 525 3998 non·¹
534 3948 647 4018 potest,
671 3941 737 4019 quia
758 3956 845 3999 nemo
870 3936 979 3997 dicito
1001 3953 1072 4012 ego,
1101 3929 1159 3994 nisi
1180 3952 1199 3992 o
1220 3929 1363 3991 exclama-

64 4040 106 4100 tio
126 4040 180 4111 sit,
200 4049 232 4100 ut
252 4038 328 4119 apud
350 4037 504 4099 lloratium
536 4041 572 4098 ὀ
600 4040 773 4119 quisquis
795 4040 933 4100 volet':
968 4033 1119 4116 pluraliter
1146 4051 1201 4094 nos
1229 4039 1361 4093 nostrum

64 4139 151 4200 nobis
173 4159 228 4201 nos
244 4137 289 4222 ll⁰
312 4158 328 4200 a
348 4137 444 4200 nobis.
489 4158 544 4200 nec
566 4138 687 4219 pluralis
704 4141 793 4201 babet
810 4141 986 4210 vocativum,
1010 4135 1066 4198 nisi
1086 4153 1178 4214 aeque
1191 4130 1362 4196 exclamatio

137 4361 240 4410 laxat.
259 4375 292 4408 nn
317 4376 421 4412 norrun.
441 4358 528 4413 ιιιοινἿῐ
548 4378 580 4411 nn
606 4375 753 4410 monumen
778 4361 811 4410 A.
840 4360 874 4422 cf.
895 4361 992 4410 Obana.
1015 4377 1044 4422 p.
1065 4357 1110 4409 tat
1131 4372 1186 4421 rqq.
1208 4368 1276 4424 ,exc-
1294 4351 1361 4403 Bob·

61 4448 90 4494 p.
112 4428 160 4480 lll
180 4446 237 4493 sqq.
255 4430 333 4480 Prob.
350 4447 377 4494 p.
396 4429 448 4480 345
465 4448 522 4497 sqq.
540 4433 579 4481 ed.
604 4430 714 4480 Viadob.
730 4432 824 4480 Donat.
842 4445 868 4492 p.
883 4427 946 4477 175²
956 4444 996 4492 eq.
1077 4426 1094 4478 3
1110 4434 1193 4473 tamen
1211 4420 1362 4478 oacABM,

64 4499 125 4548 add.
147 4499 278 4548 Charisius
297 4507 321 4547 et
338 4499 439 4549 Probus
509 4500 602 4565 recepit
621 4497 681 4548 AM
746 4497 903 4548 daccedunt
921 4496 979 4545 AM
1053 4492 1183 4557 Broccpit
1199 4490 1260 4541 AM
1330 4487 1363 4537 lt)

64 4577 149 4631 potest
166 4566 227 4616 ΒΜ
242 4567 324 4632 possit
341 4568 366 4615 A
437 4567 466 4617 ll
486 4568 608 4616 accellnnt
628 4566 713 4617 ΑΒΜ
781 4565 815 4616 lo
833 4578 890 4614 nam
909 4574 933 4612 et
954 4563 997 4625 qui
1011 4563 1053 4612 uir
1071 4564 1096 4611 A
1114 4574 1173 4609 nem
1191 4568 1216 4608 et
1231 4558 1288 4621 quia
1303 4555 1365 4607 ΒΜ

137 4634 169 4684 18
188 4636 309 4684 accedunt
328 4635 411 4684 ΑΒΜ
496 4636 531 4685 20
548 4636 609 4684 ordo
629 4650 730 4698 qnoque
749 4634 833 4683 autA
852 4631 914 4680 ordo
933 4645 982 4695 quo
1000 4639 1044 4680 aut
1061 4631 1088 4680 B
1105 4628 1167 4678 ordo
1186 4641 1236 4690 quo
1252 4625 1285 4674 Μ
1298 4625 1361 4675 ordo

65 4717 169 4820 qqoque
185 4703 378 4820 pronominqpus
396 4704 557 4822 accidiquaut
574 4705 677 4823 enipqe
711 4703 781 4818 (131
801 4700 839 4816 vqil
855 4716 902 4831 atq.
923 4698 955 4750 M
1008 4698 1057 4815 u310
1059 4697 1197 4816 2qoeqdbun⁸
1214 4693 1300 4743 ΑΒΜ

119 4786 452 4822 mecame.:0om.
660 4784 710 4834 epu
771 4782 988 4818 oraumcamrr.
1095 4803 1102 4825 ‚

119 4872 324 4915 onauuarrcr
347 4873 457 4913 narmr
482 4875 502 4916 r.
1113 4847 1153 4907 22
1197 4848 1202 4858 '
