3114 5356
616 322 697 381 ΛΒΤ.
722 321 861 383 uultus.
891 322 1002 387 LlB.l
1397 331 1459 393 345

154 503 228 563 item
256 502 330 562 adeo
358 502 436 562 adis:
474 503 530 562 boc
554 505 694 565 iteramus
723 506 802 567 adito
828 508 922 570 aditas
944 506 958 593 ΙΙ
978 508 1160 584 dictitantes,
1194 441 1456 577 utpllnndlnzplad

155 623 239 662 eum
259 603 480 663 aditavore'.
518 604 587 664 item
610 606 676 666 ineo
698 607 755 667 inis
773 615 803 667 et
823 609 895 669 inito
918 610 1058 685 dicimus,
1081 622 1113 672 ut
1132 613 1273 675 Pacuvius
1288 615 1318 675 in
1332 617 1457 696 Antiopa

155 705 260 765 ‘loca
289 705 441 765 horrida
470 707 613 766 initas'.
658 707 792 769 similiter
811 708 915 771 balare
934 720 964 772 et
988 712 1126 773 halitare:
1153 714 1267 776 Ennius
1288 716 1319 776 in
1340 717 1457 779 bustris

155 805 395 866 ‘sublimiter
430 806 758 886 quadrupedantes
797 809 979 874 flammam
1018 813 1253 877 halitantes’.
1312 818 1393 879 hiare
1427 827 1458 879 et

125 907 269 966 slrietare
292 913 406 966 veteres
428 906 578 968 dixerunt:
601 909 720 972 Plautus
744 936 763 971 ιι

795 1040 803 1052 ·
833 1014 940 1092 siqua
962 1016 1059 1076 torte
1080 1017 1209 1078 contio
1232 1026 1305 1090 est,

298 1106 381 1168 ·nbi
405 1128 485 1169 eum
507 1110 653 1171 bietare
682 1111 840 1174 nondum
862 1114 900 1174 in
921 1124 1076 1176 mentem
1097 1117 1216 1192 venit;

156 1227 212 1286 Gn.
235 1225 352 1286 Mattius
375 1227 534 1288 uicensimo
555 1228 663 1289 iliados

323 1345 390 1406 ille
413 1346 564 1407 lrietans
585 1347 734 1410 herbam
756 1348 1003 1422 moribundus
1024 1349 1171 1413 detinet
1192 1373 1273 1430 ore3

115 1477 140 1514 ro
156 1434 227 1520 item
251 1462 394 1522 Caecilius

450 1583 612 1641 sequere
636 1584 698 1626 me.
743 1567 845 1645 praei
868 1567 996 1627 hercle
1019 1578 1072 1640 tu,
1095 1568 1158 1645 qni
1181 1570 1225 1629 mi
1248 1571 1414 1634 oscitans

323 1662 553 1742 bietansque
575 1675 720 1741 restas;

155 1779 299 1839 Laberius
322 1781 408 1841 etiarn
430 1781 459 1841 in
476 1783 571 1844 Tauro
593 1784 709 1863 passivo
731 1785 818 1846 modo
840 1788 1014 1860 enuntiavit,
1032 1787 1248 1848 ‘bietantur
1266 1789 1389 1849 lores'
1410 1791 1456 1850 in·

156 1879 236 1957 quit,
258 1899 312 1958 pro
334 1900 369 1940 eo
392 1901 463 1943 sane
485 1883 563 1961 quod
583 1896 629 1947 est
650 1888 776 1960 hiscant,
802 1884 831 1944 id
853 1895 898 1945 est
919 1894 1030 1964 patent.

116 2023 141 2060 s
244 2000 319 2061 Sunt
341 1999 484 2078 quaedam
507 2002 677 2065 iteratomm
698 2004 844 2076 iteratim,
873 2012 904 2064 et
925 2023 1013 2084 saepe
1035 2004 1065 2064 in
1092 2013 1152 2064 tres
1176 2004 1284 2082 gradus
1306 2006 1456 2068 deducunt

155 2101 294 2173 verbnm,
317 2101 401 2178 quale
422 2110 467 2163 est
489 2104 587 2179 video,
611 2106 716 2167 deinde
739 2106 817 2178 viso,
840 2113 869 2164 et
882 2104 959 2182 quod
976 2105 1043 2183 plus
1060 2113 1119 2178 est,
1141 2105 1235 2165 visito.
1273 2107 1341 2168 item
1358 2125 1455 2182 curro,

155 2203 262 2263 deinde
284 2222 389 2275 curso,
416 2212 444 2263 et
463 2205 542 2282 quod
564 2206 630 2286 plus
651 2214 710 2279 est,
738 2206 857 2267 cursito.
902 2215 932 2266 et
957 2207 1031 2266 haec
1057 2205 1143 2267 verba
1165 2207 1375 2286 cuiuscumque
1397 2210 1457 2270 sint

155 2304 387 2380 coniugationis‚
411 2324 477 2365 curn
499 2306 601 2367 iterata
624 2307 749 2378 luerint,
778 2306 889 2386 primae
911 2314 998 2366 erunt
1020 2306 1249 2384 coniugationis‚
1276 2317 1398 2389 excepto
1421 2328 1456 2371 eo

155 2404 236 2483 quod
257 2414 302 2464 est
323 2405 406 2465 video
427 2414 457 2465 et
474 2407 552 2483 viso;
575 2407 691 2487 plenam
713 2415 810 2467 tamen
831 2407 1014 2467 iterationem
1034 2408 1064 2468 in
1087 2408 1217 2468 ordinem
1239 2408 1367 2486 primum
1385 2428 1457 2469 con·

118 2521 144 2559 ²⁰
159 2508 231 2578 lert,
268 2515 301 2566 ut
337 2506 420 2566 risito
454 2508 562 2568 visitas.
617 2510 685 2569 item
719 2527 807 2586 saepe
835 2505 865 2566 in
901 2506 975 2567 duos
1015 2514 1126 2568 tantum
1164 2508 1272 2586 gradum
1307 2508 1458 2570 deducunt

157 2606 381 2668 declinationem
415 2607 511 2681 verbi,
550 2619 582 2670 nt
617 2609 682 2670 rolo
716 2608 812 2667 volito.
868 2617 937 2669 sunt
971 2608 1057 2669 etiam
1093 2609 1302 2685 frequentativa
1334 2609 1370 2670 de
1403 2629 1457 2670 no-

156 2708 236 2766 mine
264 2707 421 2782 venientia,
456 2718 487 2769 ut
511 2712 650 2788 patrissat
677 2705 845 2786 graecissat
890 2717 960 2769 sunt
987 2708 1056 2768 item
1082 2709 1257 2792 deminutiva
1285 2729 1302 2771 a
1327 2711 1457 2789 perlecta

157 2809 267 2881 torma,
312 2816 344 2867 ut
385 2809 513 2869 sorbillo.
572 2819 641 2871 sunt
677 2810 740 2870 sine
777 2809 889 2887 origine
928 2810 1075 2888 perlectae
1118 2812 1245 2885 formae,
1286 2819 1319 2872 ut
1353 2811 1457 2891 pitisso

156 2907 268 2968 vacillo.
313 2908 386 2968 haec
415 2918 513 2970 autern
543 2911 686 2972 iterantur
711 2928 785 2988 quae
814 2909 951 2970 decorem
980 2928 1015 2970 ac
1042 2911 1186 2972 sermonis
1216 2913 1338 2989 ligium
1357 2910 1457 2972 subire

120 3025 144 3063 ea
158 3017 294 3088 possunt.

231 3215 242 3264 l
266 3224 293 3263 ιιι
311 3216 406 3265 Ennius
422 3215 452 3263 ad
472 3230 530 3263 oum
548 3215 686 3275 nditarere,
704 3231 769 3279 qnae
785 3216 903 3266 hocloco
918 3213 1154 3268 οιιιίειαιηΑΒΜς
1170 3214 1321 3278 apansa,
1331 3212 1365 3264 33
1375 3215 1454 3265 adan

157 3297 211 3336 tato
227 3294 299 3344 sunt,
318 3287 365 3334 baec
383 3286 537 3347 transposuit
555 3285 689 3333 Petscbius
703 3292 842 3348 praeeunte
859 3285 980 3347 Scioppio
997 3300 1068 3347 cusp.
1088 3289 1143 3333 lect.
1159 3284 1180 3331 ll
1193 3285 1218 3344 2,
1238 3285 1295 3334 ‘sed
1308 3292 1368 3346 post
1384 3283 1454 3331 dieti-

158 3366 242 3404 tnntes
258 3355 406 3417 reponenda
425 3370 438 3401 e
456 3371 477 3402 u.
498 3357 515 3403 t.
537 3362 564 3401 ut
580 3353 676 3400 Ennius
695 3352 728 3400 od
746 3367 803 3400 enm
821 3353 959 3411 uditnvere,
978 3353 1037 3399 item
1055 3350 1128 3400 ineo’
1216 3351 1344 3402 3inhitus
1364 3352 1388 3399 A

158 3425 228 3472 aiace
243 3432 267 3470 et
285 3423 372 3471 alitare
392 3422 415 3469 A
439 3421 525 3470 balere
542 3430 567 3471 et
585 3420 691 3470 balitare
711 3420 743 3469 M
764 3421 832 3470 alere
851 3429 876 3470 et
893 3421 982 3470 eliture
1000 3421 1025 3470 B
1112 3422 1129 3470 4
1154 3419 1295 3469 sublimiter
1313 3421 1457 3468 Seriverm

158 3495 229 3556 apud
248 3493 364 3541 Vossimn
388 3495 474 3554 cestip.
500 3495 525 3540 ιἰι
542 3491 639 3554 [repra.
664 3497 711 3540 oet.
736 3498 803 3554 trop.
823 3507 852 3553 p.
872 3489 905 3538 27
935 3489 1043 3538 sublime
1067 3490 1114 3538 iter
1137 3498 1164 3536 ut
1188 3489 1213 3537 B
1243 3488 1344 3537 lnblirne
1366 3488 1413 3534 iter
1432 3487 1456 3533 A

158 3562 261 3609 lnblime
280 3561 338 3607 item
364 3560 402 3609 M.
436 3576 549 3610 versuum
570 3562 712 3624 particulos
735 3561 774 3608 sic
795 3559 920 3623 disperdi
942 3557 1094 3608 Ribbeckius
1117 3565 1183 3622 trop.
1208 3558 1267 3607 Lat.
1291 3559 1339 3606 rel.
1359 3570 1387 3617 p.
1412 3553 1455 3609 30,

157 3626 298 3678 sublimiter
314 3626 318 3692 Ι
334 3629 601 3694 qnidrupedantes...
623 3625 627 3694 Ι
647 3628 821 3676 ...dammam
839 3628 973 3677 balitdntes
1044 3624 1296 3692 quadrupedantisB
1365 3621 1456 3670 alitnn-

159 3709 197 3745 tes
218 3698 243 3746 B
312 3696 328 3746 5
348 3698 463 3762 plaustus
477 3698 510 3750 B.
526 3716 572 3749 om.
592 3698 734 3746 Patrobios.
764 3713 853 3748 veretas
871 3696 1089 3747 Menacclmiorwn
1110 3698 1142 3744 lll
1161 3695 1189 3754 1,
1208 3695 1224 3745 3
1241 3691 1306 3755 (448
1324 3692 1372 3753 ll),
1398 3704 1456 3738 ⁰¹¹¹¹¹

158 3769 182 3814 in
202 3766 345 3813 contionem
364 3766 529 3815 medimnum
549 3767 652 3815 inmersi
671 3767 763 3826 miser,
786 3765 836 3814 Vbi
854 3780 902 3831 ego
919 3766 979 3814 dum
995 3764 1077 3825 hieto,
1102 3762 1279 3812 llennechrnus
1303 3775 1331 3808 se
1355 3758 1458 3840 sitbter-¹

157 3836 231 3883 duxit
250 3832 321 3893 milri,
341 3837 508 3893 intercidisse,
526 3852 556 3884 co
573 3845 653 3885 eutem
673 3851 738 3899 puae
754 3843 874 3886 securatur
891 3844 935 3885 aad
952 3852 987 3885 ecc
1001 3836 1087 3885 endem
1102 3849 1180 3883 acerra
1191 3835 1218 3882 ιἰι
1235 3829 1364 3881 codicibus
1371 3829 1457 3876 Plauti

156 3909 281 3954 tarcunosa
299 3912 342 3953 aut
360 3922 395 3954 ear
412 3908 463 3955 ulio
481 3914 557 3967 poeta
570 3908 652 3969 petite
672 3920 728 3954 esse
744 3905 860 3955 videntur
944 3904 1066 3955 ticoncio
1086 3902 1111 3951 B
1197 3901 1315 3948 lmente
1331 3896 1390 3946 AM

159 3973 255 4021 venerit
270 3974 418 4036 Spenpctius
432 3975 505 4022 Coeo.
516 3975 580 4023 Stat.
590 3973 683 4037 scopin.
701 3990 730 4037 p.
745 3973 780 4023 58
859 3972 876 4023 8
894 3973 939 4023 Gn.
957 3973 1059 4023 Mattius
1077 3971 1192 4034 Scattper
1208 3970 1315 4021 coniecit
1332 3969 1358 4017 in
1376 3967 1455 4015 Vara.

154 4058 181 4104 p.
194 4040 245 4090 150
265 4039 316 4089 GN.
329 4043 407 4091 attius
421 4041 506 4091 ΑΒΜ
522 4051 545 4092 et
560 4043 644 4094 codeoe
660 4043 777 4107 Scioppii
792 4059 861 4106 susp.
880 4045 937 4093 tect.
955 4044 976 4092 Π
995 4042 1012 4091 2
1029 4040 1074 4092 Gn.
1089 4040 1223 4096 Atticus'e
1293 4036 1419 4102 nigesirno
1433 4031 1458 4080 B

507 4133 520 4160 0

228 4175 320 4224 iliados
339 4177 400 4227 ΒΜ
422 4176 457 4225 illi
476 4176 538 4225 odes
556 4177 581 4225 A
667 4177 685 4227 n
709 4177 750 4225 itte
772 4175 872 4226 hiatuus
895 4177 999 4227 herbam
1021 4174 1172 4225 moribundo
1190 4188 1234 4223 ore
1252 4173 1326 4239 (rell.
1345 4168 1412 4231 on.)
1430 4182 1457 4227 ς,

159 4260 224 4309 qnae
242 4248 278 4293 ita
296 4248 450 4310 corriperetis
468 4248 575 4295 coniecit
592 4245 708 4309 Scatiper
727 4249 743 4295 t.
762 4262 795 4304 ιι,
816 4247 857 4295 ille
876 4244 928 4295 hiat
947 4255 972 4294 at
987 4247 1095 4294 animam
1112 4243 1286 4293 moribundior
1303 4242 1368 4291 conl.
1382 4240 1455 4317 Hom.

160 4314 191 4363 le
210 4310 235 4359 Τ
250 4313 302 4364 403
321 4305 410 4378 αὐτὰρ
426 4305 442 4362 ὁ
459 4305 556 4377 θυμὸν
574 4303 660 4363 dende
678 4308 726 4362 acal
745 4303 863 4378 ἧρυγενι
888 4316 930 4364 ille
954 4315 1052 4364 hierone
1073 4314 1183 4363 animum
1204 4308 1355 4360 moribundo
1373 4307 1457 4385 tinniit

161 4397 203 4429 ore
222 4383 371 4446 Spenpetr'us
389 4387 406 4432 l.
424 4399 446 4432 c.
533 4382 627 4432 bietuni
650 4383 682 4432 M
768 4377 919 4433 moribundo
938 4391 1006 4433 tenet
1022 4383 1104 4444 (tenit
1121 4380 1197 4443 AM)
1216 4394 1259 4429 ore
1276 4375 1360 4427 ΑΒΜ
1380 4389 1457 4453 morr-

161 4450 246 4498 bundo
269 4453 348 4499 tenuit
365 4467 408 4500 ore
428 4452 562 4501 Putscllius
580 4461 603 4502 et
620 4452 705 4502 codes
722 4452 838 4516 Setopptt
856 4455 874 4502 e
893 4467 915 4501 e.
1005 4450 1037 4502 10
1061 4450 1184 4500 Caecilius
1204 4447 1338 4498 Putocldua
1361 4443 1457 4492 caelans

162 4518 239 4573 AMs'
257 4527 281 4567 et
299 4520 382 4570 codex
399 4521 515 4584 Scioppii
532 4520 610 4569 celius
628 4519 654 4568 Β
725 4519 754 4568 tl
775 4521 846 4585 praei
864 4519 948 4570 hercle
960 4520 1094 4570 Petscdius
1111 4519 1166 4584 peri
1184 4517 1268 4566 hercle
1287 4513 1320 4563 M
1336 4522 1360 4563 et
1373 4511 1458 4590 codes

162 4587 277 4651 Scioppii
294 4588 416 4653 periercle
436 4591 460 4637 A
487 4588 603 4652 pehorcle
622 4588 660 4646 Β,
687 4602 732 4637 om.
752 4601 770 4642 s·
784 4627 787 4631 -
815 4610 820 4617 ¹
858 4590 901 4654 qni
924 4605 970 4641 om.
990 4589 1016 4638 B
1103 4588 1138 4636 ml
1154 4587 1301 4651 Speapeb'ac
1318 4586 1335 4633 t.
1355 4597 1377 4631 c.
1395 4577 1456 4628 mlbr

165 4654 265 4711 Anas,-
336 4657 366 4705 12
386 4665 484 4706 restans
498 4658 522 4705 A
594 4656 624 4706 13
642 4656 753 4705 laberius
772 4657 857 4707 ΑΒΜ
924 4657 1055 4725 inquidA
1125 4655 1156 4705 lb
1174 4654 1332 4703 deducuntur
1345 4650 1458 4730 nerbas

236 4722 267 4773 18
286 4733 390 4790 excepto
409 4725 476 4788 quod
496 4734 581 4775 osteo
599 4724 666 4788 qnod
686 4734 724 4773 est
742 4725 818 4774 uideo
837 4727 862 4776 A
883 4735 988 4791 excepto
1007 4724 1074 4788 quod
1094 4731 1132 4772 est
1150 4738 1180 4772 eo
1197 4731 1221 4770 et
1239 4720 1307 4784 qnod
1325 4729 1364 4769 est
1382 4719 1458 4767 uideo

167 4791 196 4839 M
214 4802 320 4856 excepto
339 4793 406 4855 quod
421 4804 459 4842 est
480 4794 554 4842 uideo
573 4795 598 4844 B
667 4790 701 4841 23
715 4795 813 4858 pytisso
828 4793 912 4843 ABM
1388 4803 1390 4806 ’

218 4896 422 4936 denuntiante!
448 4898 556 4959 LATlNll
581 4900 600 4936 l.
1172 4871 1212 4933 23
