3114 5356
204 285 265 347 172
772 281 929 345 emulsa

270 401 338 445 .ua.
351 399 414 443 eor.
1277 399 1344 444 ,ιιιι
1359 400 1396 442 ιιι
1411 398 1436 442 ι.

203 416 273 549 diri,
295 471 573 554 plusquamperfccli
592 471 770 545 audiveram,
799 471 886 532 futuri
906 471 1033 547 audiam;
1066 482 1094 533 ct
1118 472 1232 552 passiva
1252 413 1355 535 iudior
1377 473 1488 535 audiris

203 572 319 639 auditur
339 573 472 636 audimur
499 572 637 634 audimini
664 572 832 646 audiuntur,
867 573 976 653 passiva
1002 574 1154 655 inperfecti
1182 575 1338 650 audiebar,
1370 576 1487 656 passiva

202 675 325 760 perfecti
346 674 462 737 auditus
484 694 549 738 sum
570 675 625 750 fui,
647 674 920 754 plusquamperfect
935 675 1048 740 auditus
1067 696 1146 739 eram
1168 678 1296 751 fueram,
1322 677 1411 739 futuri
1435 697 1487 739 au·

202 780 274 843 diar.
319 776 487 858 imperativa
513 775 647 838 instantis
674 776 758 837 activi
785 775 866 848 audi,
892 776 977 839 futuri
1005 779 1102 840 audito
1128 785 1160 839 tu
1183 779 1241 840 ille.
1286 780 1414 861 optativa
1442 780 1487 841 in-

203 881 307 947 stantis
328 887 357 941 et
376 877 525 960 praeteriti
547 877 698 958 inperfecti
720 884 752 939 ut
772 876 914 954 audirem,
938 881 1057 960 perfecti
1079 887 1110 943 ut
1129 881 1286 956 audierim,
1314 881 1513 962 plusquam·⁵

203 983 325 1067 perfecti
343 989 377 1043 ut
396 981 559 1055 audissem,
581 980 670 1042 futuri
692 987 724 1041 ut
747 979 870 1041 audiam.
912 979 1088 1044 subiunctiva
1110 983 1245 1046 instantis
1270 1001 1338 1045 cum
1358 984 1485 1057 audiam,

203 1083 352 1169 metenti
372 1082 526 1164 inperfecti
544 1100 610 1143 cum
632 1081 777 1156 audirem,
803 1083 920 1162 perfecti
941 1102 1007 1145 cum
1024 1084 1180 1159 audierim,
1206 1084 1486 1166 plusquamperfecti

202 1207 270 1252 curu
295 1186 459 1271 audissem,
496 1183 584 1245 futuri
614 1201 680 1245 cum
708 1183 836 1246 audiero.
879 1186 1043 1266 imperativa
1069 1187 1185 1268 passiva
1210 1185 1347 1250 instantis
1374 1182 1539 1261 audire·

203 1289 292 1353 futuri
312 1287 427 1349 auditor
449 1294 481 1347 tu
503 1284 559 1346 ille.
604 1284 729 1364 optativa
750 1284 882 1348 instantis
908 1295 937 1348 et
962 1288 1109 1368 praeteriti
1129 1289 1281 1370 inperfecti
1306 1295 1338 1351 ut
1358 1287 1485 1363 audirer,

203 1391 324 1475 perfecti
348 1396 381 1451 ut
405 1382 520 1450 auditus
541 1386 597 1448 sim
617 1385 737 1460 fuerim,
759 1385 1029 1470 plusquamperfecti
1047 1397 1082 1452 ut
1098 1392 1213 1454 auditus
1234 1409 1330 1454 essem
1351 1389 1484 1464 fuissem,
1501 1416 1525 1456 so

203 1493 292 1558 futrui
313 1500 345 1553 ut
366 1488 476 1552 audiar.
520 1488 702 1551 subiunctiva
723 1489 858 1551 instantis
877 1493 1011 1572 temporis
1034 1510 1102 1554 cum
1126 1493 1241 1568 audiar,
1268 1491 1419 1573 praeteriti
1441 1492 1486 1553 in-

203 1594 324 1676 perfecti
350 1612 417 1654 cum
442 1591 571 1665 audirer,
605 1590 726 1671 perfecti
754 1609 819 1652 cum
845 1593 956 1656 auditus
977 1594 1031 1656 sim
1053 1594 1172 1668 fuerim,
1206 1595 1486 1676 plusquamperfecti

203 1716 271 1761 cum
292 1695 408 1758 auditus
430 1710 525 1755 essem
540 1678 684 1767 fuissem,
707 1693 796 1755 futuri
819 1713 885 1757 cum
904 1694 1016 1758 auditus
1036 1716 1087 1759 ero
1111 1698 1201 1759 fuero.
1241 1696 1352 1758 infinita
1373 1697 1487 1760 iustan·

86 1810 91 1819 '
204 1800 241 1865 tis
257 1798 348 1859 activa
368 1795 479 1867 audirc,
503 1797 650 1876 praeteriti
664 1795 790 1875 audisse,
814 1796 899 1858 futuri
912 1797 1039 1860 auditum
1061 1799 1103 1860 ire
1128 1794 1200 1883 [aut]
1225 1799 1392 1861 auditurum
1407 1818 1484 1861 esse.

202 1901 315 1965 infinita
336 1898 451 1980 passiva
476 1900 616 1980 temporis
643 1898 778 1959 instantis
805 1876 912 1974 audiri,
943 1900 1087 1979 praeteriti
1114 1901 1243 1962 auditum
1269 1920 1350 1976 esse,
1366 1897 1381 1986 ΙΙ
1395 1902 1486 1963 futuri
1501 1927 1527 1968 is

203 2002 333 2065 auditum
355 2002 412 2063 iri.¹
443 2001 594 2082 participia
617 2002 730 2082 passiva
753 1999 897 2082 praeteriti
921 2001 1047 2077 auditus,
1071 2002 1158 2063 futuri
1178 2003 1348 2065 audiendus.
1383 2004 1486 2084 appel-

202 2104 272 2167 latio
300 2104 425 2179 auditi0;
460 2122 566 2166 nomen
595 2104 717 2166 auditor.
760 2101 909 2184 participia
940 2102 1028 2163 activa
1060 2105 1196 2166 instantis
1226 2104 1362 2177 audiens,
1395 2106 1486 2167 futuri

156 2204 159 2209 ’
203 2206 364 2271 auditurus.
419 2195 533 2287 supioa'
552 2206 597 2268 rol
629 2206 763 2268 adverbia
790 2202 923 2267 audiendi
953 2204 1093 2269 audiendo
1126 2206 1316 2279 audiendum,
1353 2208 1487 2271 auditum

202 2308 336 2395 auditui

288 2414 415 2489 Quartus
438 2431 507 2491 ergo
530 2419 576 2473 est
602 2410 673 2472 ordo
700 2410 750 2471 ubi
772 2404 903 2472 'secunda
931 2429 1051 2490 persona
1077 2409 1177 2470 finitivi
1205 2428 1257 2490 per
1287 2410 1313 2471 is
1343 2411 1485 2490 syllabam
1501 2439 1530 2478 so

202 2515 387 2590 terminatur,
415 2514 554 2576 alaudia
581 2513 681 2586 audis,
708 2514 809 2575 haurio
831 2512 936 2575 hauris.
980 2512 1061 2574 cuius
1089 2513 1217 2575 futurum
1243 2520 1358 2594 tempus
1385 2515 1426 2577 bo
1457 2525 1488 2578 et

204 2638 251 2681 am
274 2618 453 2680 terminatur.
499 2615 550 2676 sed
572 2616 627 2676 ista
650 2614 811 2676 differentia
834 2622 893 2687 est,
922 2614 946 2675 si
967 2612 1056 2693 prima
1082 2632 1206 2694 persona
1233 2615 1332 2677 finitivi
1361 2635 1396 2678 eo
1427 2626 1487 2680 ter-

203 2721 344 2783 minatum
364 2719 483 2780 verbum
513 2718 643 2778 invenies
663 2717 750 2778 buius
777 2716 903 2790 ordinis,
930 2717 1052 2777 futmum
1080 2723 1194 2796 tempus
1222 2736 1275 2797 por
1301 2717 1339 2777 bo
1368 2720 1487 2791 efferes,

204 2831 236 2885 ul
258 2831 375 2882 transeo
398 2819 504 2881 transis
528 2818 674 2891 transibo,
696 2818 784 2878 redeo
806 2818 884 2878 redis
905 2817 1017 2893 redibo;
1046 2827 1141 2878 cetera
1162 2837 1208 2879 am
1231 2819 1330 2892 furies,
1360 2828 1391 2879 ut
1412 2821 1488 2883 bau·

203 2924 246 2984 rio
271 2922 371 2984 hauris
399 2921 545 2995 hauriam,
581 2920 681 2982 rnunio
709 2923 805 2980 munis
832 2920 966 2981 muniam.
1013 2919 1178 3001 imperativa
1211 2921 1300 2982 facies
1327 2920 1442 2982 sidilata
1471 2945 1530 2985 saa

204 3024 300 3086 littera
321 3023 357 3083 de
380 3023 508 3086 sectanda
531 3041 657 3102 persona
676 3021 792 3094 fmitiii,
815 3033 846 3083 ut
867 3022 951 3084 audio
971 3023 1049 3097 audi;
1075 3023 1120 3083 cui
1139 3023 1268 3103 adpones
1289 3043 1321 3084 re
1344 3032 1370 3084 et
1394 3023 1488 3088 facies

203 3124 391 3197 infinitivum,
414 3134 446 3186 ut
467 3124 576 3187 audire.
621 3125 667 3186 alii
690 3125 824 3186 dixerant
844 3126 874 3186 in
899 3129 989 3206 quarti
1010 3126 1118 3189 ordinis
1146 3125 1233 3185 verbo
1260 3127 1354 3186 futuro
1384 3128 1488 3191 finitivi

203 3220 233 3287 et
258 3226 389 3304 optativi
412 3234 441 3286 et
470 3225 656 3289 subiunctivi
682 3228 851 3290 tantundem
875 3229 952 3290 inter
978 3250 1006 3290 se
1031 3230 1146 3291 ‹lifferre
1174 3236 1313 3306 quantum
1341 3229 1370 3288 in
1395 3230 1487 3292 verbo

204 3327 325 3391 wulnodi
348 3329 466 3391 ordinis.
513 3351 577 3393 narn
600 3332 724 3392 dicimus
747 3330 831 3391 adibo
853 3341 880 3392 ct
902 3333 1007 3393 utinam
1027 3333 1127 3393 ualeam
1148 3340 1175 3392 el
1198 3350 1264 3391 cum
1287 3331 1394 3392 adiero.
1433 3334 1488 3394 sed

203 3430 233 3491 in
252 3431 308 3493 boc
329 3431 454 3512 amplius
476 3433 645 3495 observatur
673 3433 860 3514 praeteritum
887 3434 1073 3514 inperfectum
1098 3434 1192 3495 media
1214 3454 1230 3493 e
1252 3433 1346 3494 littera
1373 3444 1486 3497 tantuna
1501 3457 1527 3499 aa

201 3533 288 3594 modo
316 3533 444 3596 detracta
466 3536 475 3595 i
498 3536 623 3598 litterani
645 3537 791 3616 recipere,
817 3537 893 3597 velut
915 3537 1025 3599 adibam
1047 3535 1248 3616 praeteribant.
1293 3554 1360 3596 nam
1381 3545 1412 3597 ut
1436 3539 1489 3599 de·

202 3635 333 3698 trabatur
354 3656 370 3697 e
389 3637 483 3699 littera
506 3647 636 3719 tempore
654 3640 813 3719 inperfecto
836 3648 864 3699 et
885 3639 980 3700 futuro
1000 3639 1107 3700 finitivo
1129 3639 1147 3699 b
1167 3639 1290 3699 addatur
1311 3639 1404 3718 prima
1418 3659 1488 3719 per-

155 3762 160 3771 ·
202 3756 274 3799 sona
294 3738 357 3800 cius
380 3739 500 3819 praebet
520 3742 765 3814 observationem,
788 3759 862 3819 quae
882 3759 983 3821 pereo
1002 3743 1183 3815 terminatur,
1207 3738 1338 3818 quamvis
1357 3742 1506 3831 secunda!

202 3860 326 3922 persona
356 3843 380 3903 is
405 3841 509 3903 litteris
536 3840 666 3903 similiter
694 3844 842 3922 productis
871 3844 1046 3906 terminetur.
1092 3845 1175 3905 cuius
1197 3851 1293 3905 autem
1315 3843 1425 3905 ordinis
1448 3846 1488 3906 sit

202 3943 321 4006 verbum
351 3943 432 4004 facile
458 3941 585 4021 intellegi
612 3945 717 4024 poterit
745 3965 779 4007 ex
808 3946 1009 4008 infuiitivorum
1036 3946 1245 4009 observatione.
1291 3947 1376 4027 primi
1408 3949 1486 4010 enirn
1500 3965 1525 4007 aa

201 4044 311 4107 ordinis
332 4044 451 4105 verbum
470 4052 537 4105 ante
559 4045 743 4107 novissimam
769 4047 905 4127 syllabam
927 4067 943 4107 a
965 4049 1084 4128 accipit,
1112 4047 1190 4109 velut
1217 4067 1331 4120 amaro,
1363 4050 1486 4111 secundi

201 4166 217 4206 e
238 4138 424 4227 productam,
443 4145 520 4213 seirat
534 4147 657 4223 babere,
675 4149 751 4211 tertii
766 4170 782 4211 c
797 4158 975 4231 correptam,
995 4150 1071 4211 reiut
1084 4151 1226 4224 scribere,
1250 4150 1343 4228 ‹puarti
1361 4150 1385 4223 i,
1409 4151 1487 4212 volut

145 4250 149 4259 '
200 4249 324 4312 munire.
369 4256 466 4328 potest
495 4257 523 4308 et
547 4248 626 4311 alias.
671 4252 695 4314 si
724 4253 800 4314 enim
816 4254 968 4316 secundae
994 4273 1137 4334 personae
1164 4253 1271 4314 abicias
1298 4253 1487 4315 notissimam

202 4473 214 4522 l
253 4471 278 4522 N
293 4479 311 4521 11
327 4477 347 4529 8,
364 4478 379 4519 a
412 4470 459 4523 fut.
477 4472 579 4522 audiam

272 4679 304 4729 10
319 4689 347 4727 ut
364 4696 409 4729 om.
424 4679 450 4728 N
518 4678 548 4728 fl
568 4678 614 4727 fut.
634 4678 671 4728 uti
688 4679 777 4729 audiar
794 4681 820 4729 N
889 4682 920 4732 18
935 4632 1103 4747 supiuaiwuiiii
1120 4679 1224 4730 aduerb.
1244 4680 1270 4729 N
1337 4689 1396 4733 ante
1414 4684 1487 4734 audi-

202 4757 254 4797 tum
272 4751 297 4798 fn
315 4766 395 4814 marp.
414 4750 566 4812 adscriptum
581 4755 619 4799 eof
635 4750 738 4813 passiuo
756 4753 780 4799 fn
798 4752 825 4800 N
905 4751 938 4802 '28
955 4760 979 4802 et
998 4751 1102 4818 optativi
1120 4757 1144 4799 et
1159 4751 1313 4801 subiunctivi
1331 4766 1377 4803 om.
1395 4751 1422 4801 N

203 4816 236 4867 38
253 4817 361 4884 abicias]
380 4820 492 4883 accipias
511 4818 535 4867 N
550 4818 651 4870 auferas
669 4819 800 4870 Fabricius
