3114 5356
152 287 208 351 196
699 288 861 352 cnlnlsll

198 404 479 540 ¹³iiilriiii(licuntur
499 477 535 538 ab
553 476 642 551 atha,
664 476 806 539 Albenses
827 486 924 540 antem
946 479 983 539 ab
1005 479 1076 541 Alba
1092 480 1230 542 l'ucome.
1272 411 1374 545 irriiri
1383 485 1423 545 rei

149 599 264 644 causam
289 582 373 647 tam
401 579 441 641 ait
466 598 547 655 esse,
583 579 661 659 quod
686 578 819 658 analogia
849 580 879 642 in
907 582 1088 643 naturalibus
1115 585 1284 647 nominibus
1309 590 1424 648 tunm

151 690 294 757 servatur,-
308 683 337 743 in
356 680 523 743 uoluntariis
545 700 613 743 vero
634 679 805 759 neglegitur.
845 689 916 745 'nam
938 672 1007 744 ut'a
1030 684 1121 745 Roma
1142 685 1289 749 Romanus
1298 688 1422 764 dicitur,

151 806 167 847 a
186 785 255 847 Nola
276 784 412 859 Nolanus,
440 784 476 846 ab
498 784 589 847 Atella
607 784 772 858 bullenus,
795 784 838 846 sic
859 784 986 847 Albanus
1002 781 1015 870 Η
1029 786 1066 847 ab
1088 786 1160 847 alba
1181 787 1238 849 dici
1259 788 1355 850 debet.
1392 791 1422 852 in

149 887 194 949 ills
219 895 311 949 autem
330 888 455 950 lassate
482 885 553 949 alba
580 886 637 948 hoc
665 886 724 949 non
746 896 946 971 conservatur,
974 888 1051 967 quod
1073 887 1191 951 alterins
1213 891 1332 967 npmine
1353 912 1448 971 cog-s

149 988 312 1075 norinatur.
363 989 440 1069 quod
466 989 560 1069 magis
585 997 721 1071 apparet,
749 1009 814 1052 cum
842 990 966 1053 dicimus
987 991 1133 1071 llispanos
1155 998 1185 1052 et
1205 993 1325 1068 Saralos,
1353 992 1423 1056 item

150 1092 347 1207 llivanienass
367 1100 396 1154 et
414 1092 624 1155 Sardinienses.
667 1111 735 1154 nam
758 1094 971 1159 cemelicimus
986 1093 1149 1172 Hispanos,
1169 1113 1276 1156 nomeu
1294 1096 1422 1159 nationis

150 1195 336 1270 ostendimus;
369 1213 435 1256 cum
460 1202 556 1256 autem
584 1194 1005 1276 Hispaniensem-mogantiaca
1033 1214 1133 1257 eorum
1161 1197 1211 1275 qui
1242 1199 1421 1277 provinciam

151 1296 303 1376 Hispanam
321 1298 461 1373 incolunt,
486 1299 540 1360 etsi
559 1315 620 1358 non
639 1302 710 1357 suot
730 1298 874 1381 Hispani.-
940 1334 943 1341 ·

231 1399 394 1461 Parobsirlcs
420 1401 557 1463 feminino
584 1418 691 1479 genere
716 1401 879 1477 dicunturp
896 1382 918 1462 'a
943 1399 1136 1482 pulmentario
1164 1399 1313 1475 videlicet,
1341 1401 1421 1480 qrroel
1436 1419 1459 1461 rs

150 1501 248 1563 Graeci
269 1495 344 1576 ὄψον
364 1501 515 1583 appellant.
559 1498 595 1569 0
689 1526 691 1530 ¹
1053 1506 1059 1519 '
1206 1522 1241 1567 a·

171 1644 174 1649 -
199 1604 278 1667 sSal
302 1604 447 1667 masculini
475 1605 590 1684 generis
611 1611 656 1667 est
679 1621 735 1665 nce
757 1605 845 1667 habet
867 1605 1018 1687 pluralem.
1062 1624 1130 1667 nam
1153 1613 1182 1666 et
1202 1604 1359 1667 Sallustius
1381 1608 1421 1669 ila

83 1731 89 1743 ·
150 1724 218 1768 usus
237 1714 301 1781 est,
329 1709 459 1789 ‘neque
485 1707 597 1769 salem
624 1726 743 1787 neque
764 1708 836 1769 alia
858 1708 1102 1769 inritamenta
1129 1707 1239 1785 gulae
1261 1726 1423 1786 quaere·

148 1807 259 1869 bant’.
301 1809 352 1870 sed
373 1809 512 1872 Fabianus
531 1830 684 1874 causarum
701 1809 879 1872 naturalium
901 1809 927 1870 ll
952 1809 1121 1871 neutraliter
1142 1808 1226 1885 (lixit,
1261 1816 1346 1874 ‘eur
1366 1815 1420 1876 sal

148 1910 243 1972 aliud
269 1912 516 1992 perlucidum,
543 1911 647 1975 aliud
671 1913 905 1991 inquinatum
928 1918 992 1972 aut
1014 1909 1212 1989 nigrum’l·
1238 1912 1345 1990 ‘qais
1366 1915 1461 1976 salu

147 2030 187 2072 ea
209 2011 309 2072 arido
331 2014 560 2094 congelatum
581 2017 665 2076 est’.
703 2014 778 2075 idem
804 2014 890 2075 etiam
909 2006 1424 2094 pliualitcr'tlixis‘lraerus'esnt

146 2114 258 2176 inlusi
278 2115 405 2192 sales',
424 2134 491 2178 cum
511 2116 661 2197 pluraliter
678 2116 797 2177 facetias
815 2123 928 2177 tantum
951 2115 1109 2194 significan·
1125 2116 1423 2194 &annemundi-

146 2216 246 2277 derint.
289 2225 318 2278 et
338 2220 432 2280 Varro:
444 2218 481 2279 de
496 2219 637 2300 poematis
657 2217 683 2278 ll
711 2219 826 2279 ‘nuuc
847 2217 953 2279 vides
983 2216 1020 2278 in
1043 2217 1310 2281 conviviis'itu
1332 2222 1421 2300 poni

146 2319 200 2380 sal
221 2328 255 2381 et
275 2320 371 2382 mcl'.
413 2321 489 2402 quod
509 2314 602 2399 genus
624 2321 709 2383 etiam
728 2319 831 2383 isnin
846 2319 964 2399 placuit

227 2422 424 2486 Nomenclabor
446 2425 545 2486 siueu
569 2424 688 2497 dicitur,
710 2429 743 2483 ut
763 2420 887 2487 vaslo
900 2420 954 2496 ait,
976 2422 1055 2483 velut
1074 2420 1202 2485 nominis
1219 2422 1338 2487 mutas
1432 2450 1457 2492 as

229 2525 365 2587 Saturitas
386 2528 414 2588 in
431 2526 494 2587 cibo
513 2502 766 2596 tautum⁸rlicitor‚
788 2523 818 2583 in
840 2522 946 2586 ceteris
965 2542 1035 2585 vero
1052 2524 1187 2602 satietas3
1212 2522 1268 2588 sea
1276 2524 1421 2609 Vergilius

588 2626 686 2687 odiis
708 2631 769 2686 aut
790 2633 1008 2687 exsaturata
1031 2625 1173 2707 quievit

144 2729 222 2791 dixit
322 2766 326 2775 ·

227 2831 377 2894 Palumbes
397 2830 534 2908 Vergilius
555 2827 693 2889 feminino
716 2844 821 2905 genere
844 2826 927 2901 elisit„

472 2932 596 2993 aeriae
614 2948 683 3009 quo
705 2946 933 3007 congessere
956 2930 1167 3009 palumbes,

142 3020 209 3080 item

586 3118 735 3174 raucae,
758 3106 817 3159 tua
837 3117 938 3189 cupa,
960 3100 1169 3181 palumbcs3

141 3206 192 3269 sed
214 3205 340 3268 Lucilius
362 3204 438 3268 Xllll
457 3202 617 3268 masculine

724 3280 947 3383 maoroique
968 3303 1168 3384 palumbos.

139 3409 228 3473 Varro
249 3418 343 3472 autern
364 3411 392 3472 in
407 3411 513 3473 Scauro
529 3409 698 3493 palumbi
720 3408 806 3482 dicit,
828 3407 906 3487 quocl
928 3407 1109 3474 consuetudo
1124 3424 1240 3487 quoque
1261 3406 1419 3487 usurparit.
1434 3426 1460 3469 se

223 3513 331 3576 Alveria
354 3520 454 3575 neutro
473 3530 584 3594 persero
605 3510 772 3593 pluraliter
793 3515 910 3571 tenuem
932 3510 1083 3571 dicuntur:
1103 3507 1243 3588 Vergilius

142 3652 336 3661 —--.—.—-....
354 3655 432 3660 ,.-...
444 3654 466 3660 .-

207 3710 220 3760 l
238 3706 339 3773 Albani]
357 3710 390 3771 cs.
409 3708 519 3773 rma.
531 3722 560 3772 p.
575 3706 626 3763 10⁸
711 3708 828 3759 dicuutur
845 3705 877 3756 ab
894 3707 984 3755 albano
1005 3705 1041 3754 N:
1059 3718 1115 3752 cum
1133 3703 1199 3753 duae
1216 3704 1266 3752 sint
1279 3700 1371 3766 albae,
1390 3703 1422 3751 ab

137 3792 188 3841 ψ
205 3779 321 3831 arcuatur
334 3777 441 3840 ursani,
457 3777 489 3829 u»
504 3762 584 3829 nisa
597 3777 724 3831 aloem
733 3778 821 3830 vam
833 3777 865 3827 aa
876 3779 893 3826 ι.
909 3779 926 3829 ι.
943 3774 1045 3827 vinna
1057 3789 1085 3837 ρ.
1096 3772 1147 3825 nra
1161 3772 1207 3836 ap.
1310 3771 1423 3823 rucene

137 3849 270 3900 Fabricius
286 3848 419 3915 lugenteN
485 3846 643 3899 insolenti
659 3846 768 3899 nolanus
786 3848 812 3896 N
881 3847 912 3895 ab
930 3844 990 3896 ateli
1008 3842 1134 3894 atellanus
1150 3843 1178 3891 N
1191 3842 1222 3894 ab
1242 3841 1333 3892 atellis
1352 3842 1424 3892 Atel·

139 3919 213 3970 lanus
229 3937 251 3970 ω
318 3918 421 3968 albanus
439 3919 469 3969 ab
486 3919 576 3970 albano
593 3917 621 3967 N
690 3916 829 3982 abigente
844 3917 870 3966 N
951 3915 1142 3980 cognominetur
1159 3912 1186 3961 N
1262 3911 1424 3976 tibispanos

73 3982 76 3991 '
137 3996 163 4040 et
180 3990 239 4040 item
256 3988 343 4039 sardos
360 3987 536 4053 hispanienses
553 3996 578 4039 et
594 3986 739 4039 sardienses
757 3989 781 4037 N
806 3987 933 4053 Hispanos
952 3999 1051 4050 quoque
1070 3993 1094 4034 et
1115 3983 1292 4047 hispanienses
1311 3981 1424 4032 dicimus

116 4076 119 4081 ·
137 4067 162 4111 et
176 4060 269 4110 sardos
286 4068 310 4109 et
329 4058 490 4122 sardensesp
568 4057 585 4108 9
603 4057 651 4107 etsi
668 4072 717 4107 non
734 4057 837 4122 lrispsni
854 4058 880 4107 N
896 4065 921 4105 st
937 4054 1040 4120 hispani
1058 4069 1109 4103 non
1126 4061 1216 4115 suutp
1301 4052 1334 4104 10
1349 4052 1425 4102 uide-

136 4130 195 4180 licet
211 4131 279 4193 quod
297 4128 384 4178 Graeci
402 4127 488 4194 (grece
499 4126 530 4193 p)
548 4145 566 4192 p
584 4136 610 4178 et
626 4143 684 4178 exc.
703 4128 813 4192 ortlopr.
832 4143 859 4192 p.
879 4125 947 4177 2796
969 4124 1038 4188 quod
1053 4125 1122 4190 greci
1141 4122 1261 4172 uidelicet
1280 4122 1306 4171 N
1390 4123 1424 4173 12

137 4195 285 4323 Salluw
302 4198 358 4264 Iup.
377 4197 410 4249 89
492 4200 524 4250 ln
541 4197 659 4248 larrianus
677 4197 704 4246 N
790 4199 821 4248 15
838 4195 908 4248 aliud
925 4194 1082 4261 perlucidum
1101 4191 1170 4243 aliud
1186 4187 1332 4255 inquinatus
1349 4192 1367 4240 a
1384 4194 1424 4242 ni-

135 4269 197 4336 grius
245 4304 248 4309 -
282 4268 325 4320 lud
343 4268 497 4334 perlucitlius
513 4268 583 4318 aliud
601 4267 756 4331 inquinatius
773 4278 815 4317 aut
833 4267 934 4333 nigrius
951 4263 1093 4315 Praseltius.
1118 4268 1174 4312 ‘cur
1191 4260 1229 4310 sal
1248 4259 1318 4312 aliud
1336 4260 1424 4324 inqui-

135 4341 220 4391 natius
237 4336 275 4390 rel
292 4338 409 4405 nigrius?
426 4340 484 4400 quis
499 4337 566 4387 sale
585 4337 637 4389 luto
655 4348 801 4403 congestum
821 4342 881 4390 est’.
902 4337 969 4385 idem
987 4334 1130 4384 masculino
1147 4332 1277 4399 pluraliter
1295 4332 1424 4396 ‘protinus

135 4417 250 4460 crescunt
267 4409 353 4460 effossi
371 4407 448 4459 saleb’
468 4408 567 4459 Probus
582 4409 614 4458 de
631 4424 693 4458 nom.
710 4425 737 4472 p.
756 4409 807 4458 ala
826 4407 866 4458 ed.
885 4404 994 4458 Vindob.
1084 4404 1114 4452 ll
1140 4401 1233 4452 inlusis
1250 4401 1314 4451 salis
1330 4415 1353 4449 ω

133 4479 291 4530 tradiderunt
309 4480 334 4528 N
413 4478 447 4529 29
465 4477 560 4528 calator
575 4479 606 4527 F.
627 4478 732 4528 Ursinus
746 4479 773 4526 ia
786 4478 852 4528 Fest.
870 4493 895 4540 p.
913 4475 965 4527 354
988 4474 1029 4525 ed.
1050 4473 1126 4524 Lind.
1145 4481 1170 4523 et
1186 4471 1317 4523 Putscle'ua
1338 4468 1425 4521 clara-

135 4558 174 4600 tor
194 4549 220 4598 N
235 4549 339 4600 clatator
356 4564 386 4601 ω.
405 4550 438 4611 cs.
458 4549 532 4598 Paul.
552 4549 619 4599 Fesl.
637 4547 712 4612 raas
731 4547 770 4601 M.
841 4550 874 4598 22
893 4544 968 4609 odiis]
992 4543 1148 4608 Ver9.Aen.
1168 4541 1280 4593 vlraas
1350 4549 1424 4605 autp

134 4618 231 4668 bentN
297 4619 381 4683 quieui
394 4618 525 4670 Fabricius
594 4620 627 4669 25
637 4615 728 4683 aeriae]
750 4618 830 4681 Verp.
841 4616 920 4669 bucol.
934 4616 960 4675 3,
970 4614 1004 4667 69
1073 4615 1105 4663 27
1124 4609 1227 4676 raucae]
1248 4612 1327 4675 Verp.
1341 4610 1424 4663 bucol.

136 4690 160 4748 l,
172 4687 206 4740 68
274 4691 309 4741 28
327 4689 436 4739 Lucilius
448 4688 496 4738 XV
508 4705 529 4738 ω
598 4688 632 4738 29
650 4703 798 4752 macrosrpue
818 4686 950 4753 palumbes
963 4685 1058 4735 Nonius
1065 4698 1092 4746 p.
1102 4683 1153 4733 219
1173 4695 1307 4745 mocorqne
1322 4681 1426 4747 palum-

134 4758 180 4808 bes
192 4759 275 4809 eodex
284 4760 481 4813 Parisinuseree.
493 4758 637 4824 ortltoprsp.
651 4759 720 4811 2796
798 4755 829 4808 31
846 4756 951 4807 Aluaria
962 4763 1050 4806 neutro
1063 4753 1180 4803 dicuntur
1193 4752 1220 4802 N
1233 4751 1352 4802 alvearia
1365 4752 1424 4817 pln-

135 4827 222 4878 raliter
231 4828 347 4878 dicuntur
364 4844 385 4878 ω
396 4836 420 4880 el
430 4831 532 4883 Pierios
545 4830 660 4895 metipsi.
677 4829 775 4893 Verpe’t.
789 4842 879 4893 prora.
889 4827 935 4877 llll
946 4823 980 4877 34
1062 4819 1204 4888 Vergilius]
1221 4837 1309 4887 prora.
1327 4822 1377 4874 llll
1390 4821 1425 4874 34
