3114 5356
204 129 267 193 228
774 116 939 183 uttlmsu

153 250 158 263 ·
493 226 502 237 '
1353 223 1444 271 matu

208 242 643 394 reiombtfibssdntempsitl’
662 284 764 373 idest
783 325 843 387 qno
862 305 961 368 modo.
986 303 1123 382 mutiens
1140 319 1209 363 vero
1228 319 1284 382 pro
1305 238 1351 362 tetep
1363 298 1489 379 modest

209 420 262 482 ἵνα
279 418 356 501 apud
375 416 518 490 Graecos,
544 412 648 495 recipit
668 410 810 491 optativa,
838 407 917 469 relut
934 413 966 468 ut
984 404 1097 467 laciatn.
1142 423 1202 465 non
1224 421 1383 482 nunquam
1403 409 1490 463 umen

210 530 296 587 acuto
322 527 444 582 accentu
469 517 577 578 elatum
605 514 709 595 recipit
736 509 932 582 subiunctira,
963 505 1130 588 praeposito
1164 524 1236 567 sane
1263 504 1373 566 llnitiru
1402 502 1492 574 tube,

208 644 290 688 mure
311 642 369 703 quo
390 639 479 701 supra
502 618 620 681 formari
637 617 756 679 relativa
774 615 915 686 diximus,
937 618 969 671 ut
989 608 1066 689 apud
1088 607 1244 685 Vergilium

374 720 582 794 infandum,
602 719 749 798 regina,
774 715 882 778 iubes
904 728 1084 775 renovare
1106 708 1288 781 dolorem,
1523 716 1536 757 t

377 824 560 887 Troianas
582 828 622 882 nt
642 838 731 900 cpcs
754 825 790 881 et
809 812 1051 911 lamentabile
1072 829 1227 889 regnum

376 926 548 988 eruerint
569 921 691 985 Danai.

211 1030 281 1093 item
303 1031 414 1092 aunam
435 1026 539 1106 recipit
561 1023 702 1106 optativa,
728 1020 806 1082 velut
827 1019 938 1082 utinam
956 1017 1064 1078 venias.
1109 1015 1180 1076 itern
1206 1032 1245 1075 ne
1270 1023 1358 1076 acuto
1383 1022 1500 1076 accentu

212 1131 395 1212 imperativa,
413 1128 491 1189 velut
505 1147 544 1189 ne
561 1127 616 1188 lac.
651 1123 785 1202 quotiens
802 1141 870 1183 vero
892 1120 971 1200 gravi
992 1124 1114 1180 accentu
1133 1135 1186 1196 pro
1208 1133 1243 1175 eo
1264 1116 1344 1193 quod
1362 1124 1407 1179 est
1427 1110 1501 1196 apud

214 1233 343 1297 Graecos
366 1229 417 1290 ἵνα
436 1222 478 1307 μή
500 1227 655 1307 accipitur,
677 1223 804 1304 optativa
825 1221 945 1304 recipit,
968 1228 1001 1282 ut
1022 1219 1099 1301 apud
1121 1217 1273 1280 Horatium
1517 1224 1539 1267 tt

435 1384 444 1413 ,
1036 1341 1081 1384 ne
1102 1321 1223 1384 iacias
1246 1320 1343 1400 quod

380 1432 723 1512 Vrnidiusquidam.

47 1578 51 1587 -
127 1556 129 1561 ’
216 1554 454 1615 nonnumquam
476 1545 590 1609 autem,
616 1531 729 1596 etiamsi
750 1537 836 1592 acuto
857 1534 979 1590 accentu
1001 1529 1156 1601 efferatur,
1184 1524 1310 1605 optativa
1331 1544 1444 1606 quoque
1458 1542 1506 1586 te-

216 1641 302 1722 cipit,
330 1639 408 1700 velut
432 1657 470 1699 ne
492 1638 598 1713 iacias,
629 1656 667 1699 ne
697 1632 818 1696 scribas.
863 1630 914 1701 sed
942 1630 1063 1691 interest
1087 1629 1164 1691 inter
1192 1629 1249 1689 hoe
1276 1636 1305 1689 et
1332 1627 1401 1689 illud
1430 1618 1508 1706 quod

215 1744 397 1805 diximusne
418 1741 480 1814 lae,
504 1740 582 1819 quod
603 1740 660 1801 hoc
681 1737 876 1817 imperamus,
902 1732 1037 1813 superius
1059 1731 1225 1793 suademus.
1270 1729 1376 1810 recipit
1395 1740 1508 1809 quoque
1524 1734 1546 1779 1

217 1845 247 1907 id
264 1846 361 1926 ipsum
383 1851 469 1905 acuto
491 1850 614 1903 accentu
643 1840 750 1901 elatum
776 1835 902 1908 linitiva,
938 1833 1073 1912 quotiens
1095 1831 1255 1911 εἰρωνικῶς
1276 1831 1435 1913 accipimus
1455 1844 1511 1911 pro

218 1967 253 2009 eo
275 1946 354 2025 quod
375 1954 420 2007 est
442 1944 520 2025 apud
541 1944 668 2005 Graecos
689 1938 767 2014 ναί,
790 1939 831 2000 rei
855 1938 948 1997 iactae
969 1935 1147 2008 adfirmatio,
1170 1934 1248 2014 quod
1271 1940 1317 1996 est
1337 1930 1417 2014 apud
1429 1933 1513 1994 Cice‘
1541 1916 1551 1937 ⁰

217 2067 320 2112 runem
350 2051 411 2109 ‘ne
440 2044 501 2106 illi
532 2040 792 2126 t'ebe]]1nenter
822 2042 979 2100 orrant’.
1029 2037 1164 2115 quotiens
1191 2056 1258 2098 tero
1284 2035 1327 2097 rei
1354 2034 1455 2096 dubiae
1479 2031 1513 2090 et

218 2150 302 2230 quasi
323 2144 516 2211 condicionali
538 2153 669 2226 aptatur,
689 2142 794 2224 recipit
814 2150 843 2203 et
866 2139 1048 2201 subiunctita
1070 2139 1173 2200 eodem
1192 2146 1314 2200 accentu
1338 2136 1459 2209 elatum,
1477 2135 1514 2195 ul

217 2251 296 2332 apud
313 2249 483 2312 Ciceronem
511 2252 573 2308 ‘ne
597 2257 636 2308 tu
656 2245 766 2307 Eruci
787 2249 988 2304 accusator
1011 2260 1117 2303 esses
1145 2240 1348 2315 ridiculus,
1378 2240 1408 2301 si
1428 2236 1547 2300 illisa·

219 2351 454 2434 temporibus
487 2355 597 2410 iratus
631 2349 775 2422 esses'3
811 2346 868 2406 lmc
898 2355 942 2406 est
968 2344 993 2405 si
1019 2362 1101 2405 esses
1121 2349 1223 2413 natus,
1253 2359 1336 2403 esses
1364 2339 1511 2402 ridiculus·

219 2455 290 2516 item
311 2461 467 2533 postquam
489 2449 576 2510 modo
600 2449 723 2522 linitiva,
745 2447 833 2508 modo
856 2445 1053 2508 subiunctiva:
1077 2442 1200 2517 linitiva,
1227 2443 1363 2522 quotiens
1384 2446 1508 2508 iunctum

220 2554 379 2635 accipitur,
401 2560 434 2612 ut
455 2559 500 2612 est
521 2550 598 2631 apud
620 2549 775 2629 Vergilium

384 2660 583 2732 postquam
602 2670 662 2712 res
683 2649 791 2712 Asiae
813 2649 1022 2727 Priamique
1044 2656 1215 2710 evertere
1237 2658 1403 2728 gentem,

222 2763 255 2818 ut
276 2755 315 2817 sit
335 2762 491 2835 postquam
512 2752 622 2828 visum;
645 2751 828 2813 subiunctiva
849 2769 933 2823 vero,
959 2750 1094 2829 quotiens
1116 2751 1293 2825 secernitur,
1322 2756 1408 2834 ‘post
1429 2762 1539 2833 quan!

221 2856 351 2917 venisset
371 2855 480 2915 lactum
499 2859 562 2913 est’
585 2863 615 2916 et
636 2853 749 2915 similia.
794 2853 862 2914 item
886 2860 1041 2931 antequam
1062 2853 1149 2914 ruodo
1169 2852 1304 2927 linitivis,
1337 2856 1425 2917 modo
1447 2855 1508 2917 sub

221 2955 356 3018 innolivis
379 2955 521 3034 iungitur,
543 2967 645 3020 contra
664 2975 698 3018 ae
717 2955 866 3036 superius:
891 2956 1020 3016 iunctum
1042 2955 1249 3030 subiunctivis,
1267 2956 1346 3019 velut
1361 2968 1509 3037 antequam

223 3059 367 3135 venisset3
390 3058 567 3121 disiunctum
589 3060 720 3134 finitivis,
743 3069 775 3120 ut
794 3057 871 3138 apud
891 3055 1046 3135 Vergilium

388 3169 487 3237 ante,
510 3163 644 3243 pudor,
667 3179 772 3241 quam
794 3169 828 3219 te
850 3157 957 3219 violo.
999 3163 1000 3167 ’

223 3264 293 3325 item
319 3264 349 3324 ni
376 3272 406 3324 et
433 3264 489 3325 nisi
514 3264 710 3337 subiunctiva,
746 3261 776 3322 ni
804 3259 923 3320 lecisset
945 3269 974 3320 et
994 3260 1051 3322 nisi
1074 3263 1206 3324 lecisset:
1241 3282 1418 3343 quamquam
1440 3263 1548 3346 apuda

224 3365 395 3428 Ciceronem
415 3385 474 3428 non
496 3385 655 3447 numquam
676 3363 793 3426 finitivis
815 3361 959 3439 iungitur,
978 3371 1040 3422 turn
1061 3364 1183 3425 maxilua
1202 3384 1269 3426 cunt
1288 3386 1392 3446 parurn
1413 3367 1517 3430 dubius

223 3469 262 3528 sit
292 3486 413 3541 seusus,
445 3475 478 3529 ut
507 3469 584 3548 apud
615 3468 740 3528 eundem
771 3466 941 3526 Ciceronem
966 3464 1059 3526 ‘nisi
1089 3467 1186 3527 lurte
1213 3467 1347 3530 melius
1376 3477 1435 3529 est
1458 3488 1519 3549 pa·

199 3570 389 3631 'telacere
432 3568 535 3630 vobis
575 3570 800 3648 provincias
837 3586 906 3646 quo
947 3568 1050 3628 exire
1086 3568 1267 3648 possitis,
1312 3587 1420 3649 quarn
1459 3587 1520 3629 cu·

292 3841 309 3912 β
328 3841 420 3893 elatum
439 3841 464 3890 P
485 3840 563 3890 latum
582 3839 610 3891 N
692 3840 837 3906 praeposito
859 3855 921 3891 saue
942 3840 1039 3892 finitive
1061 3826 1194 3893 Diomedes
1217 3841 1334 3908 pipositus
1352 3857 1402 3893 arte
1422 3843 1520 3893 infinito

224 3912 303 3962 uerbo
323 3912 349 3961 N
370 3910 529 3978 praepositio
547 3911 670 3962 inllnltiuo
689 3912 767 3961 uerbo
782 3911 807 3959 P
824 3912 970 3978 praeposito
988 3912 1127 3963 indicatino
1145 3912 1224 3962 uerbo
1240 3927 1258 3976 p
1334 3913 1351 3963 4
1367 3912 1438 3977 apud
1458 3915 1521 3964 Ver-

225 4031 336 4113 gitium]
348 4035 413 4085 Aen.
433 4035 454 4082 ll
471 4034 488 4086 3
558 4032 590 4084 10
608 4033 676 4098 apud
694 4032 835 4097 Horatium]
854 4041 904 4084 eat.
924 4033 933 4081 l
951 4031 980 4092 l,
998 4030 1033 4083 94
1122 4034 1154 4115 12
1170 3992 1326 4117 'timiditati
1347 4031 1482 4118 humidius
1502 4035 1526 4083 P

227 4172 278 4223 NP
295 4102 573 4224 quuibmirgb’icgban]
647 4101 688 4222 1173
698 4116 773 4236 abboli1
776 4111 897 4238 tpmaececgp
900 4112 941 4222 tbe
950 4100 993 4222 prbi
1012 4102 1096 4222 lectula?
1112 4103 1525 4225 abllblssbltsiunoewebedtigadbeibzb]

226 4243 267 4294 dia
281 4243 350 4308 apud
367 4257 459 4309 grecos
480 4243 555 4292 istius
579 4240 722 4293 adfirmatio
741 4242 789 4291 NP
815 4243 884 4309 apud
904 4243 1013 4293 Graecos
1036 4239 1171 4293 vultuata
1194 4244 1365 4327 admiratione
1389 4242 1526 4296 Fabricius

295 4364 364 4430 apud
383 4361 539 4428 Ciceronem]
559 4365 585 4413 iu
601 4363 677 4414 Catil.
698 4364 718 4411 ll
735 4363 760 4421 3,
779 4365 796 4414 li
869 4364 901 4415 18
914 4363 1073 4414 uehimenter
1090 4363 1116 4412 N
1135 4322 1298 4414 uehimenter
1314 4365 1340 4413 P
1409 4363 1443 4414 19
1460 4367 1525 4414 reci-

227 4433 280 4498 piet
298 4442 323 4483 et
341 4435 366 4482 P
432 4434 467 4484 20
484 4433 554 4499 apud
573 4430 731 4497 Ciceronem]
745 4448 796 4496 pro
815 4433 889 4484 lione.
904 4435 989 4483 Amer.
1012 4432 1052 4495 18,
1066 4431 1101 4484 50
1170 4436 1203 4485 22
1223 4439 1265 4485 md
1282 4433 1382 4482 dultinc
1401 4437 1444 4484 mo
1464 4435 1525 4485 stib-

227 4504 270 4551 iud
285 4502 357 4551 llnitti
375 4502 401 4551 Ν
416 4503 491 4552 modo
509 4504 605 4552 linitino
624 4504 699 4553 modo
719 4505 880 4553 subiunctiuo
898 4504 995 4552 linitiuu
1013 4504 1039 4552 P
1054 4505 1129 4554 modo
1148 4505 1245 4554 linitiva
1264 4504 1341 4555 modo
1360 4503 1524 4554 subiunctira

227 4572 324 4636 recipit,
344 4571 440 4623 linitiva
459 4573 588 4622 Diornedea
671 4572 704 4623 23
723 4574 791 4637 apud
810 4569 964 4638 Vergilium]
986 4573 1051 4622 Aen.
1072 4573 1106 4622 lll
1126 4575 1137 4623 l
1224 4575 1258 4626 28
1276 4573 1346 4639 apud
1365 4572 1524 4640 Vergilium]

207 4641 293 4716 ‘Aee
309 4641 353 4691 llll
371 4642 404 4692 27
481 4641 597 4707 d2apud
616 4642 724 4692 eundem
742 4638 899 4705 Ciceronem]
918 4644 943 4691 ia
961 4642 1034 4695 Cutil.
1055 4641 1097 4692 llll
1117 4643 1157 4709 10,
1177 4646 1206 4695 21
1298 4642 1331 4695 33
1349 4643 1444 4707 positis
1464 4643 1490 4692 N
