3114 5356
615 311 823 376 PRAEFATIO
1295 337 1367 381 mv

62 496 197 561 aliunde
220 496 300 583 qnid
320 495 378 560 ille
401 495 591 560 adnotasset
611 494 834 580 quaerendum
858 502 952 559 esset.
985 495 1184 584 reliquorum
1206 497 1364 567 librorum

63 597 120 662 vix
139 619 296 684 nmquam
319 600 517 663 mentionem
541 595 614 659 feci.
660 595 718 659 sed
739 596 774 658 in
796 593 863 658 illis
884 595 965 679 ipsis
988 618 1070 682 quos
1088 597 1187 662 duces
1209 601 1252 666 ad
1273 612 1363 667 vetu-

63 709 132 763 stae
156 699 309 763 lectionis
334 701 523 765 memoriam
546 696 782 762 restituendam
801 704 931 761 secutus
955 717 1027 759 sum
1049 695 1084 760 id
1106 701 1248 768 maxime
1266 705 1364 769 mole·

62 803 159 863 stiam
183 799 261 864 hnic
287 801 420 888 negotio
444 800 598 886 parabat,
627 797 732 886 quod,
761 800 911 884 quamvis
934 798 1069 882 propius
1093 821 1190 885 quam
1219 806 1364 870 ceteris
1444 828 1453 846 ·

63 900 125 964 lide
142 900 316 988 archetypi
331 901 448 967 abesse
467 901 673 976 viderentur,
695 908 803 962 tamen
827 900 890 985 ipsi
906 919 1034 986 queque
1050 898 1225 966 admodum
1244 904 1363 970 vitiose

62 1003 176 1089 scripti
205 1013 292 1067 sunt.
338 1025 356 1067 c
378 1002 498 1090 quibus
517 1002 609 1065 vitiis
637 1000 704 1064 alia
724 999 872 1087 quidem,
898 1008 1071 1085 propterea
1092 1002 1180 1087 quod
1199 1025 1364 1093 peraeque

62 1105 95 1166 in
120 1103 276 1166 omnibns
306 1102 401 1168 libris
433 1103 658 1190 reperiuntur,
685 1122 728 1164 ex
757 1101 921 1164 communi
948 1101 1050 1187 stirpe
1078 1114 1260 1190 propagata
1290 1129 1362 1172 esse

61 1204 215 1290 adparet,
245 1203 311 1267 alia
338 1226 430 1287 vero,
460 1223 544 1290 quae
572 1202 702 1265 diverso
730 1200 825 1265 modo
854 1203 889 1265 in
918 1202 1057 1288 singulis
1088 1201 1182 1268 libris
1211 1217 1365 1294 corrupta

61 1314 153 1385 sunt,
177 1305 361 1369 recentiore
383 1312 544 1390 tempore,
568 1324 641 1365 cum
665 1301 750 1365 alius
771 1301 867 1366 aliter
889 1304 1088 1391 aproposito
1104 1307 1252 1392 exemplo
1270 1306 1362 1373 aber·

63 1414 171 1487 taret,
191 1415 272 1470 nata
288 1427 362 1470 esse
383 1407 456 1493 ipsa
478 1403 627 1469 codicum
651 1403 812 1468 dissensio
837 1402 941 1469 docet.
982 1426 1084 1491 quare
1104 1428 1146 1470 ne
1167 1407 1204 1471 in
1222 1406 1272 1471 his
1294 1410 1363 1497 qui·

63 1508 136 1572 dem
148 1505 256 1590 libris,
277 1527 475 1594 quamquam
490 1526 545 1569 eos
560 1504 805 1568 accuratissime
820 1505 966 1571 conlatos
987 1504 1103 1591 habui,
1124 1528 1252 1571 omnem
1263 1510 1363 1596 scrip-

61 1618 156 1673 turae
181 1608 437 1694 discrepantiam
468 1605 625 1670 exhibere
651 1604 757 1689 volui,
789 1605 848 1669 sed
875 1606 956 1671 illud
985 1608 1039 1692 egi
1061 1616 1097 1671 nt
1125 1606 1205 1694 quid
1233 1630 1362 1697 qnoque

62 1707 133 1773 loco
166 1711 202 1772 in
230 1717 361 1775 vetusto
390 1707 568 1795 exemplari
598 1728 642 1770 ex
672 1727 736 1793 quo
765 1710 915 1794 expressi
947 1718 1024 1772 sunt
1053 1708 1208 1793 scriptum
1244 1709 1363 1775 fuisset

61 1829 175 1873 eorum
196 1810 383 1873 testimonio
406 1815 589 1889 constaret3
623 1808 803 1871 recentium
830 1807 1039 1892 librariorum
1071 1831 1198 1873 errores
1225 1831 1363 1895 operosa

61 1907 233 1995 diligentia
255 1911 432 1974 memoriae
453 1910 592 1997 prodere
618 1907 736 1973 inutile
760 1930 831 1973 esse
854 1910 1019 1993 iudicavi,
1046 1911 1238 1998 praesertim
1266 1912 1300 1974 in
1323 1935 1361 1978 eo
1437 1949 1442 1959 ·

61 2011 218 2096 scriptore
246 2010 281 2072 in
304 2033 368 2097 quo
390 2010 492 2074 multa
519 2021 552 2076 et
574 2013 694 2075 mutari
717 2016 845 2096 semper
868 2011 953 2076 inter
976 2011 1184 2076 scribendum
1206 2010 1359 2097 solerent,

63 2122 93 2174 et
115 2134 195 2178 vero
218 2134 316 2199 quem
333 2112 376 2177 ad
400 2112 530 2177 modum
551 2113 772 2180 scriberentur
790 2112 872 2177 nihil
894 2113 1025 2177 omnino
1042 2114 1225 2177 interesset.
1270 2114 1361 2179 itern-

63 2234 123 2299 qne
143 2214 232 2300 qnod
256 2212 400 2300 plurima
425 2214 461 2276 in
483 2214 652 2280 codicibus
674 2215 854 2300 posteriore
883 2223 989 2278 aetate
1013 2222 1160 2278 correcta
1183 2235 1255 2278 esse
1280 2215 1361 2299 dixi,

63 2318 216 2399 quoniam
237 2313 321 2378 nihil
341 2335 384 2377 ex
404 2315 596 2381 melioribus
615 2315 799 2397 codicibus,
821 2315 940 2402 quibus
961 2337 1003 2380 ne
1017 2323 1215 2381 correctores
1229 2313 1362 2400 quidem

64 2419 107 2480 uti
122 2425 293 2504 poterant,
314 2415 497 2501 profectum
519 2438 591 2481 esse
613 2414 779 2496 intellexi,
800 2415 986 2480 sufficiebat
1006 2416 1198 2503 plerumque
1219 2418 1361 2504 priorem
1478 2432 1482 2440 ’

64 2518 258 2604 scripturam
280 2516 443 2600 indicare,
472 2517 578 2581 rarius
608 2538 754 2603 eaquae
781 2526 895 2603 postea
919 2516 1097 2582 substituta
1118 2526 1212 2582 erant
1235 2519 1359 2584 addidi.

64 2618 116 2681 nbi
131 2618 288 2703 cognosci
309 2638 375 2682 non
390 2627 517 2704 poterat
535 2618 613 2704 quid
635 2619 726 2704 prins
743 2619 902 2705 scriptam
924 2618 1060 2702 fuisset,
1079 2621 1245 2686 asteriscis
1261 2623 1360 2687 inter-

62 2719 176 2805 positis
195 2718 361 2783 defectum
382 2716 564 2784 litterarum
586 2720 710 2784 notavi.
755 2719 866 2806 itaque
888 2720 973 2807 siqui
992 2730 1085 2802 sunt,
1108 2723 1164 2806 qui
1187 2722 1361 2809 conplures

61 2818 160 2884 libros
192 2820 293 2908 inque
322 2818 364 2882 iis
398 2822 476 2884 satis
510 2822 662 2907 antiquos
698 2842 718 2884 a
746 2843 797 2884 me
826 2819 956 2884 silentio
988 2824 1184 2908 praeteritos
1191 2872 1200 2907 ,
1236 2823 1358 2889 nullius

60 2943 193 3007 prorsus
224 2923 387 3007 integram
415 2923 610 3007 scripturam
638 2921 701 2986 sibi
728 2923 928 3008 propositam
959 2944 1032 2987 esse
1060 2932 1255 3011 querantur,
1292 2915 1370 2989 scio'

61 3024 212 3111 equidem
236 3044 303 3087 non
324 3021 460 3086 difficile
485 3043 557 3086 esse
580 3022 745 3086 erroribus
774 3022 981 3088 librariorum
1010 3031 1043 3087 et
1072 3025 1267 3088 coniecturis
1290 3046 1358 3089 cor·

60 3137 224 3190 rectorum
243 3122 362 3189 molem
378 3123 542 3189 variarum
559 3125 794 3210 scripturarum
811 3145 949 3208 augere,
971 3123 1029 3188 sed
1050 3124 1137 3188 idem
1159 3145 1244 3208 nego
1270 3126 1360 3210 quic-

60 3249 156 3314 quam
179 3224 270 3312 quod
285 3246 328 3289 ex
341 3226 451 3312 prisco
471 3226 661 3312 exemplari,
678 3249 742 3313 quo
763 3227 906 3290 omnium
927 3222 1085 3290 librorum
1107 3224 1204 3289 fidem
1223 3225 1359 3289 circum-

60 3330 215 3414 scriptam
236 3348 310 3391 esse
323 3326 402 3408 dixi,
426 3336 640 3413 propagatum
663 3329 706 3391 sit
729 3327 783 3390 vel
804 3349 846 3391 ex
861 3327 913 3391 his
935 3324 1029 3390 libris
1045 3326 1164 3413 quibus
1186 3348 1264 3390 usus
1287 3349 1360 3391 sum

60 3431 112 3494 vel
135 3450 180 3493 ex
201 3426 267 3492 illis
290 3449 428 3514 quorum
449 3427 570 3491 nullam
590 3430 750 3494 rationem
771 3427 872 3492 habui
895 3427 973 3491 addi
993 3448 1100 3513 posse.
1132 3448 1209 3490 nam
1231 3449 1271 3491 ea
1288 3426 1360 3491 dili·

59 3531 174 3616 gentia
192 3528 256 3592 hac
276 3532 312 3592 in
334 3553 369 3593 re
394 3550 445 3593 me
465 3551 561 3594 usum
583 3553 655 3596 esse
677 3530 757 3594 mihi
777 3529 931 3594 conscius
955 3551 1025 3593 sum
1046 3536 1083 3591 ut
1100 3527 1153 3592 vel
1175 3528 1210 3590 in
1231 3526 1358 3592 levissi-

61 3633 121 3696 mis
143 3630 244 3696 rebus
265 3629 425 3717 quidquid
453 3632 486 3694 in
510 3633 661 3696 dissensu
686 3631 843 3697 librorum
865 3630 1043 3718 antiquiori
1065 3629 1241 3693 memoriae
1262 3628 1359 3693 debe·

61 3742 151 3798 retur
172 3729 376 3795 adnotarem.
420 3734 561 3798 maxime
583 3735 716 3799 veroin
743 3731 793 3796 his
819 3752 902 3818 qnae
930 3750 973 3794 ex
992 3728 1230 3816 antiquioribus
1258 3732 1359 3817 scrip·

61 3831 185 3900 toribus
200 3832 435 3917 grammaticus
450 3833 643 3920 adscripsit,
665 3843 697 3897 et
712 3836 826 3919 siquae
845 3840 1015 3918 praeterea
1035 3830 1168 3895 fuerunt
1188 3829 1360 3919 inquibus

61 3934 213 4023 cupidius
234 3932 442 4016 circumspici
465 3932 622 4001 librorum
637 3935 859 4020 discrepantia
879 3931 976 4014 solet,
998 3933 1111 3996 curavi
1126 3931 1257 3996 utnihil
1273 3930 1360 4018 qnod

61 4036 200 4102 alicuius
227 4033 384 4099 momenti
413 4055 485 4099 esse
511 4037 679 4102 videretur
705 4035 747 4099 ad
769 4057 881 4100 veram
910 4034 1105 4119 scripturam
1127 4032 1359 4097 inveniendam

62 4138 314 4219 desideraretur,
338 4143 384 4212 et,
407 4135 483 4199 dum
507 4154 601 4198 suum
623 4137 741 4224 cuique
763 4137 920 4201 indicium
941 4133 1124 4221 relinquere
1144 4133 1230 4216 volo,
1253 4131 1359 4216 copio-

61 4242 128 4306 sius
142 4237 219 4305 ,ferc
233 4257 332 4325 quarn
349 4237 414 4299 mei
434 4236 576 4300 instituti
597 4240 681 4302 ratio
704 4236 831 4301 ferebat
849 4258 889 4300 ea
912 4257 995 4323 qnae
1018 4256 1039 4298 a
1052 4232 1238 4299 recentibus
1258 4229 1360 4294 libra·

61 4343 116 4405 riis
136 4347 276 4427 peccata
297 4335 351 4406 vel
375 4359 396 4402 a
416 4337 654 4402 correctoribus
676 4346 802 4402 mutata
824 4337 958 4402 fuerunt
981 4335 1150 4422 adscripsi.
1195 4334 1261 4396 iam
1279 4351 1359 4395 vero

61 4463 143 4527 qnae
174 4437 320 4525 singulis
355 4436 449 4502 libris
476 4439 653 4504 tribuenda
685 4442 728 4504 sit
754 4440 932 4504 auctoritas
964 4446 996 4501 et
1025 4456 1123 4523 quam
1153 4432 1220 4497 vim
1256 4451 1359 4494 unum

61 4564 220 4631 quemque
241 4539 287 4604 ad
314 4547 477 4603 vetustam
503 4540 676 4607 lectionem
703 4537 966 4624 investigandam
994 4536 1114 4601 babere
1136 4532 1294 4598 voluerim
1323 4540 1360 4595 ut

62 4643 152 4710 facile
168 4641 291 4732 quovis
313 4641 386 4705 loco
405 4662 449 4704 ex
470 4642 711 4705 commentariis
731 4639 811 4702 meis
831 4635 979 4719 intellegi
1000 4640 1123 4721 potest,
1146 4632 1193 4694 ita
1206 4630 1362 4692 universa

62 4768 107 4810 res
132 4744 322 4832 generatim
351 4750 441 4805 certa
462 4742 688 4806 aestimatione
711 4738 841 4805 definiri
869 4735 1001 4821 nequit,
1035 4731 1114 4818 quia
1137 4730 1302 4795 erroribus
1327 4729 1361 4791 in

63 4870 119 4914 uno
145 4844 306 4933 exemplo
332 4841 548 4908 describendo
575 4840 749 4906 conmissis
772 4840 877 4902 omnis
907 4835 1062 4898 librorum
1087 4832 1263 4897 diversitas
1286 4851 1359 4893 con·

1111 4951 1126 4987 ο
1136 4933 1153 4967 2
