3114 5356
134 258 197 320 376
694 256 877 318 Dionaeis

133 372 492 526 praptgtrqhqupden'tae
520 430 728 518 'litterae’,'
745 442 852 504 Calvus
875 440 945 502 alibi
972 441 1009 503 acl
1030 460 1151 504 uxorem
1187 441 1327 522 ‘prima
1360 443 1426 522 opi·

134 547 236 607 stula
259 545 407 606 videtur
433 545 469 605 in
498 545 552 605 via
581 544 727 605 delita’.
772 544 913 605 ostendor
932 552 1082 619 ostentus,
1105 544 1250 622 quoniam
1272 547 1312 606 sit
1335 545 1427 605 undu

134 656 241 709 tentus.
287 666 353 707 narn
381 653 546 707 ostentatus
572 653 619 707 est
646 647 803 724 frequens:
834 645 865 706 P.
885 645 1011 706 Rutilius
1032 646 1069 706 de
1096 645 1153 706 rita
1176 664 1230 706 sua
1261 646 1343 707 ‘uni
1369 663 1425 706 una

134 754 327 810 ostentata
350 748 441 821 est’;
465 747 543 807 idem
564 767 617 827 pro
634 747 667 807 L.
687 748 805 809 Cesutio
829 747 865 807 ad
889 747 1031 828 populum
1049 766 1084 808 ex
1104 746 1161 807 hoc
1186 746 1328 807 ‹leritarit
1349 747 1427 826 parti

134 849 259 930 alpium,
286 838 405 926 ‘quod'
428 865 492 926 ego
517 867 569 909 me
599 867 709 928 spero
736 853 1005 918 ostentarum',
1034 866 1095 907 non
1123 854 1314 908 ostensurum
1343 866 1443 925 nsaw

135 959 297 1012 tensurum.
342 950 448 1011 melius
477 958 649 1011 ostentarus
678 949 818 1023 dicimus,
850 949 989 1027 quoniam
1018 969 1053 1009 ex
1083 948 1267 1028 temporibus
1301 949 1427 1029 perlectis

133 1053 259 1133 passitis
276 1053 374 1112 lutura
394 1049 548 1132 participia
570 1052 663 1112 activa
684 1051 866 1124 derivantur,
887 1051 967 1113 uelut
984 1058 1099 1111 amatus
1120 1069 1187 1111 sum
1210 1058 1373 1113 amaturus
1404 1060 1426 1109 et

52 1158 59 1165 '
134 1153 236 1214 Libius
258 1153 328 1213 item
352 1171 406 1232 pro
429 1152 532 1231 Figulo
558 1153 725 1214 ‘ostenta
754 1152 1037 1231 promissione',
1072 1152 1163 1214 Varro
1185 1171 1288 1213 rerum
1315 1152 1427 1214 antica

134 1273 200 1316 rum
218 1255 313 1334 primo
332 1255 456 1317 ‘locus
476 1255 639 1335 optimus
661 1255 745 1315 rino
771 1254 821 1314 sit
841 1261 881 1314 et.
900 1261 1076 1315 ostentus
1097 1253 1200 1328 soli',
1217 1272 1280 1315 non
1299 1263 1427 1316 ostensio

129 1340 191 1416 ¹nec
213 1364 324 1417 tensus.
370 1356 423 1417 scd
443 1356 510 1434 quia
533 1356 745 1435 cacenphaton
767 1354 896 1430 ridetur,
922 1354 1044 1416 deorum
1066 1354 1234 1442 vehiculum
1256 1363 1371 1418 tensam
1390 1355 1453 1415 ‹li-o

135 1462 256 1529 xerunt,
279 1475 317 1516 ue
337 1456 458 1517 verbum
479 1464 565 1536 turpe
586 1463 704 1517 sonaret
726 1456 756 1517 in
777 1455 878 1518 saeris.
917 1455 1104 1534 expergiscor
1125 1464 1317 1535 experrectus
1339 1465 1369 1518 et
1386 1475 1426 1516 ea·

135 1574 244 1636 pergor
264 1557 447 1637 expergitus,
469 1559 632 1636 expergelio
654 1559 883 1636 expergefaetus.
927 1556 980 1617 sed
1002 1556 1168 1636 expergitus
1191 1557 1300 1620 dicitur
1317 1560 1368 1638 qui
1389 1577 1426 1618 sa·

137 1657 225 1718 tiatus
250 1676 354 1718 somno
376 1666 481 1738 sponte
505 1655 635 1735 evigilat,
657 1658 734 1718 unde
757 1668 786 1719 et
805 1657 935 1719 Lucilius
957 1658 998 1718 ait
1021 1653 1098 1741 [ego]

302 1777 466 1822 esomno
488 1778 626 1838 pueros
648 1754 730 1820 curri
752 1778 854 1820 mane
875 1759 1097 1839 expergitus
1118 1759 1253 1835 clamo;

136 1871 325 1943 experrectus
347 1869 445 1921 autem
463 1880 479 1921 a
495 1861 593 1939 quiete
613 1861 776 1941 inpeditus,
800 1859 878 1922 unde
898 1860 1053 1922 Sallustius
1078 1861 1282 1925 ‘interdurn
1306 1878 1425 1921 somno
1437 1870 1453 1908 ¹³

137 1972 386 2046 experrectus
419 1963 588 2043 arreptis
622 1963 731 2024 armis
768 1961 966 2022 tumultum
999 1963 1152 2023 iacero’.
1211 1962 1427 2042 expergefactus

42 2071 45 2074 ⁴
137 2087 225 2148 porro
253 2076 298 2128 est
325 2065 374 2145 qui
401 2085 455 2145 per
477 2065 565 2125 alium
585 2084 688 2126 somno
710 2064 860 2125 excitatur.
897 2062 1003 2141 fatigor
1024 2063 1160 2141 fatigatus
1181 2081 1247 2124 suin
1267 2062 1351 2135 lacit,
1373 2079 1426 2122 uon

136 2162 249 2242 les‘sus,
270 2175 299 2228 et
319 2154 406 2244 longe
420 2166 568 2253 ¹falluntur
589 2167 639 2245 qui
661 2167 818 2246 opinantur
840 2182 874 2224 ex
897 2183 932 2224 eo
954 2164 1032 2242 quod
1052 2164 1153 2242 fatigat
1175 2165 1274 2226 lessus
1295 2162 1426 2223 derivari:

137 2288 204 2330 nam
223 2269 320 2330 lessus
342 2268 497 2348 appellatio
520 2276 573 2330 est.
618 2268 715 2329 dillert
735 2275 832 2328 autem
850 2267 988 2345 fatigatus
1008 2286 1024 2327 a
1046 2267 1141 2339 lesso,
1168 2273 1201 2325 ut
1221 2265 1340 2326 Verrius
1360 2256 1425 2345 nitu

137 2370 214 2449 quod
237 2371 384 2448 fatigatus,
405 2389 470 2431 cum
492 2370 558 2448 quis
578 2390 632 2451 per
652 2360 740 2431 aliurn
762 2368 895 2429 laborare
916 2366 1100 2448 conpellitur,
1120 2374 1151 2427 ut
1171 2366 1312 2440 lassatus,
1335 2367 1456 2427 lessusn

137 2491 213 2546 vero,
238 2491 304 2534 erun
326 2472 392 2550 quis
411 2472 515 2550 labore,
532 2471 682 2543 deficitur,
702 2477 737 2531 at
752 2469 856 2531 lassus.
896 2471 1011 2531 inseror
1029 2470 1157 2531 insertus
1174 2478 1204 2531 et
1218 2468 1325 2529 insitus
1347 2465 1426 2536 laeit;

136 2582 166 2635 et
184 2575 302 2635 tradunt
325 2573 443 2651 quidam
464 2573 571 2633 insitus
593 2564 729 2632 arborum
752 2579 781 2632 et
802 2572 880 2651 pomi
904 2571 985 2645 esse,
1015 2571 1144 2633 insertus
1163 2570 1293 2632 hominis
1313 2568 1358 2630 rel
1379 2567 1426 2628 ali-

136 2748 220 2799 eodan
237 2746 364 2808 Scioppii,
382 2760 452 2810 qaern
469 2748 564 2795 titalwn
585 2746 621 2794 ad
635 2746 804 2796 Mariabalas
821 2741 886 2810 napi
903 2736 1044 2809 ἐπαρχιῶν
1060 2751 1189 2813 pertinere
1204 2752 1312 2800 coniecit
1325 2749 1353 2798 F.
1368 2747 1426 2797 Oel-

137 2821 206 2865 lerus
222 2816 249 2863 V
247 2831 301 2863 arr.
321 2822 369 2863 sal.
385 2813 500 2878 Menipp.
520 2819 566 2864 rel.
584 2832 611 2877 p.
623 2814 657 2864 66
675 2832 724 2864 uon
742 2817 893 2879 inprobante
910 2817 1045 2868 Ililscltelio
1063 2821 1095 2868 de
1116 2820 1195 2869 Varr.
1215 2821 1299 2882 loqiat.
1314 2835 1341 2882 p.
1359 2816 1424 2866 xit.

136 2885 312 2945 corripendrmr
330 2884 427 2931 uidetur
445 2883 469 2930 in
487 2883 664 2945 Plutotorpue.
685 2901 736 2947 pro
761 2902 810 2950 qao
833 2887 975 2951 pluutorino
992 2888 1076 2937 codes
1092 2889 1200 2938 Cicerisii
1216 2906 1243 2952 p.
1263 2887 1306 2937 81.
1333 2887 1424 2935 litterae

138 2953 228 3000 deliine
245 2953 313 3001 dicit
333 2951 422 3001 Cicero
440 2955 601 3016 epistularum
620 2955 656 3001 ad
673 2954 772 3003 Caluum
786 2958 868 3018 primo
886 2957 957 3019 apud
971 2958 1130 3006 Priscianmn
1148 2961 1164 3006 l.
1178 2974 1200 3006 c.
1220 2959 1286 3007 unde
1303 2956 1426 3019 suspicari

136 3024 194 3071 licet
216 3022 345 3070 Varronis
359 3020 526 3084 sruqrrrcnturn
544 3024 685 3080 cecidisse,
709 3027 904 3088 reliquentem
925 3028 960 3074 ita
974 3026 1032 3087 fere
1050 3027 1184 3076 scribenda
1200 3043 1268 3084 csse,
1293 3026 1378 3075 Cicero
1395 3023 1423 3070 nil

81 3150 83 3154 Α
125 3088 217 3153 ¹illium
236 3090 309 3138 ‘ceris
327 3089 430 3150 delitis’,
447 3091 505 3139 itern
524 3091 554 3139 uel
574 3092 678 3141 Calvum
697 3093 797 3141 ‘deliine
815 3093 931 3152 litterae',
956 3093 1015 3142 alibi
1033 3095 1064 3142 ati
1084 3110 1189 3145 uxorem
1210 3097 1305 3160 ‘prima
1322 3093 1424 3158 epistula

138 3159 238 3207 videtur
256 3159 280 3205 iu
299 3160 341 3207 vin
358 3158 453 3217 delita‘,
478 3161 559 3209 Varro
578 3163 603 3209 iu
622 3161 784 3224 l'lutotoryne
874 3163 885 3211 l
905 3163 994 3211 dalilae
1013 3164 1072 3213 BM
1092 3164 1169 3213 delita
1186 3165 1210 3214 A
1297 3164 1356 3212 alibi
1371 3160 1425 3212 ΒΜ

136 3237 160 3278 et
176 3230 260 3278 codex
278 3229 392 3293 Scioppii
408 3230 467 3278 cliui
486 3231 518 3290 A,
537 3247 583 3280 orn.
602 3245 619 3286 ς
695 3231 810 3294 epustola
828 3232 853 3281 B
871 3232 995 3297 aepistola
1015 3232 1047 3281 M
1120 3235 1136 3282 '2
1155 3233 1274 3282 ostendor
1292 3233 1325 3287 ὸς
1343 3244 1419 3281 osten·

137 3306 177 3346 tor
195 3297 285 3346 ABM.
318 3299 352 3360 cf.
377 3300 506 3350 Priscian.
526 3316 554 3363 p.
574 3300 625 3350 892
728 3299 744 3349 ³
770 3299 890 3365 frequens
908 3299 925 3350 ll
944 3305 1063 3363 quoniam
1081 3329 1113 3339 —
1133 3302 1294 3352 inmaturus
1312 3300 1424 3366 pratillus

137 3365 313 3431 (praerutilius
331 3369 355 3417 A
378 3370 538 3433 peurutilius
559 3369 594 3427 Bt
621 3370 652 3418 do
669 3369 754 3419 ABM
837 3371 854 3419 4
879 3379 1002 3418 ostentata
1021 3382 1059 3420 est
1078 3372 1149 3422 AMb
1173 3379 1281 3421 ostentat
1301 3391 1329 3420 e*
1347 3368 1424 3418 estB

137 3444 235 3485 ostenta
253 3447 291 3486 est
311 3440 416 3488 coniecit
432 3439 455 3489 I.
475 3440 504 3489 G.
528 3440 635 3489 Vossius
651 3440 683 3488 de
700 3442 801 3502 analoq.
820 3440 853 3487 111
870 3438 905 3489 '26
991 3440 1057 3490 idem
1077 3441 1154 3504 (itera
1172 3441 1214 3499 A)
1235 3454 1280 3504 pro
1299 3438 1422 3489 laesuris

137 3506 187 3555 AB
205 3506 270 3554 idem
352 3507 419 3556 sotio
437 3512 526 3557 lucana
540 3512 612 3558 triam
627 3509 686 3570 sere
703 3512 840 3558 litterarum
859 3512 948 3559 relicta
966 3509 1000 3558 M
1021 3512 1080 3559 item
1104 3526 1149 3576 pro
1173 3511 1189 3559 1.
1215 3511 1328 3559 caerutio
1344 3510 1424 3559 coelae

135 3576 250 3639 Scioppii
270 3592 340 3640 susp.
361 3580 417 3626 lect.
444 3578 489 3625 llll
512 3580 527 3625 2
555 3579 614 3626 item
633 3577 659 3625 P.
679 3577 771 3626 Lucius
797 3576 925 3632 Celliuss
948 3578 1006 3627 ideo
1028 3580 1056 3631 P.
1080 3580 1173 3629 Lucius
1196 3578 1281 3628 Colias
1303 3579 1424 3629 Bri-salins

136 3645 196 3694 Cato
215 3659 261 3709 pro
277 3645 354 3694 Lucio
372 3644 480 3706 Caesare
497 3647 646 3695 Priscianus
715 3647 830 3709 5neque
849 3662 983 3696 sensurum
996 3649 1021 3697 A
1090 3648 1213 3698 llmelius
1231 3649 1324 3698 irrelius
1342 3657 1422 3696 osten·

136 3712 406 3775 su1·us(ostensurum
425 3713 468 3775 M)
488 3715 595 3763 dicimus
612 3716 695 3764 ABM
718 3716 763 3764 sed
783 3717 872 3766 niellus
891 3725 1037 3767 ostentarus
1056 3719 1162 3767 dicimus
1179 3731 1197 3774 ς
1214 3726 1239 3765 et
1256 3718 1349 3767 melius
1366 3731 1422 3764 sane

136 3790 250 3831 ostentus
265 3782 373 3831 dicimus
392 3782 516 3832 Baesidiae
602 3785 721 3846 quoniam
740 3810 774 3820 —
793 3785 808 3833 7
827 3796 969 3846 amaturus,
994 3804 1058 3852 quae
1080 3789 1128 3838 noc
1151 3791 1205 3837 loco
1228 3789 1321 3837 arabae
1337 3783 1422 3850 postl

136 3850 257 3913 frequens
274 3856 479 3902 conlocatarum
495 3854 521 3901 in
539 3852 620 3910 libris,
639 3854 686 3902 lenc
702 3859 849 3917 transposui
917 3857 932 3904 'l
951 3865 977 3905 et
992 3857 1080 3905 Liuius
1097 3858 1156 3905 item
1175 3871 1191 3912 ς
1206 3856 1323 3916 sortasse
1338 3866 1362 3904 et
1378 3854 1421 3902 La-

136 3919 240 3976 bienus,
264 3928 290 3969 nl
312 3924 470 3985 intelleqatur
492 3921 519 3970 Τ.
540 3921 614 3971 Atius
632 3922 774 3982 Labienus,
799 3928 843 3987 qai
857 3941 907 3988 pro
926 3924 1014 3989 Fiqiclo
1031 3934 1119 3977 watra
1136 3928 1266 3977 Polioaenr
1280 3925 1365 3975 acen.-
1388 3923 1420 3983 cs.

136 3986 229 4050 Meyer
242 3998 307 4038 orat.
319 3990 389 4039 liora.
400 3991 492 4054 sraqrn.
500 4007 527 4054 p.
539 3989 590 4039 495
604 3993 643 4040 ed.
657 4008 708 4041 sec.
784 3989 895 4042 sicea
963 3994 1108 4059 ppflgulo
1121 3997 1203 4045 deleto
1210 3993 1377 4058 priorepM

136 4069 219 4104 rerum
237 4058 387 4106 rusticarum
405 4057 498 4124 primo]
516 4059 549 4109 25
623 4059 639 4109 9
658 4061 727 4109 locus
741 4060 814 4109 AMb
829 4062 902 4126 loges
917 4063 954 4112 B:
975 4064 1043 4113 lacus
1062 4065 1171 4128 optimus
1188 4063 1263 4112 laonio
1281 4072 1421 4114 ostentuss

203 4123 271 4190 vino]
292 4141 350 4174 unio
369 4130 452 4179 codex
461 4129 576 4193 Scioppii
643 4138 667 4177 et
685 4146 732 4180 orn.
745 4129 805 4179 AM
874 4129 929 4196 soli]
949 4133 998 4181 olei
1016 4133 1100 4182 ABM
1116 4143 1140 4183 et
1156 4133 1240 4183 codex
1252 4133 1368 4197 Scioppii

136 4208 186 4242 nori
206 4201 290 4243 tentus
308 4210 354 4243 neo
371 4207 489 4248 ostensus
508 4198 635 4259 (ostentus
653 4197 689 4260 Β)
707 4208 731 4247 et
750 4200 808 4261 quin
824 4200 909 4249 ABM
926 4210 949 4250 et
965 4203 1049 4253 codex
1065 4202 1180 4266 Scioppii
1261 4199 1420 4250 10·eecenia·

134 4272 177 4311 ton
196 4262 221 4311 A
236 4263 362 4313 antelatou
382 4267 415 4315 M
499 4266 642 4316 uehiculum
660 4268 710 4316 AB
730 4266 852 4318 uehiculis
870 4269 886 4317 l
904 4268 1034 4318 uehiculus
1053 4270 1085 4318 M
1167 4280 1268 4318 teusum
1291 4283 1308 4325 ς
1392 4266 1416 4315 11

134 4330 309 4398 expergiscor]
329 4335 457 4386 Priscian.
473 4353 500 4400 p.
519 4335 570 4386 888
647 4335 678 4384 12
698 4337 740 4398 qxli
754 4337 805 4386 AB
823 4338 895 4400 quasi
916 4338 947 4387 M
1024 4341 1133 4388 saciatus
1152 4339 1237 4388 ΑΒΜ
1252 4339 1375 4388 excitatus
1390 4349 1419 4392 ας

136 4414 185 4449 non
204 4403 328 4470 excitatus
347 4405 472 4456 Bnecltins
560 4404 592 4456 13
616 4406 705 4471 uigilet
730 4405 755 4453 A
842 4405 953 4456 Lucilius
969 4405 996 4453 iu
1014 4408 1047 4456 lll
1066 4424 1079 4455 e
1096 4422 1183 4457 somno
1201 4425 1257 4473 sqq.
1279 4408 1419 4458 Maenas

204 4487 253 4536 ego
272 4472 356 4522 ABM
371 4485 394 4526 et
411 4477 496 4527 coclea:
514 4476 629 4539 Scioppii
650 4488 746 4539 argos
835 4473 867 4523 14
890 4490 983 4540 pueros
1009 4475 1034 4524 Β
1058 4487 1160 4541 puteros
1179 4478 1204 4525 A
1228 4491 1308 4542 puero
1328 4479 1360 4527 M

135 4553 192 4588 cum
208 4541 259 4590 AB
276 4543 317 4590 cui
336 4543 368 4593 M
435 4545 529 4593 clamos
546 4545 694 4594 Priscinnm
766 4541 797 4590 15
816 4553 965 4607 experectus
984 4543 1017 4593 M
1088 4553 1173 4594 autem
1192 4546 1243 4595 AB
1260 4548 1291 4594 οῦ
1312 4547 1344 4595 M
1405 4556 1417 4589 ⁸

135 4624 181 4658 on.
201 4611 227 4659 B
309 4614 393 4673 quiete
410 4615 443 4668 ὸς
464 4614 532 4676 quite
551 4611 610 4662 AM
626 4619 699 4675 quete
717 4612 742 4660 Β
821 4612 940 4662 salustius
958 4613 1048 4663 ΑΒΜ.
1068 4615 1124 4679 laq.
1145 4615 1178 4663 72
1264 4613 1296 4663 18
1314 4631 1346 4664 ex
1366 4612 1418 4661 iati-

136 4689 217 4740 gorc
305 4677 395 4745 latiget
408 4680 438 4729 M
516 4681 547 4732 19
563 4682 649 4730 uerius
667 4681 691 4728 A
709 4681 844 4735 uarriusc
914 4680 949 4730 20
966 4680 1088 4746 fatigatus
1106 4684 1198 4731 dieitur
1216 4697 1273 4731 cum
1291 4682 1418 4734 &nanus

203 4744 234 4792 el
254 4745 370 4797 detleitur
388 4749 472 4798 lassus
489 4751 574 4800 ABM
590 4749 673 4799 delicit
691 4758 717 4799 ut
736 4749 847 4803 lassoss
