3114 5356
132 373 180 415 uu
693 349 901 411 PRAEFATIO

152 557 229 598 num
249 533 410 598 translata
425 541 484 596 cst.
518 532 610 596 cuius
625 533 672 595 rei
688 540 787 595 testes
802 530 959 594 habemus
980 528 1253 615 locupletissimos
1275 527 1358 591 duas
1381 529 1412 592 ee‘

153 637 259 700 tiones
281 658 299 698 e
320 634 412 699 libris
429 632 648 698 Bobiensibus
670 642 739 696 tum
760 630 939 696 Mediolani
960 652 1149 716 expressas,
1169 629 1305 694 alteram
1325 629 1409 693 Tere

153 737 236 799 tiani
264 737 371 800 Mauri
400 757 430 797 a.
462 737 542 797 1497
577 756 596 796 a
624 734 768 818 Georgio
794 734 964 816 Galbiato,
998 732 1135 796 alteram
1162 732 1278 813 Probi,
1308 732 1410 795 Maxir

156 838 316 901 Victorini
338 836 540 921 aliorumque
562 837 846 920 granrruatieorum
868 837 911 898 a*
925 839 1004 898 15114
1028 855 1048 895 a
1063 833 1237 897 Parrhasio
1259 833 1391 896 saetam.

155 937 345 1001 Terentiani
378 937 510 1023 quidem
532 935 711 1023 exemplari
734 945 863 1020 praeter
890 935 1062 1021 epistulam
1085 936 1236 1016 editoris,
1264 958 1328 1021 qua
1350 935 1409 998 Bol

155 1040 188 1102 in
206 1038 363 1103 coenobio
378 1038 448 1103 divi
465 1036 659 1103 Columbani
675 1035 777 1099 multa
797 1034 955 1099 nobilium
972 1039 1165 1123 scriptorum
1187 1036 1354 1100 volumina
1370 1059 1396 1099 ‘a

157 1162 199 1203 ex
222 1161 352 1205 carcere
370 1148 525 1228 perpetuo
545 1148 576 1202 et
598 1136 741 1201 tenebris
763 1135 920 1199 in‘lueem
942 1136 1106 1202 eductaet
1123 1138 1278 1202 advitam
1295 1160 1407 1201 revoca

153 1262 226 1304 esse
249 1240 378 1324 scribit,
400 1241 532 1306 additae
555 1248 630 1304 sunt
652 1237 802 1324 publicae
824 1237 951 1301 litterae
971 1237 1129 1320 Sfortiae,
1153 1237 1271 1323 quibus
1294 1241 1383 1303 ravit

152 1345 226 1428 quis
253 1344 483 1425 grammaticos
514 1364 535 1405 a
557 1339 727 1420 Galbiato,
757 1337 902 1411 Merulae
930 1341 1135 1419 amanuensi,
1165 1341 1315 1403 inventos
1348 1349 1404 1427 atq

153 1442 367 1525 transcriptos
394 1444 594 1528 inprimeret.
645 1461 780 1526 quorum
809 1440 1003 1526 scriptorum
1035 1444 1167 1505 nomina
1201 1441 1300 1504 index
1330 1440 1405 1504 litter

154 1541 297 1606 Sfortiae
312 1542 477 1606 subiectus
496 1540 630 1605 exhibet
640 1543 686 1605 ita
697 1541 948 1625 conprehensos,
966 1543 1216 1607 ‘Terentianum
1232 1542 1272 1605 de
1287 1543 1400 1605 metris

152 1643 289 1730 syllabis
311 1644 456 1725 Horatii,
480 1643 751 1708 Fortunatianum
771 1642 811 1706 de
833 1644 1031 1707 carminibus
1046 1644 1174 1708 Horatii
1181 1692 1189 1724 ,
1210 1644 1240 1705 V
1242 1643 1338 1706 elium
1361 1644 1403 1708 L(

152 1767 229 1829 gum
246 1745 287 1809 de
303 1745 551 1830 orthographia,
570 1743 803 1807 Adamantium
821 1742 861 1805 de
878 1744 1125 1831 orthographia,
1150 1744 1320 1808 Catholica
1336 1745 1403 1810 Pro'

155 1846 297 1911 Cornelii
318 1847 494 1911 Frontonis
516 1844 727 1930 elegantias'.
771 1845 824 1908 De
841 1845 939 1910 Probi
960 1855 1068 1909 autern
1089 1844 1181 1909 libris
1198 1846 1392 1910 Parrhasius

152 1948 293 2033 epistula
321 1948 363 2013 ad
392 1946 436 2010 M.
467 1946 646 2011 Antonium
675 1946 843 2010 Cusanum
871 1946 947 2010 data
976 1952 1033 2010 ‘aa
1060 1955 1167 2010 autem
1196 1957 1313 2032 opera'
1342 1950 1398 2034 inq

153 2047 337 2113 ε1010011110
359 2058 392 2111 01
411 2045 551 2134 amplius
573 2046 692 2111 abhinc
714 2048 809 2110 annis
829 2049 863 2110 in
882 2047 1039 2112 altissimo
1056 2048 1190 2133 pulvere
1208 2050 1380 2113 iacuerunt

96 2160 104 2171 ”
153 2151 301 2234 cognita,
321 2150 425 2214 donee
447 2172 467 2212 a
491 2151 558 2213 situ
580 2147 744 2231 Georgius
767 2147 905 2232 primum
927 2148 1056 2211 Merula
1083 2148 1268 2213 vindicavit
1295 2151 1329 2212 in
1352 2172 1399 2213 usi

151 2258 277 2313 tantum
313 2272 417 2313 suurn.
466 2271 550 2340 mox
579 2271 617 2312 eo
646 2247 801 2312 defuneto
834 2250 966 2312 unicum
997 2249 1083 2335 quod
1118 2249 1251 2314 extabat
1279 2273 1398 2338 exemp

154 2359 297 2435 emptum
325 2360 375 2415 est
402 2349 524 2416 auxilio
546 2348 887 2436 PatrissAmplissimi
911 2351 1067 2437 Stephani
1093 2351 1266 2416 Poncherii
1289 2352 1398 2416 Lutec:

156 2451 356 2517 Parisiorum
380 2450 568 2534 Pontificis,
586 2449 929 2537 indulgentissimique
951 2453 1079 2536 patroni
1098 2454 1173 2515 mei.
1196 2491 1237 2499 —
1267 2474 1368 2539 quare
1389 2476 1397 2516 1

152 2552 288 2636 iisdem,
311 2553 431 2640 quibus
454 2561 551 2617 antea
571 2549 700 2617 Merula
719 2551 868 2634 vestigiis
890 2551 933 2615 ad
957 2553 1155 2639 interceptae
1181 2554 1322 2640 praedae
1339 2554 1396 2619 cul

153 2653 300 2738 deducti,
322 2655 425 2720 libros
445 2664 553 2718 aetate
576 2654 641 2715 iam
658 2661 770 2738 putres
792 2652 1026 2736 excripsimus,
1048 2655 1241 2720 incredibile
1260 2666 1381 2743 quanto

151 2753 245 2837 bore,
274 2763 405 2843 propter
424 2752 587 2818 obsoletas
608 2761 756 2817 veterum
777 2750 944 2815 literarum
968 2766 1078 2838 notas,
1109 2766 1141 2820 et
1170 2758 1235 2819 iam
1264 2766 1395 2843 tempor

153 2855 273 2916 iniuria
292 2856 567 2919 vanescentium'.
612 2851 699 2916 unde
714 2854 777 2919 iam
795 2865 883 2919 certo
897 2856 1035 2943 adparet
1053 2880 1116 2920 non
1132 2857 1322 2945 apographa
1342 2859 1394 2922 sol·

154 2951 310 3017 librorum
325 2955 383 3018 sed
400 2955 498 3018 etiam
520 2955 609 3041 ipsas
627 2954 833 3018 membranas
848 2954 1069 3021 Mediolanum
1085 2959 1212 3022 adlatas
1229 2980 1311 3022 esse.
1349 2959 1392 3023 ali

155 3061 264 3117 autem
294 3053 449 3120 librorum
471 3056 684 3120 Bobiensium
712 3067 837 3143 partem
860 3058 997 3123 Romam
1025 3069 1205 3124 travectam
1235 3081 1308 3122 esso
1336 3083 1392 3124 aue

151 3164 202 3217 est
229 3154 376 3241 Raphael
408 3156 657 3239 Volaterranos,
677 3160 749 3244 qui
782 3160 815 3221 in
847 3157 1065 3245 descriptione
1098 3160 1248 3226 coenobii
1274 3158 1391 3225 Bobier

153 3266 364 3321 commentar.
392 3260 509 3325 urban.
542 3259 563 3323 l.
587 3260 634 3322 lv
663 3259 687 3323 1.
709 3258 785 3323 LVI
820 3261 870 3325 ed.
899 3262 1036 3325 Roman.
1070 3284 1100 3326 a.
1137 3267 1217 3328 1506
1250 3284 1390 3328 enumera

156 3358 249 3423 libris
272 3362 328 3446 qui
350 3361 396 3425 ibi
415 3384 501 3426 anno
521 3364 600 3424 1493
615 3362 735 3447 reperti
750 3372 860 3426 essent
876 3369 1029 3449 ‘quorum
1046 3364 1132 3428 bona
1147 3372 1241 3452 pars'
1257 3366 1387 3450 inquit‘

152 3462 247 3524 annis
267 3464 426 3547 proximis
448 3485 468 3526 a
487 3485 558 3527 meo
576 3463 740 3549 Municip'e
755 3464 880 3528 Thema
894 3464 1043 3528 Phaedro
1059 3466 1216 3529 bonarum
1236 3469 1352 3531 artium
1375 3491 1388 3552 Ι

97 3600 100 3608 ·
152 3564 276 3629 sessore
298 3574 347 3628 est
368 3565 508 3628 aduecta
525 3564 559 3627 in
582 3565 726 3629 urbem'.
770 3564 944 3652 atquelroc
962 3565 1033 3649 ipso
1049 3576 1193 3653 tempore
1215 3590 1287 3632 eum
1307 3568 1388 3632 Bobi

153 3687 205 3726 ses
222 3665 297 3729 libri
320 3664 458 3729 distrahi
472 3666 579 3751 coepti
600 3677 676 3731 sunt
687 3665 787 3731 Ianus
804 3665 999 3731 Parrhasius
1017 3668 1093 3731 exul
1108 3669 1327 3733 Mediolanum
1344 3691 1384 3732 re

151 3764 207 3827 ubi
238 3776 309 3830 octo
334 3788 436 3830 annos
459 3768 709 3831 conmorabatur
738 3768 779 3832 ab
802 3790 888 3831 anno
920 3770 1016 3848 1499,
1043 3778 1079 3832 ut
1102 3769 1246 3848 ridetur,
1279 3791 1382 3853 usque

152 3886 271 3928 annum
307 3871 396 3930 1507.
448 3866 566 3931 deinde
594 3891 653 3953 per
680 3891 802 3953 paucos
831 3891 935 3932 annos
961 3869 1109 3934 Vicetiae
1137 3869 1266 3931 Patavii
1298 3869 1385 3934 Vene

65 4036 72 4045 ,Α
151 3967 253 4046 vixit,
280 3988 366 4032 anno
392 3972 473 4031 1510
504 3967 633 4032 demum
657 3967 843 4054 Neapolim,
873 3970 948 4033 inde
972 3971 1159 4036 Cosontiam
1187 3970 1299 4034 rediit:
1333 3971 1376 4034 01.

150 4064 266 4130 Iauelli
291 4067 332 4130 de
351 4071 420 4131 vita
440 4079 472 4132 et
494 4070 624 4153 scriptis
647 4069 725 4134 Auli
749 4070 822 4134 Iani
840 4070 1006 4135 Parrhasii
1030 4095 1060 4158 p.
1083 4077 1122 4138 35
1141 4095 1211 4158 sqq.
1235 4072 1356 4136 multos

151 4169 292 4232 tinomur
316 4171 510 4254 scriptorum
533 4171 662 4235 codices
691 4172 742 4234 vir
764 4172 907 4256 antiquis
934 4172 1148 4259 scriptoribus
1177 4173 1383 4237 emendandis

151 4269 244 4332 libris
266 4292 366 4333 manu
389 4272 521 4357 scriptis
539 4271 745 4335 excutiendis
763 4274 796 4335 in
813 4274 926 4358 primis
949 4273 1079 4338 deditus
1101 4283 1168 4337 tum
1193 4296 1266 4337 cum
1285 4276 1318 4338 in
1339 4298 1378 4338 eo

150 4374 248 4465 gione
271 4370 387 4434 ltaliae
409 4371 605 4436 versabatur
626 4375 731 4458 pretio
754 4374 817 4437 sibi
848 4375 996 4460 parabat.
1041 4376 1151 4462 itaque
1165 4375 1236 4440 illa
1259 4385 1382 4463 opportr

149 4482 215 4534 tate
236 4495 315 4536 usus
334 4470 394 4536 hoe
412 4474 616 4558 potissimum
631 4484 776 4559 tempore
792 4485 825 4539 et
840 4477 923 4542 alios
945 4476 1074 4541 codices
1091 4476 1272 4542 Bobienses
1292 4489 1324 4542 et
1341 4480 1381 4564 ipr

150 4572 291 4638 Charisii
320 4574 464 4638 codicem
495 4574 557 4638 sibi
587 4597 720 4660 parasse
754 4599 874 4663 eosque
903 4579 936 4642 in
964 4578 1101 4664 patriam
1117 4601 1240 4642 seeum
1268 4578 1378 4643 abstul

150 4673 290 4738 videtur.
334 4689 505 4761 praeterea
524 4700 597 4740 eum
614 4676 738 4741 Thema
755 4676 921 4761 Phaedre,
944 4702 965 4742 a
986 4702 1049 4765 quo
1072 4680 1171 4743 libros
1187 4680 1368 4744 Bobienses

148 4796 233 4836 mam
262 4775 389 4841 ablatos
421 4800 493 4843 csse
525 4778 685 4859 diximus,
721 4778 927 4845 familiariter
955 4790 1101 4843 uteretur
1131 4779 1341 4861 Parrhasius,
1372 4788 1379 4843 1

147 4876 252 4962 potuit
272 4885 309 4938 ut
336 4900 379 4943 ex
412 4879 464 4942 his
491 4901 621 4966 quoque
654 4879 749 4944 libris
776 4879 829 4944 vel
853 4888 920 4944 tum
944 4879 1018 4946 cum
1044 4903 1104 4967 per
1131 4881 1213 4946 duos
1239 4882 1307 4946 1010
1330 4904 1379 4946 arn
