3114 5356
604 301 737 365 msrtn
764 301 874 364 omn.
896 258 1014 417 stau
1157 315 1162 322 ·
1383 299 1445 362 ιιι
1480 305 1489 323 ·

1318 417 1329 459 ι
1370 415 1393 459 1.

149 491 191 552 ab
204 415 395 563 :addidistis
416 488 469 550 abs
485 496 528 563 le,
550 490 678 571 accepit,
700 490 840 566 adtraxit,
861 489 1010 565 addictus,
1028 488 1167 550 adversus
1182 419 1389 563 edictuiti,⁴dm
1412 517 1446 564 e,

148 604 223 655 ante
240 595 352 666 forum,
374 589 535 671 appellare,
559 591 635 671 aptid
657 592 797 669 iudicem,
816 592 915 654 astulil
929 600 962 653 ιιι
976 599 1104 667 veteres,
1127 591 1254 671 aufugit,
1276 591 1447 671 oumlegio-

148 697 258 770 nbus,
282 710 390 756 coram
412 717 447 767 a,
471 692 513 753 cis
528 693 655 768 Padum,
678 695 749 756 citra
765 695 896 774 gratiam,
913 695 1024 756 circum
1042 694 1160 768 amieos,
1184 701 1286 755 conba
1302 693 1446 767 inimicos,

148 798 272 860 circiter
292 795 453 869 Kalendas,
476 796 552 857 cirea
575 796 692 871 urbem,
715 796 866 878 concepit,
890 797 1041 875 cognitus,
1063 797 1179 873 detulit,
1201 795 1335 872 dimovit,
1355 795 1447 858 distu-

113 900 203 976 siil,
225 920 242 962 e
262 899 342 974 iure,
371 917 406 959 ex
427 917 512 973 arce,
541 918 609 978 erga
632 900 823 979 diligentiam,
852 908 932 961 extra
950 898 1086 975 limitem,
1112 899 1225 975 iniecit,
1258 901 1287 961 in
1309 901 1387 975 foro,
1416 901 1446 961 in

148 1005 268 1078 forum,
291 1002 367 1063 inter
387 999 480 1075 cives,
500 1001 576 1063 intra
596 1002 710 1082 cotulas,
734 1003 812 1064 ίιιιιιι
833 1003 919 1078 litus,
942 1003 1016 1063 infra
1038 1002 1162 1082 gradus,
1185 1001 1222 1063 ob
1245 1003 1333 1079 iram,
1353 1031 1372 1067 e
1395 1023 1447 1084 pe·
1550 995 1552 999 ’

149 1124 208 1166 nes
226 1124 290 1179 me,
314 1123 367 1184 per
389 1111 434 1178 te,
456 1113 524 1184 post
544 1111 624 1180 iem,
647 1111 768 1186 propter
788 1124 858 1181 nos,
879 1115 995 1186 praeter
1014 1102 1110 1180 iocos,
1133 1124 1187 1186 pro
1204 1124 1269 1180 reo,
1291 1114 1364 1186 prae'
1375 1105 1446 1178 risu,

150 1207 251 1288 palam
274 1206 400 1287 populo,
422 1227 600 1287 properus,
622 1225 700 1287 pone
721 1224 857 1287 saepem,
884 1208 1019 1288 prodest,
1040 1207 1178 1282 removit,
1207 1207 1262 1269 sub
1287 1207 1373 1269 domo
1395 1207 1447 1268 do·

151 1329 252 1384 mum,
275 1328 365 1389 super
385 1316 487 1389 caput,
516 1308 707 1389 subterfugit,
737 1328 826 1389 supra
849 1309 1011 1383 fortunam,
1036 1308 1100 1370 sine
1121 1308 1206 1385 dolo,
1235 1309 1338 1372 subter
1357 1329 1447 1385 mare,

108 1421 136 1463 ιθ
155 1411 260 1474 subter
280 1410 369 1485 mari,
397 1411 559 1486 transtulit,
588 1421 669 1474 trans
690 1412 800 1493 ripam,
829 1421 915 1474 tenus
934 1412 1008 1487 fine,
1042 1429 1135 1490 usque
1153 1411 1189 1472 ad
1211 1421 1341 1492 portam,
1373 1413 1449 1475 ultra

155 1514 285 1576 modum.
323 1512 446 1575 ablativo
470 1515 550 1576 casui
573 1514 732 1576 servientes
754 1514 827 1588 bae,
852 1532 868 1574 a
889 1512 926 1574 ab
944 1532 1011 1576 cum
1034 1531 1133 1576 coram
1155 1515 1191 1575 de
1212 1533 1229 1575 e
1248 1535 1282 1578 ex
1304 1536 1356 1597 pro
1379 1535 1448 1597 prae

157 1617 254 1697 palam
276 1617 340 1679 sine
359 1624 460 1678 tenus:
481 1616 645 1678 accusativo
668 1615 798 1678 serviunt
816 1615 882 1689 bae,
904 1617 940 1677 ad
961 1616 1037 1696 apud
1059 1628 1127 1679 ante
1153 1616 1292 1679 adversus
1314 1617 1356 1680 cis
1378 1617 1449 1680 citra

157 1719 269 1780 circum
296 1727 396 1795 contra
423 1717 500 1779 circa
528 1737 596 1796 erga
624 1726 704 1779 extra
725 1718 802 1777 inter
821 1716 897 1777 intra
919 1717 998 1779 iuxta
1018 1719 1092 1781 infra
1121 1719 1158 1781 ob
1184 1738 1275 1800 penes
1301 1740 1355 1801 per
1381 1730 1450 1802 post

160 1827 279 1900 propter
298 1828 414 1900 praeter
435 1840 527 1901 prope
544 1809 621 1901 ponc
644 1828 725 1881 trans
746 1819 836 1880 ultra:
857 1820 1021 1882 accusativo
1039 1831 1067 1884 et
1090 1822 1213 1884 ablativo
1234 1824 1364 1885 serviunt
1383 1823 1448 1897 bae,

108 1924 141 1966 ¹⁵
165 1921 192 1980 in
215 1916 274 2006 [su]
298 1923 352 1984 sub
375 1942 464 2003 super
483 1923 598 1999 subter;
619 1941 724 2003 super,
747 1929 784 1981 ut
801 1921 880 1982 blato

576 2032 770 2101 stratoque
793 2043 906 2104 super
928 2024 1182 2088 discumbitur
1206 2034 1321 2088 ostro.

166 2121 272 2205 venibis
295 2127 424 2188 serviunt
441 2126 484 2187 vel
504 2126 665 2207 participiis
687 2125 732 2185 vel
754 2125 897 2189 adverbiis
914 2128 985 2202 bae,
1006 2147 1040 2190 ae
1063 2146 1118 2189 con
1141 2127 1170 2189 di
1191 2127 1237 2189 dis
1255 2148 1287 2190 re
1308 2147 1357 2205 se;
1386 2147 1449 2190 ver·

166 2226 206 2288 bis
224 2229 277 2303 ita,
300 2227 419 2306 accingo
443 2229 575 2290 conduco
598 2229 704 2289 diduco
724 2228 842 2289 discedo
861 2228 978 2291 incurro
993 2230 1101 2292 reduco
1122 2249 1244 2292 secerno
1258 2230 1368 2293 seduco
1383 2251 1449 2293 suc·

167 2347 246 2391 curro
266 2330 406 2391 subvenio
421 2330 593 2409 supervenio
612 2328 807 2409 subterfugio;
828 2330 998 2413 participiis,
1015 2331 1170 2410 accingens
1187 2339 1216 2393 et
1230 2330 1286 2392 alia
1301 2331 1449 2408 similiter3

108 2434 151 2482 ἢ
169 2430 321 2506 adverbiis,
344 2432 500 2493 constricte
528 2434 661 2494 restricte
687 2433 817 2494 districte
835 2432 1005 2495 indecenter
1026 2434 1228 2496 incunctanter
1244 2432 1377 2515 improbe
1399 2435 1450 2496 de-

168 2534 299 2595 formiter.
337 2535 392 2595 bae
416 2553 482 2595 vero
501 2543 533 2595 ut
554 2534 720 2615 superiores
738 2534 818 2595 coire
839 2553 898 2596 non
915 2545 1054 2616 possunt,
1076 2537 1153 2600 velut
1172 2555 1239 2598 oum
1259 2537 1336 2618 apud
1359 2556 1449 2617 penes

168 2643 294 2716 propter,
332 2645 361 2696 et
388 2636 453 2698 ideo
482 2637 637 2699 ablativum
664 2646 776 2699 tantum
805 2646 855 2698 aut
879 2639 1075 2700 accusativum
1101 2637 1280 2719 praecedunt
1302 2629 1358 2700 neo
1385 2639 1449 2700 aliis

169 2753 246 2813 quam
267 2736 432 2799 casualibus
458 2748 695 2819 praeponuntur,
727 2739 758 2801 id
785 2748 831 2802 est
855 2741 965 2803 nomini
990 2730 1154 2822 pronomini
1181 2740 1349 2821 participio,
1382 2759 1449 2802 cutn

170 2838 318 2912 Cicerone,
350 2858 417 2900 cum
444 2840 513 2913 illo,·
544 2860 610 2903 cum
644 2841 752 2916 electo,
783 2861 915 2922 quaeque
947 2842 977 2904 in
1010 2844 1164 2925 partitione
1191 2862 1293 2906 versus
1322 2844 1449 2925 separari

119 2939 270 3003 &debent
291 2961 308 3001 a
330 2942 554 3004 cohaerentibus
574 2944 706 3025 partibus
727 2946 875 3008 orationis.

169 3067 493 3079 Q

170 3142 228 3192 pone
247 3146 338 3197 sepem
353 3132 459 3181 dimouit
481 3132 586 3197 prodest
608 3133 706 3183 distulit
729 3136 837 3185 remouit
855 3152 869 3185 a
887 3137 942 3185 iure
966 3135 1013 3186 sub
1032 3135 1107 3184 domo
1127 3135 1230 3210 domum
1247 3151 1280 3186 ex
1298 3151 1357 3187 arca
1373 3152 1450 3204 super

1162 3211 1184 3240 in

171 3260 238 3319 eaput
256 3267 317 3317 erga
341 3252 499 3318 diligentiam
521 3253 676 3321 subterfugit
700 3263 771 3304 extra
793 3255 898 3305 limitem
921 3269 999 3320 supra
1019 3254 1144 3306 fortunam
1180 3256 1239 3306 iecit
1261 3256 1317 3307 sine
1340 3256 1399 3307 dolo
1424 3258 1448 3306 in

171 3319 244 3371 lorum
267 3322 355 3371 subter
383 3337 451 3373 mare
474 3325 539 3387 inter
562 3325 631 3375 ciues
656 3325 742 3375 subter
764 3327 828 3376 mari
850 3326 915 3375 intra
938 3323 1024 3374 caultu
1047 3325 1173 3375 transtulit
1198 3326 1269 3375 iuxta
1292 3326 1353 3377 litus
1379 3336 1449 3376 trans

169 3392 243 3457 ripam
269 3391 335 3441 infra
359 3392 453 3458 gradus
477 3402 549 3444 tenus
573 3393 623 3444 line
646 3394 757 3444 obirem
772 3411 852 3461 usque
870 3395 903 3445 ad
921 3403 1022 3460 portum
1039 3409 1118 3461 penes
1135 3410 1175 3444 me
1194 3395 1259 3444 ultra
1283 3395 1398 3455 modum;
1425 3400 1450 3446 ιἰι

168 3459 281 3512 Pontem
297 3465 347 3522 ιἰιι,
366 3462 444 3512 ueluti
461 3464 615 3513 orationibus
633 3472 691 3514 unte
709 3465 793 3515 forum
810 3466 842 3516 ab
860 3463 1005 3516 auctoribus
1023 3464 1055 3513 ab
1073 3464 1211 3529 appellare.
1230 3464 1276 3515 aba
1289 3467 1361 3515 abste
1379 3467 1449 3533 apud

167 3528 270 3581 iudicem
289 3532 391 3597 accipit.
411 3534 506 3583 astulit
532 3543 559 3582 ut
576 3542 646 3584 ueter
662 3535 780 3585 adtraxit.
804 3535 912 3616 aufugit.
937 3532 1063 3584 addictus.
1086 3534 1148 3584 Cum
1163 3532 1306 3599 legionibus
1324 3535 1449 3586 aduersus

168 3613 217 3650 tum
236 3601 390 3668 legionibus.
410 3603 529 3656 edietum.
549 3605 588 3669 εἰς
607 3605 710 3669 padum
736 3620 781 3670 per
800 3613 834 3655 te.
852 3606 923 3654 citra.
947 3603 1056 3669 gratiam
1079 3612 1137 3669 post
1160 3618 1213 3654 rem
1237 3605 1331 3653 obsum
1352 3606 1448 3655 amieos

167 3681 263 3751 propter
282 3687 329 3721 nos
347 3675 454 3721 contra
449 3675 563 3724 inimicos
579 3685 677 3739 praeter
692 3674 761 3724 locos
784 3675 883 3725 circiter
898 3673 1029 3727 kalendas.
1051 3687 1098 3740 pro
1116 3689 1160 3725 reo
1179 3674 1246 3723 circa
1264 3674 1360 3725 urbem.
1385 3689 1448 3739 prae

167 3741 223 3795 risu.
250 3743 367 3807 concepit
386 3742 470 3807 palam
492 3744 587 3809 populo
611 3747 728 3811 cognitus
751 3759 832 3810 prope
854 3759 898 3794 rus
917 3743 1002 3794 ditalit
1019 3757 1085 3808 pone
1103 3758 1200 3808 sepem.
1217 3742 1334 3794 dimouit.
1358 3743 1447 3809 prode.

167 3808 269 3861 distulit.
294 3814 409 3861 remouit.
434 3813 478 3862 li
472 3829 525 3864 ture
544 3815 591 3864 sub
607 3814 682 3865 domo
700 3815 802 3864 domum
820 3831 852 3865 ex
870 3831 929 3866 arce
948 3829 1026 3881 supet
1042 3823 1123 3879 caput
1135 3829 1197 3880 erga
1215 3812 1372 3879 diligentiam
1388 3814 1449 3863 sub-

166 3880 264 3946 terfugit
279 3892 350 3932 extra
365 3882 468 3932 limitem
487 3899 564 3949 supra
582 3883 727 3935 fortunam'
721 3885 780 3934 tecit
794 3885 850 3935 sine
867 3886 922 3936 solo
939 3884 993 3936 info
1008 3883 1146 3935 secundum
1164 3884 1219 3932 bos.
1247 3885 1273 3932 in
1292 3881 1375 3934 forum
1388 3884 1448 3933 sub-

168 3957 200 3999 ter
222 3966 300 4002 mare.
325 3953 390 4001 iuter
412 3955 491 4005 ciues
519 3954 605 4005 subter
623 3970 699 4005 mare.
726 3956 792 4006 intra
809 3955 897 4006 caulas
914 3955 1014 4006 transiit
1032 3952 1089 4004 tulit
1106 3956 1178 4004 iuxta
1201 3951 1261 4004 litus
1279 3959 1348 4005 trans
1366 3954 1449 4018 ripam

168 4019 228 4071 infra
247 4020 353 4087 padus.
373 4031 445 4072 tenus
464 4023 521 4073 fine.
542 4023 599 4074 ob'
594 4039 657 4073 tram
674 4027 807 4088 usquead
825 4035 933 4092 portam.
952 4038 1031 4092 penes
1048 4038 1089 4074 me
1106 4023 1172 4074 ultra
1189 4022 1292 4073 modum
1377 4025 1388 4074 l
1407 4037 1448 4073 am

167 4096 294 4143 eteorum
312 4095 527 4157 praepositionum
549 4095 665 4158 eaeavpla
682 4094 778 4146 duodus
794 4096 927 4162 archetypi
944 4094 1058 4146 ιειιίὁιιι
1080 4095 1176 4145 umbris
1199 4092 1349 4145 ecciderunt
1433 4091 1450 4143 6

166 4160 252 4210 ἱιιοιιιιιι
270 4177 343 4227 quatu
360 4164 467 4213 abdicavi
484 4164 513 4213 of
527 4173 553 4215 et
571 4179 600 4214 oc
614 4166 825 4229 praepositiones
841 4168 956 4230 exempla
971 4164 1121 4216 excidet-emt
1187 4164 1205 4214 8
1221 4161 1268 4214 tub
1287 4164 1363 4214 domo
1379 4158 1448 4229 epp]

166 4231 273 4282 ordinem
289 4230 418 4282 sabarim
435 4249 476 4298 qut
471 4234 568 4297 suit'
558 4252 583 4285 m
600 4233 721 4303 arcitetpp
722 4250 746 4293 o,
765 4241 876 4302 ᾳιιιιιιιυίε
890 4253 921 4287 ne
938 4239 1076 4300 ipsusque
1034 4235 1131 4299 quidem
1148 4235 1213 4284 satie
1230 4235 1358 4357 triepta?
1376 4234 1452 4285 resti·

166 4295 198 4351 ut
266 4301 324 4354 15
317 4316 380 4352 tnsts
401 4303 449 4354 sub
467 4303 503 4352 P:
522 4320 551 4354 su
570 4320 615 4355 om.
632 4321 653 4354 ω
678 4243 852 4372 witero]
839 4308 905 4358 Aea.
920 4305 1000 4358 1700
1085 4304 1117 4355 17
1136 4301 1274 4378 uerbisita
1302 4302 1420 4356 dinco
1413 4317 1450 4353 tn·

167 4435 236 4472 curro
259 4423 364 4472 discedo
387 4439 505 4475 succurro
530 4426 621 4476 reduco
645 4424 769 4478 subuenio
791 4443 897 4480 secerno
914 4427 1066 4494 superuenio
1083 4381 1245 4507 participidtp
1263 4424 1452 4491 subterfugiens

165 4492 292 4542 incurrens
308 4502 332 4542 et
350 4495 484 4559 accingens
501 4494 552 4544 alia
568 4494 685 4544 similiter
707 4496 832 4548 conduco.
855 4496 994 4548 Aduerbiis
1014 4495 1042 4545 N
1066 4495 1152 4546 uerbis
1173 4497 1211 4544 ita
1230 4494 1323 4546 diduco
1345 4494 1450 4546 discedo

167 4574 281 4612 succurro
300 4561 393 4613 reduco
415 4565 538 4614 subuenio
561 4579 661 4613 secerra
685 4568 838 4630 superuenio
856 4566 1015 4635 subterfugio
1039 4566 1145 4631 accingo
1170 4565 1265 4617 seduco
1290 4565 1452 4631 participium

168 4632 293 4683 incurrens
312 4641 336 4681 et
354 4631 403 4682 alia
420 4635 524 4683 similia.
543 4634 669 4683 Aduerbio
688 4634 713 4681 P
779 4640 815 4688 22
832 4645 929 4688 tantum
949 4648 973 4688 st
991 4635 1164 4687 acuumtiuum
1182 4634 1208 4684 P
1283 4637 1319 4686 24
1335 4650 1452 4698 quaeque

167 4705 247 4754 -25
263 4702 386 4752 orationis
403 4707 483 4753 alieno
500 4706 584 4753 loeo'
573 4721 598 4755 ιιι
616 4703 741 4754 codicibus
753 4709 839 4768 posita
855 4722 911 4758 etse
927 4709 1050 4758 aidcnutr.
1074 4707 1167 4755 rectius
1184 4711 1266 4754 autera
1281 4703 1452 4769 pot1238,2

167 4772 245 4822 avehit
261 4773 391 4822 conlocari
402 4781 530 4854 ppterout,
549 4775 599 4824 at'si
614 4775 640 4823 ia
654 4772 694 4824 liis
707 4789 803 4841 quoque
819 4791 884 4844 quae
897 4779 1013 4842 protem
1029 4781 1148 4825 urantur
1167 4774 1291 4840 paam
1307 4775 1348 4826 sel
1361 4742 1453 4826 onita

168 4844 357 4906 sparnacum
372 4845 411 4893 ael
421 4832 576 4907 pertitulato
592 4857 649 4894 esse
664 4844 812 4897 sidereum
