3114 5356
619 291 701 351 Aur.
725 293 865 355 GRAMM.
893 295 965 357 tin.
989 298 1008 357 lv
1397 301 1458 363 395

1245 425 1268 467 p.
1282 412 1328 456 389.
1343 416 1369 456 20
1381 414 1406 458 P.

247 474 317 533 ilem
340 482 496 550 antequam
516 474 604 533 modo
629 476 747 538 finitivis
774 479 861 540 modo
887 479 1079 542 subiunctivis
1107 482 1252 560 iungitur,
1292 467 1408 546 eontra·
1423 507 1458 548 ac

156 575 310 653 superius:
349 574 480 633 iunctum
502 575 692 638 subiunctivis
715 578 772 651 sic,
801 580 886 640 veluti
906 590 1077 659 autequam·
1092 583 1239 657 venisses3
1280 584 1456 648 disiunctum

156 675 292 747 fmitivis‚
316 684 348 734 ut
369 675 446 752 apud
471 675 628 753 Vergilium

325 777 583 855 ante‚pudor,
606 794 711 854 quam
735 779 900 840 teriolo.

126 904 140 940 5
245 876 315 936 ltem
340 876 369 935 ui
392 886 421 936 et
441 878 497 937 nisi
517 877 698 938 subiunctira
721 878 881 957 recipiunt,
899 880 987 940 veluti
1008 881 1037 940 ni
1057 881 1179 951 fecisses
1200 892 1231 943 et
1248 884 1303 946 nisi
1323 886 1455 948 fecisses

156 994 334 1052 quamquam
357 976 434 1055 apud
458 977 630 1038 Ciceronem
653 997 712 1037 non
739 997 899 1058 numquam
930 990 958 1040 et
985 978 1094 1041 lininio
1122 981 1265 1060 iungitur,
1296 992 1366 1047 tuuc
1393 1007 1456 1049 ma-

155 1078 234 1136 xime
257 1096 325 1137 cum
344 1096 449 1155 parum
468 1076 575 1138 dubius
594 1078 633 1138 sit
653 1099 775 1154 sensus,
802 1089 834 1141 ut
853 1080 931 1160 apud
954 1082 1079 1141 eundem
1099 1082 1192 1143 ‘nisi
1213 1084 1314 1145 forte
1335 1088 1455 1156 maius

156 1189 217 1238 est
246 1179 464 1257 patefacere
497 1178 604 1239 vobis
636 1181 857 1259 provincias
890 1201 960 1259 quo
995 1182 1097 1242 exire
1129 1184 1319 1262 possimus
1352 1205 1475 1265 quam⁴

156 1298 293 1339 curare
321 1289 359 1339 ut
388 1279 497 1339 etiam
525 1279 584 1339 illi
609 1281 669 1357 qui
697 1280 824 1342 absint
850 1281 1015 1342 habeant
1042 1300 1113 1359 quo
1141 1283 1307 1345 victores
1330 1297 1457 1348 rever·

115 1383 316 1440 rotantur'.
1027 1380 1034 1393 ⁸

503 1560 506 1566 ·
560 1532 608 1591 DE
632 1533 836 1595 SPECOEBVS
858 1533 1062 1595 VERBORVM

245 1649 365 1728 Species
387 1649 541 1710 rmlrorum
566 1651 725 1724 euntium,
748 1651 866 1711 relativa
888 1649 1054 1731 usurpativa
1077 1650 1256 1713 adfirmative
1277 1657 1456 1717 concessira.

604 1858 607 1863 ·
653 1837 689 1876 llll
711 1836 845 1876 liutmun
867 1836 963 1876 Sl’EsslE

246 1934 371 1994 llelatiia
394 1934 508 2012 species
527 1933 607 1993 verbi
630 1933 705 1993 dicta
724 1934 837 1994 videtur
858 1953 923 1993 cum
953 1934 989 1993 ad
1017 1952 1084 1994 eum
1111 1953 1278 1996 sermonem
1305 1939 1457 2016 sequentia

117 2062 143 2099 rs
157 2038 327 2095 referuntur
350 2052 409 2111 quo
438 2035 584 2114 dependet
610 2053 747 2112 sequens.
792 2035 868 2095 hanc
898 2036 1027 2114 speciem
1054 2035 1083 2094 in
1113 2036 1325 2096 consuetudine
1352 2056 1456 2116 parum

157 2135 241 2195 mulli
263 2134 421 2195 observant
448 2136 582 2215 inperitia
609 2135 699 2214 lapsi,
727 2154 794 2195 cum
816 2136 916 2197 dicunt
939 2135 1039 2196 nescio
1060 2134 1129 2213 quid
1149 2135 1236 2209 facis,
1264 2138 1365 2198 nescio
1387 2139 1457 2215 quid

157 2236 262 2296 fecisti.
300 2235 441 2295 eruditius
465 2235 542 2295 enim
564 2235 677 2295 dicetur
698 2236 799 2297 nescio
821 2236 890 2315 quid
911 2236 1017 2310 facias,
1039 2235 1141 2296 nescio
1162 2236 1231 2314 quid
1250 2238 1365 2299 feceris.
1399 2258 1456 2317 quo

157 2355 241 2396 more
265 2344 295 2395 et
314 2336 416 2396 Cicero
438 2336 568 2413 loquitur
589 2355 644 2415 pro
670 2338 757 2398 Sexto
779 2337 902 2409 Roscio,
932 2336 1060 2397 ‘credo
1089 2320 1156 2415 ego
1184 2358 1263 2410 vos,
1293 2337 1456 2410 iudices,

158 2437 290 2497 mirari
318 2437 408 2515 quid
437 2438 487 2497 sit
515 2436 629 2514 quod,
659 2456 738 2498 cum
762 2445 819 2499 tot
849 2437 977 2499 summi
1006 2445 1177 2498 oratores
1209 2436 1457 2515 hominesque

117 2536 394 2612 muobilissimi
424 2537 594 2610 sedeant,
631 2555 697 2615 ego
724 2538 964 2617 potissimum
992 2537 1256 2613 surrexerim'3
1295 2557 1354 2598 non
1386 2538 1458 2598 dixit

156 2637 246 2696 credo
267 2657 318 2697 ros
339 2637 437 2696 mirari
457 2637 527 2713 quid
547 2637 585 2697 sit
606 2636 685 2714 quod
708 2638 834 2711 surrexi,
856 2637 936 2715 quod
959 2646 1003 2699 est
1025 2624 1198 2698 idiotismos.
1243 2639 1385 2716 liguratur
1405 2632 1457 2699 au-

156 2746 217 2797 tem
240 2737 303 2798 eius
327 2737 406 2798 modi
428 2756 526 2798 sermo
553 2738 609 2799 hoc
639 2746 724 2818 pacto
752 2739 860 2813 (refert
888 2737 966 2799 enim
987 2757 1047 2799 uon
1069 2738 1157 2797 modo
1179 2756 1340 2816 agnoscere
1362 2739 1456 2816 qualis

157 2838 197 2898 sit
217 2839 334 2917 species
353 2839 405 2917 sed
431 2838 570 2899 adnotare
592 2857 650 2916 quo
668 2838 757 2899 modo
779 2840 936 2914 struatur):
955 2838 1125 2918 praeposito
1147 2857 1283 2898 sermone
1305 2839 1456 2900 interiecta

156 2947 241 3017 parte
263 2939 420 3013 orationis,
454 2940 522 3017 quid
542 2957 632 3018 quare
654 2958 706 2999 our
729 2947 756 2999 et
786 2939 945 3014 similibus,
976 2937 1158 3000 subiunctira
1181 2939 1314 3015 sequitur
1332 2939 1457 3018 species,

116 3058 143 3095 ‘n
159 3045 191 3097 ut
209 3037 287 3116 apud
310 3039 466 3116 Vergilium
560 3112 566 3123 ς

325 3139 536 3215 infandum,
559 3141 709 3220 regina,
729 3141 836 3201 iubes
857 3160 1038 3201 renovare
1060 3140 1238 3200 dolorem.

157 3239 286 3299 refertur
315 3242 487 3302 eruerint
511 3243 547 3302 ad
573 3241 601 3301 id
629 3240 708 3318 quod
735 3226 780 3300 esi
809 3241 916 3301 iubes
948 3258 1141 3301 renovare.
1192 3240 1296 3299 eodem
1318 3246 1405 3316 pacto
1428 3246 1457 3296 et

157 3350 256 3399 cetera
279 3341 392 3400 similia.

635 3443 672 3483 ns
694 3442 858 3483 rsmmrrvn
880 3440 977 3483 sorem

118 3570 143 3609 ῃ
244 3543 416 3621 Vsurpativa
439 3542 554 3621 specics
576 3551 621 3602 est
643 3541 729 3602 liuius
751 3539 845 3612 modi,
875 3557 941 3598 cum
956 3534 970 3621 ΙΙ
985 3538 1110 3599 dicimus
1129 3537 1253 3616 legendo
1273 3538 1404 3616 proficit,
1428 3539 1455 3597 id

230 3717 242 3765 1
268 3718 343 3766 modo
368 3719 536 3769 subiunctiuis
555 3719 630 3768 modo
648 3718 754 3767 fluitiuis
772 3717 886 3783 iungitur
905 3715 989 3765 ABM
1010 3715 1087 3765 modo
1111 3715 1216 3766 fluitiuis
1240 3714 1355 3779 iungitur
1379 3713 1454 3762 modo

156 3787 327 3836 subiunctiuis
346 3804 364 3850 p
433 3797 520 3836 contro
537 3815 571 3823 -
590 3788 605 3835 2
621 3789 733 3836 iunctum
750 3803 833 3851 om.p
910 3800 938 3834 ac
958 3785 1091 3835 Charisius
1105 3785 1138 3833 ad
1156 3785 1238 3834 ΑΒΜ
1317 3784 1454 3832 2ueuires

156 3855 197 3903 uel
219 3856 336 3904 uenisses
351 3872 371 3919 p
447 3855 464 3905 3
482 3856 550 3921 apud
568 3855 719 3921 Vergilium]
739 3856 803 3906 Aen.
822 3854 919 3905 111127
997 3855 1015 3904 5
1033 3855 1059 3903 ni
1076 3863 1101 3902 et
1117 3854 1166 3902 uisi
1180 3871 1200 3918 p
1216 3862 1241 3901 et
1259 3852 1284 3899 ni
1303 3852 1352 3901 uisi
1370 3849 1457 3899 ΑΒΜ

228 3924 316 3986 recipit
335 3924 401 3987 ABp
420 3925 513 3988 recepit
532 3923 566 3973 Μ
650 3925 728 3973 ueluti
747 3923 886 3972 defecisses
903 3931 927 3971 et
941 3924 990 3971 nisi
1009 3921 1115 3972 fecisses
1128 3938 1149 3984 p
1163 3921 1242 3970 ueluti
1260 3920 1286 3966 ni
1305 3919 1411 3968 fecisses
1429 3927 1453 3965 et

156 3995 183 4041 ni
202 3990 305 4040 fecisset
323 3992 374 4041 AB
392 3991 511 4040 ueletioni
530 3992 638 4041 fecisses
656 4001 681 4042 et
699 3994 724 4041 ni
742 3992 848 4042 fecisses
866 3990 954 4052 (corr.
974 3987 1096 4050 fecisset)
1115 3989 1148 4037 Μ
1232 3987 1250 4038 6
1272 3986 1341 4052 apud
1359 3988 1453 4034 cicero-

157 4075 215 4108 nem
233 4060 319 4108 ΑΒΜ
333 4070 357 4109 et
372 4060 440 4125 apud
459 4061 628 4125 uergiliump
704 4060 806 4126 fspud
825 4055 944 4121 eundem]
962 4061 988 4107 in
1007 4058 1079 4107 cnut.
1096 4059 1144 4107 llll
1164 4055 1205 4116 10,
1224 4055 1256 4105 21
1327 4055 1410 4104 maius
1429 4052 1454 4101 A

155 4140 179 4178 et
197 4129 283 4178 codex
300 4129 415 4192 Setoppii
431 4145 500 4193 scrop.
517 4133 573 4178 lect.
595 4129 650 4180 vo
673 4130 755 4180 malus
773 4127 832 4178 ΒΜ
851 4127 944 4175 malum
958 4142 979 4190 p
1003 4124 1094 4174 melius
1112 4126 1259 4175 Odarniue:
1285 4124 1368 4173 munis
1380 4130 1453 4186 pate-

156 4198 241 4246 fecere
260 4197 334 4246 uobis
353 4210 370 4252 ς
439 4195 524 4260 flquo
541 4196 617 4261 BMp
634 4199 678 4261 qui
693 4199 719 4247 A
800 4196 831 4247 ll
850 4210 882 4243 os
900 4209 1036 4244 specimus
1051 4219 1085 4227 -
1104 4193 1136 4243 12
1152 4192 1309 4255 concessiva,
1328 4190 1455 4257 quaedoc

152 4271 211 4316 loco
229 4267 322 4314 omissa
338 4268 365 4314 in
383 4265 455 4315 libris
467 4275 528 4328 post
546 4265 580 4314 28
598 4265 693 4314 similia
706 4269 839 4317 conlocata
855 4272 928 4322 storf,
952 4263 1001 4312 dne
1014 4265 1162 4326 trmposrd
1249 4260 1281 4311 13
1298 4272 1389 4310 senet!
1406 4273 1453 4308 om.

154 4332 257 4395 ABMp
329 4333 361 4382 14
378 4332 445 4381 dicte
464 4333 564 4382 uidetur
580 4332 667 4383 ΑΒΜ
680 4334 800 4398 diciturp
876 4331 908 4381 15
925 4329 1109 4380 consuetudine
1116 4347 1136 4395 p
1152 4329 1361 4385 consuetudinem
1370 4324 1457 4375 ΑΒΜ

227 4401 260 4450 17
279 4401 438 4464 eruditiusp
464 4401 579 4450 eruditus
596 4401 681 4451 ΑΒΜ
764 4401 861 4450 dicetur
877 4399 938 4449 ΒΜ
960 4399 1050 4466 dicitm
1067 4399 1093 4447 A
1118 4398 1265 4461 dicerentp
1352 4392 1384 4443 18
1406 4407 1453 4458 pro

155 4469 235 4518 Sexto
253 4466 355 4533 Roscio]
376 4468 388 4516 1
461 4469 493 4520 m
512 4477 536 4517 et
554 4469 616 4530 quid
634 4470 667 4518 sit
684 4468 710 4517 B
779 4468 972 4518 menedemos
991 4467 1025 4517 Μ
1040 4466 1190 4530 idiotismus
1205 4463 1230 4512 A
1248 4463 1413 4513 idiotissimos
1429 4461 1455 4509 B

154 4539 272 4587 iotismos
288 4553 308 4600 p
374 4535 408 4586 23
426 4537 581 4601 praepositio
594 4536 639 4601 Ap
656 4537 796 4601 propositio
811 4536 872 4585 ΒΜ
945 4536 1075 4584 interiecta
1092 4543 1164 4599 parte
1179 4533 1305 4583 Busckius
1323 4530 1454 4579 interiecto

154 4605 262 4667 (iniecto
277 4607 308 4667 p)
326 4607 421 4668 pariter
435 4605 536 4668 ABMp
605 4606 639 4654 24
656 4602 713 4668 eur]
731 4604 817 4666 qurB
885 4602 1040 4661 similibus·
1058 4602 1152 4652 similis
1164 4599 1264 4664 ABMp
1332 4598 1368 4649 25
1385 4597 1454 4663 opud

154 4667 311 4737 Vergilium]
328 4673 393 4740 Aen.
414 4674 436 4722 ll
454 4672 470 4722 3
562 4669 597 4720 28
614 4671 707 4720 similia
725 4671 755 4721 ll
776 4684 809 4721 os
827 4683 963 4765 narcissos
979 4695 1015 4706 -
1033 4670 1064 4720 12
1082 4669 1232 4719 cononum
1249 4682 1282 4717 ns
1301 4679 1455 4717 esperimus

155 4754 245 4789 socors
258 4738 360 4803 ΑΒΜρ
1080 4785 1083 4790 ,

277 4839 281 4842 ·
1177 4814 1248 4878 re·
