3114 5356
134 354 216 398 111111
683 326 890 389 PRAEFATIO

137 525 268 581 secutus
291 522 342 579 est
363 512 498 577 11111111
518 531 617 598 opera
636 512 672 575 in
686 508 849 575 Diomede
872 509 998 575 edendo
1017 530 1097 573 usus
1118 517 1169 573 est
1186 506 1343 573 Nicolaus
1360 507 1415 574 len

138 641 214 696 son,
237 617 294 704 qui
316 615 440 703 primus
462 611 549 675 hune
570 613 820 697 grammaticum
841 633 907 675 una
929 634 1003 677 cum
1023 609 1134 676 Phoca
1151 609 1260 698 Capro
1274 613 1412 697 Agrocti

137 719 268 784 Donato
291 715 405 781 Servio
426 714 540 799 Sergio
558 713 662 778 edidit
684 713 851 794 Venetiis,
874 722 911 776 ut
932 722 1063 800 putant,
1085 713 1173 775 circa
1194 734 1316 776 annum
1341 716 1413 776 1471

29 802 32 809 ’
127 813 214 880 ¹nom
237 817 272 906 in
288 817 361 903 ipsa
381 815 526 880 editione
548 836 652 901 neque
674 814 765 879 locus
787 836 893 903 neque
917 836 1022 880 annus
1044 837 1109 904 quo
1131 814 1220 878 facta
1241 822 1329 878 esset
1350 813 1413 878 ind?

138 926 231 983 catus
253 927 312 982 est.

223 1018 376 1106 Denique
407 1039 473 1082 non
499 1016 632 1080 diversa
663 1014 705 1080 ab
735 1015 787 1081 bis
812 1018 963 1083 omnibus
996 1014 1090 1080 libris
1116 1017 1241 1103 origine
1269 1024 1347 1079 sunt
1377 1036 1410 1079 11

138 1129 249 1206 cerpta
282 1117 443 1206 quaedam
469 1137 554 1204 quae
581 1117 616 1181 in
646 1116 858 1202 conpluribus
880 1126 995 1182 extant
1016 1117 1194 1183 codicibus.
1239 1139 1282 1181 ex
1303 1117 1356 1181 his
1378 1138 1410 1179 ar

137 1221 342 1308 tiquissimus
365 1230 415 1283 est
436 1217 607 1282 Parisinus
629 1221 713 1282 7530
736 1226 852 1283 octavo
876 1218 1006 1283 saeculo
1028 1221 1185 1306 scriptus,
1206 1221 1242 1283 in
1264 1240 1329 1306 quo
1346 1217 1409 1302 frag

138 1330 247 1386 menta
261 1320 434 1385 Diomedis
455 1341 530 1384 cum
552 1320 717 1403 excerptis
732 1316 876 1385 Charisii
895 1321 1007 1385 iuncta
1022 1342 1095 1385 esse
1114 1341 1214 1407 supra
1234 1319 1359 1384 dictum
1373 1339 1408 1381 11

139 1411 258 1488 deinde
281 1421 504 1507 Sangallensis
530 1419 635 1484 codex
655 1420 717 1482 876
747 1420 877 1487 saeculo
905 1442 991 1486 nono
1019 1421 1161 1510 scriptus
1191 1442 1263 1485 cum
1292 1420 1407 1486 aliorur

140 1525 333 1612 scriptorum
355 1522 395 1586 de
411 1521 527 1587 metris
546 1527 580 1583 et
602 1518 753 1583 versibus
776 1519 897 1585 libellis
918 1523 1093 1586 maximam
1110 1531 1235 1611 partem
1253 1521 1329 1585 libri
1344 1530 1406 1586 1111

138 1624 310 1693 Diomedis
335 1621 412 1687 inde
438 1621 480 1687 ab
513 1620 564 1685 his
593 1641 677 1707 quae
711 1621 751 1685 de
778 1624 983 1687 extremitate
1014 1625 1181 1688 nominum
1207 1622 1330 1709 scripta
1357 1645 1405 1686 111

139 1852 212 1894 cum
243 1822 504 1909 Sangallensium
538 1820 668 1885 saeculo
696 1844 782 1885 nono
815 1823 919 1906 facto,
952 1825 1009 1911 qui
1039 1827 1074 1888 in
1091 1825 1235 1910 ·Serapei
1267 1823 1403 1889 volumir

139 1930 281 1996 secundo
309 1925 417 1991 editus
446 1933 510 2006 111,
537 1922 704 1998 indicatur
726 1945 758 2008 p·
781 1926 838 2005 21,
866 1926 901 1988 in
930 1946 994 2012 quo
1018 1935 1148 2011 praeter
1168 1924 1250 1990 alios
1271 1924 1402 2012 quosda‘

137 2033 255 2112 libros,
284 2029 341 2115 qui
369 2047 433 2091 non
462 2024 617 2109 leguntur
638 2023 672 2086 111
691 2023 769 2105 1111,
800 2024 1003 2098 ‘Diomedia
1018 2027 1059 2090 dc
1082 2034 1202 2092 metro’
1224 2026 1307 2091 liber
1329 2028 1400 2090 fuist

139 2134 267 2199 dieitur.
311 2130 388 2193 item
411 2127 446 2190 in
467 2123 532 2188 alio
555 2124 761 2209 sangallensi
783 2128 845 2191 822
868 2127 999 2192 sacculo
1028 2129 1153 2193 decimo
1181 2129 1303 2215 scripto
1334 2150 1400 2215 qua

138 2237 214 2300 (11111
238 2254 280 2297 cx
301 2231 405 2317 primo
428 2225 512 2290 libro
527 2224 697 2289 Diomedis
720 2225 761 2289 de
779 2229 910 2291 nominc
925 2238 958 2293 et
973 2231 1164 2316 pronomine
1178 2228 1342 2315 descripta
1357 2251 1398 2294 su·

138 2336 252 2401 addita
271 2323 500 2416 inscriptione,
522 2336 696 2406 excerptam
716 2332 755 2390 de
775 2333 850 2393 libro
871 2335 1030 2395 Dtonaedts.
1072 2341 1141 2395 tum
1158 2330 1305 2395 Venetus
1326 2330 1397 2395 cod«

136 2435 353 2504 bibliothecae
369 2430 557 2495 Marcianae
571 2431 633 2492 497
653 2428 784 2495 1111111
806 2429 999 2497 duodecimo
1015 2434 1155 2520 scriptus
1175 2441 1249 2518 post
1265 2430 1396 2495 Donatu

138 2550 171 2604 et
193 2539 274 2603 alios
296 2531 456 2623 quosdam
478 2530 669 2594 recentioris
696 2533 814 2595 aetatis
835 2535 1065 2618 grammaticos
1094 2557 1133 2598 ea
1160 2555 1245 2621 quae
1267 2535 1301 2597 in
1327 2535 1395 2618 prin

137 2641 221 2706 libro
244 2632 414 2701 Diomedis
437 2631 477 2694 de
499 2650 661 2694 consensu
681 2631 854 2697 verborum
876 2655 949 2698 cum
967 2636 1098 2702 casibus
1121 2636 1243 2722 scripta
1264 2636 1394 2697 1111131

138 2742 279 2820 3-320,
306 2739 325 2800 8
355 2732 510 2796 continet.
554 2734 762 2815 praeterea
752 2756 787 2795 rn
814 2733 1033 2801 Ambrosiano
1062 2735 1175 2801 codice
1195 2734 1226 2798 N
1246 2734 1307 2798 338
1340 2731 1393 2796 1111

136 2851 228 2905 taceo
251 2832 381 2899 saeculo
411 2833 524 2919 quinto
553 2830 679 2894 decimo
709 2834 830 2921 scripto
857 2844 932 2921 post
954 2837 1062 2901 Servii
1093 2836 1134 2900 de
1159 2844 1289 2900 centum
1317 2843 1392 2898 metr

137 2937 284 3005 libellum
304 2935 420 2998 tertius
443 2933 526 2996 liber
544 2930 718 2997 Diomedis
741 2934 871 3021 legitur.
916 2947 1081 3023 postremo
1096 2938 1130 2999 in
1146 2938 1257 3002 codice
1274 2934 1389 3025 Neapo

135 3052 212 3104 tano
230 3035 450 3101 bibliothocae
461 3033 665 3100 Borbonicae
678 3033 756 3100 IVA
773 3039 814 3101 34
830 3038 960 3103 saeculo
974 3038 1146 3104 undecimo
1166 3038 1230 3102 vel
1236 3037 1390 3102 duodecin

136 3141 273 3226 scripto,
308 3157 401 3223 quem
441 3137 511 3222 ipse
540 3156 605 3199 non
630 3136 717 3218 vidi,
746 3160 819 3201 cum
846 3137 920 3202 aliis
949 3140 1120 3228 permultis
1146 3140 1389 3226 grammaticort

135 3241 228 3305 libris
251 3237 440 3302 ‘Diomedis
466 3247 592 3324 partem
619 3237 660 3304 de
681 3238 800 3304 verbo'
819 3248 931 3304 extare
959 3243 1085 3306 indicat
1110 3239 1267 3305 Iancllius
1289 3239 1388 3304 catal(

134 3341 216 3406 bibl.
232 3340 307 3405 Lat.
328 3361 410 3403 mus.
431 3339 574 3404 Borbon.
596 3360 628 3425 p.
645 3341 695 3402 27.
716 3338 783 3402 alia
802 3340 964 3427 quaedam
985 3352 1141 3430 excerpta
1163 3342 1293 3407 saeculo
1317 3343 1387 3428 quir

135 3445 260 3509 decimo
283 3441 335 3508 vel
365 3450 458 3507 sexto
482 3441 606 3505 decimo
636 3441 670 3503 in
693 3439 790 3503 Italia
820 3442 907 3509 facta
936 3447 1042 3511 sciens
1065 3447 1188 3511 omitto.
1234 3440 1386 3529 quibus<

134 3544 238 3632 ceptis
260 3543 402 3632 reliquos
424 3542 594 3609 Diomedis
613 3541 759 3625 codices,
778 3543 813 3607 ni
832 3545 945 3632 fallor,
967 3571 1080 3614 omnes
1101 3545 1301 3612 enumeravi.

219 3647 339 3710 Verum
361 3655 398 3710 ut
422 3644 554 3711 redeam
585 3643 663 3708 illuc
684 3644 772 3708 unde
796 3648 962 3732 profectus
991 3672 1078 3733 sum,
1104 3658 1172 3712 tres
1195 3645 1326 3710 codices
1349 3666 1384 3732 qr

135 3748 238 3832 primo
259 3746 331 3811 loco
351 3747 447 3839 posui
464 3747 586 3835 optime
609 3749 738 3835 priscae
760 3747 910 3815 lectionis
935 3752 1093 3836 vestigia,
1116 3760 1153 3815 ut
1169 3749 1256 3829 dixi,
1279 3745 1359 3810 mihi

110 3892 114 3897 .
137 3848 188 3911 (11(
191 3846 292 3912 abant
318 3850 453 3937 eiusque
479 3857 546 3914 tam
568 3855 690 3912 certam
715 3849 927 3936 praestabant
954 3851 1113 3918 fidemt
1077 3861 1113 3914 ut
1134 3849 1269 3936 reliquis
1292 3869 1381 3934 quon

135 3959 209 4035 post
237 3947 311 4014 illos
337 3952 537 4014 mentionem
559 3948 624 4014 feci
651 3949 750 4013 111111
775 3973 827 4014 me
855 3974 968 4018 carere
996 3974 1092 4041 posse
1117 3952 1273 4017 viderem.
1319 3949 1380 4032 itae

135 4051 200 4115 11111
225 4035 354 4137 operam
382 4075 487 4117 meam
509 4051 670 4117 contineri
694 4049 794 4115 volui.
838 4048 1007 4142 adsumpsi
1034 4064 1144 4119 tamen
1164 4059 1319 4138 excerpta
1343 4072 1379 4114 eo

135 4152 182 4215 111
205 4150 348 4216 Parisini
369 4151 588 4240 antiquissimi
610 4160 644 4215 11
665 4173 703 4215 ca
728 4173 812 4238 quac
838 4176 881 4219 ox
902 4155 1059 4221 Fuldensi
1088 4153 1201 4219 codice
1223 4151 1299 4217 olim
1319 4149 1378 4214 Sci

135 4255 210 4340 pius
232 4253 420 4340 exscripsit,
442 4275 640 4340 quamquam
660 4276 702 4317 ne
718 4253 770 4317 his
785 4254 916 4339 quidem
936 4256 1059 4321 indicia
1081 4258 1179 4320 trium
1200 4252 1357 4318 librorum

135 4354 320 4419 confirmari
341 4355 474 4440 egregie
496 4354 549 4417 vel
571 4355 690 4439 corrigi
716 4355 793 4419 scio.
839 4355 896 4420 sed
928 4357 963 4420 in
983 4357 1144 4422 Parisinis
1165 4355 1330 4442 excerptis
1357 4355 1376 4441 i]

135 4479 187 4539 mc
208 4458 387 4545 antiquitas
409 4455 488 4521 libri
515 4456 633 4538 movit,
663 4456 824 4543 siquidem
849 4480 914 4523 non
936 4458 1051 4523 inutile
1077 4457 1253 4522 videbatur
1279 4477 1375 4520 exem

136 4552 252 4623 doc-cre
289 4558 331 4623 ad
366 4580 464 4647 quam
499 4565 638 4622 aetatem
673 4559 823 4644 persequi
862 4560 972 4647 stirpis
1005 4559 1269 4623 communitatem
1304 4556 1374 4622 lice]

135 4656 280 4747 Scioppii
301 4657 410 4725 autem
427 4658 606 4746 scripturas
629 4680 695 4722 non
711 4657 815 4723 solum
833 4670 965 4748 propter
981 4660 1158 4725 bonitatem
1176 4659 1314 4740 codicis,
1336 4681 1373 4724 cu

135 4758 278 4843 aliquam
305 4763 492 4826 memoriam
515 4769 628 4826 extare
650 4782 709 4849 par
735 4769 820 4842 erat,
854 4762 978 4848 recepi,
1004 4760 1060 4825 sed
1084 4781 1123 4824 ca
1146 4759 1187 4848 de
1209 4782 1309 4824 causa
1331 4763 1373 4826 eti

134 4861 283 4959 omittere
305 4861 410 4945 nolui,
432 4863 511 4950 quia
529 4862 581 4927 his
604 4863 734 4949 saepius
756 4885 832 4927 usos
854 4885 926 4927 esse
948 4864 1038 4928 viros
1060 4861 1173 4926 doctos
1194 4862 1366 4948 videbam,
