3114 5356
137 253 198 315 3114
695 246 880 311 uluttttms

141 365 482 519 vmidiihi¹yiiuralem.
527 434 706 509 masculina,
726 404 770 496 Ιιιι
792 433 830 496 ab
854 434 911 495 hoc
935 434 1033 495 Aenea
1059 434 1096 494 ab
1122 434 1181 495 hoc
1208 445 1297 514 poeta
1323 437 1362 498 ab
1387 438 1437 499 hoe.

139 527 300 617 Aniichisa,
324 541 353 601 hi
367 542 482 598 Aeneae
499 536 529 595 hi
548 543 654 617 poetae
671 537 701 597 hi
715 536 860 598 Anchisae
877 545 907 596 et
927 558 944 596 o
961 528 1077 596 Aeneae
1095 555 1113 594 u
1131 544 1236 614 poetae
1255 537 1436 599 oAnchisac

140 642 193 704 sed
217 641 303 703 huius
323 637 449 701 nominis
471 637 614 728 ablativus
636 638 744 718 duplex
764 649 817 700 est
862 637 985 699 dicimus
1015 635 1094 696 enim
1122 644 1152 695 et
1179 635 1216 696 ab
1237 638 1298 700 hoc
1316 639 1436 701 Anchisa

141 753 170 804 et
191 743 229 804 ab
250 741 308 803 hoc
327 740 464 802 Anchise.
509 739 584 800 etsi
607 739 724 818 quidem
746 739 803 801 erit
822 738 1017 801 nominativus
1039 736 1088 797 hic
1110 737 1252 812 Anchisa,
1279 739 1438 802 declinatae

141 853 174 905 ut
195 844 242 905 hic
264 850 359 923 poeta
404 841 430 903 si
458 859 526 901 vero
549 840 599 901 hic
624 839 768 902 Anchises
796 841 1006 903 nominativum
1030 839 1136 912 habet,
1168 839 1254 901 aliter
1278 839 1456 904 declinaturi

141 963 230 1023 quam
252 945 310 1006 duo
332 945 449 1005 nomina
472 962 561 1023 supra
590 942 709 1023 scripta.
753 942 801 1004 illa
829 928 980 1003 enim'aut
999 942 1029 1003 in
1050 960 1084 1002 as
1107 941 1247 1003 autina
1268 942 1437 1015 efferrentur,

141 1046 220 1108 velut
240 1045 288 1106 hic
306 1046 420 1107 Aeneas
441 1043 489 1104 hic
511 1051 615 1123 poeta,
642 1043 700 1103 hoc
722 1052 820 1105 autem
846 1043 876 1105 in
899 1062 932 1104 es
960 1042 1138 1105 nominativo
1161 1060 1234 1104 casu
1257 1043 1436 1119 terminatis,

139 1148 218 1209 velut
239 1147 287 1207 hic
307 1145 460 1207 Anchises.
505 1145 541 1205 ad
564 1146 621 1206 hoc
639 1144 665 1205 si
686 1145 730 1205 sic
751 1144 929 1217 declinatur,
955 1143 1004 1204 hic¹
1025 1143 1184 1216 Anchises,
1209 1143 1338 1206 inmutat
1357 1153 1437 1224 quat·

141 1256 208 1309 tuor
222 1266 309 1308 casus
323 1247 502 1325 singulares,
526 1245 653 1306 dativum
678 1246 874 1308 accusativum
893 1246 1055 1306 vocativum
1077 1244 1248 1319 ablativum,
1271 1245 1352 1307 velut
1372 1245 1436 1307 hnic

140 1347 267 1410 Anchise
281 1347 361 1408 hunc
375 1347 522 1408 Anchisen
544 1345 702 1407 oAnchise
720 1346 757 1407 ab
775 1347 833 1408 hoc
851 1347 994 1421 Anchise,
1016 1366 1083 1408 cum
1103 1344 1292 1408 nominativo.
1327 1349 1464 1410 Aenesi

140 1456 170 1508 et
192 1456 280 1526 poeta
302 1447 346 1508 sic
366 1447 567 1520 declinantur,
592 1447 671 1509 velut
689 1447 758 1508 huic
771 1448 886 1509 Aeneae
902 1448 970 1509 huic
984 1455 1104 1528 poetae,
1126 1448 1205 1508 hunc
1218 1448 1349 1510 Aeneam
1362 1449 1436 1510 bunc

140 1555 274 1628 poetam,
302 1566 320 1607 o
340 1548 437 1607 Aenea
458 1567 477 1606 o
498 1556 601 1626 poeta,
625 1547 662 1608 ah
681 1549 739 1609 hoc
759 1551 856 1610 Aenea
875 1548 912 1610 ab
932 1550 990 1610 hoe
1012 1558 1116 1629 poeta;
1143 1556 1176 1609 ut
1194 1548 1351 1610 videantur
1368 1550 1436 1610 baec

140 1647 259 1709 nomina
280 1646 406 1727 syllabas
428 1647 576 1726 depositas
596 1649 721 1723 habere,
745 1650 892 1711 indativo
915 1652 1033 1729 quidem
1055 1668 1106 1723 ae,
1135 1649 1166 1709 iu
1193 1651 1435 1724 accusativum,

139 1749 173 1810 ia
194 1749 323 1811 vocativo
344 1769 362 1810 a
384 1757 414 1809 et
431 1749 461 1810 in
482 1748 607 1811 ablativo
628 1751 763 1812 similiter
783 1771 815 1826 a,
848 1752 920 1814 illud
940 1761 1037 1813 autem
1059 1752 1089 1813 iu
1110 1751 1205 1812 dativo
1228 1770 1263 1825 e,
1296 1752 1328 1813 in
1354 1772 1436 1814 aeon·

141 1851 233 1912 sativo
253 1870 306 1924 en,
329 1851 360 1912 in
383 1852 512 1912 vocativo
535 1870 567 1927 e,
589 1852 621 1913 in
642 1852 767 1913 ablativo
792 1852 925 1912 similiter
942 1871 974 1926 e,
997 1861 1030 1914 ut
1043 1863 1155 1914 tantum
1170 1853 1258 1913 inodo
1272 1854 1436 1932 genetivum
1447 1878 1465 1916 rs

140 1953 317 2031 singularem
340 1972 428 2033 supra
451 1953 537 2014 dictis
558 1954 727 2015 nominihus
753 1953 877 2015 similem
901 1953 1016 2014 habeat
1059 1954 1129 2014 item
1158 1953 1314 2029 feminina,
1346 1966 1378 2016 ut
1403 1955 1435 2016 ab

141 2055 195 2114 hac
218 2053 300 2116 llusa
325 2055 381 2116 hae
406 2054 505 2115 Musae
530 2063 560 2115 et
581 2075 599 2115 o
623 2055 734 2116 blusae.
778 2063 890 2115 remota
919 2063 1054 2115 auteme
1083 2056 1178 2116 littera
1205 2065 1235 2116 et
1262 2057 1396 2135 apposita
1421 2076 1436 2117 s

139 2155 235 2217 littera
263 2156 374 2217 iaciunt
400 2156 429 2217 iu
457 2165 582 2234 utroque
605 2174 713 2233 genere
740 2157 937 2217 accusativum
962 2157 1120 2237 pluralem,
1150 2165 1181 2217 ut
1206 2156 1243 2217 ab
1266 2157 1324 2218 hec
1344 2160 1437 2218 Aenea

141 2258 195 2318 hos
210 2258 340 2332 Aeneas,
361 2258 494 2319 similiter
515 2258 552 2318 ab
575 2257 629 2317 hac
645 2256 728 2316 illusa
744 2255 798 2316 has
816 2256 923 2318 Musas.
968 2257 1038 2318 item
1061 2259 1085 2319 si
1104 2277 1255 2320 removeas
1277 2279 1292 2319 s
1315 2259 1437 2320 litteram

140 2367 170 2419 et
190 2359 333 2419 adieceris
352 2379 418 2421 rum
441 2359 596 2438 syllabam,
615 2357 837 2435 het'genetims
858 2357 997 2436 pluralis,
1019 2368 1053 2420 ut
1073 2359 1110 2420 ah
1132 2360 1189 2419 hoc
1212 2362 1312 2421 Aenea
1334 2362 1467 2422 borum»

139 2463 301 2522 Aenearum
328 2469 358 2521 et
386 2460 422 2521 ah
451 2460 507 2520 hac
534 2460 617 2520 hlusa
645 2459 750 2519 harum
776 2457 934 2521 illusarum.
980 2461 1094 2523 sublata
1121 2469 1218 2521 autem
1250 2462 1287 2522 dc
1314 2462 1442 2523 ablativo

138 2561 279 2639 singulari
301 2584 317 2624 a
340 2561 497 2622 novissima
519 2560 614 2636 littera
639 2568 669 2620 et
689 2560 824 2641 apposita
852 2562 877 2623 is
905 2562 1013 2641 syllaba
1038 2564 1089 2622 het
1111 2562 1224 2624 dativus
1246 2571 1277 2623 et
1297 2564 1438 2626 ablativus

139 2662 276 2741 pluralis,
300 2675 331 2724 ιιι
353 2663 389 2723 ah
408 2663 465 2722 hoc
486 2665 583 2721 Aenea
605 2662 651 2721 his
673 2670 703 2722 et
728 2661 765 2722 ab
794 2661 841 2722 his
861 2662 968 2723 Aeneis
996 2672 1026 2722 et
1046 2663 1082 2724 ah
1104 2664 1159 2724 hac
1179 2664 1262 2725 hlusa
1284 2665 1333 2726 his
1354 2675 1384 2726 et
1401 2665 1437 2726 ab

139 2763 185 2824 his
205 2763 305 2825 illusis.
350 2783 418 2824 nam
438 2763 548 2823 deabus
573 2759 635 2846 [et]
661 2762 776 2824 tiliabus
797 2754 957 2824 libertabus
979 2763 1113 2825 mulabus
1135 2773 1164 2824 ot
1188 2765 1330 2842 quidquid
1352 2767 1437 2827 hvvius

105 2854 114 2863 ⁵
138 2867 217 2926 modi
240 2877 286 2926 est
307 2864 492 2926 discernendi
515 2884 602 2925 sexus
623 2865 715 2943 gratia
738 2872 838 2924 contra
859 2862 1001 2924 rationem
1018 2875 1168 2944 receptum
1190 2875 1244 2925 est.
1279 2867 1436 2928 identidem
1448 2886 1469 2924 n

139 2966 176 3027 ab
197 2967 253 3026 hac
276 2967 415 3045 anaphora
439 2966 543 3026 harum
564 2966 747 3044 anrphorum.
887 2958 890 2967 ’

225 3064 452 3150 Quaecumllque
484 3068 601 3128 nomina
631 3067 754 3128 alilativo
783 3085 853 3127 casu
880 3065 1018 3143 singulari
1050 3068 1211 3129 masculino
1241 3078 1271 3130 et
1298 3071 1437 3133 feminino

139 3169 288 3229 dumtaxat
308 3188 416 3246 genere
437 3189 454 3230 c
474 3169 569 3231 littera
579 3170 734 3250 ‚producta
759 3168 900 3231 liniuntur
921 3168 1033 3229 adiecta
1056 3189 1070 3228 s
1089 3169 1184 3230 littera
1206 3172 1318 3234 iaciunt
1340 3174 1438 3235 simili·

140 3279 185 3330 ter
208 3270 352 3349 producta
377 3271 533 3332 novissima
566 3271 676 3350 syllaba
704 3270 914 3331 nominativum
948 3268 1008 3351 [et]
1043 3272 1241 3333 accusativum
1276 3275 1437 3335 vocativum

137 3371 298 3455 pluralem,
335 3381 367 3433 ut
392 3372 429 3432 ab
455 3373 511 3432 hoe
538 3382 566 3433 et
594 3373 631 3433 ab
659 3374 715 3433 hac
743 3373 790 3432 die
823 3371 852 3430 hi
883 3379 910 3430 et
939 3372 994 3432 hac
1023 3372 1085 3431 dies
1120 3372 1174 3431 ires
1198 3381 1227 3433 et
1247 3375 1300 3433 has
1323 3375 1387 3437 dies
1419 3395 1469 3437 oet

138 3473 210 3534 dies.
255 3484 365 3535 remota
387 3481 485 3535 autem
506 3495 521 3535 s
541 3473 637 3535 littera
660 3473 853 3553 appositaque
874 3493 939 3534 rum
963 3473 1071 3551 syllaba
1095 3476 1144 3534 het
1166 3475 1318 3551 genetivus
1342 3477 1438 3555 plura·

137 3575 189 3648 lis,
214 3584 245 3638 ut
267 3577 304 3636 ah
322 3577 379 3637 hoc
401 3584 431 3637 et
451 3575 487 3635 ab
518 3576 573 3636 hac
600 3575 647 3637 die
674 3576 779 3638 horum
802 3584 831 3635 et
850 3575 953 3635 harum
981 3575 1103 3636 dierum.
1149 3575 1174 3636 si
1198 3595 1350 3638 removeas
1373 3598 1438 3639 rum

138 3682 167 3736 et
189 3696 321 3757 apponas
343 3679 399 3738 hus
418 3676 573 3755 syllabam,
597 3676 686 3736 iacies
707 3676 835 3737 dativum
855 3683 884 3735 et
905 3676 1061 3737 ablativum
1083 3677 1240 3756 pluralem,
1270 3686 1303 3738 ιιι
1325 3679 1362 3739 ab
1383 3680 1439 3739 hoe

137 3786 167 3838 et
187 3779 224 3839 ab
253 3780 309 3839 hac
336 3779 382 3840 die
407 3777 453 3839 his
476 3785 506 3837 et
527 3778 563 3838 ab
586 3778 633 3837 his
654 3776 775 3851 diebus;
801 3778 871 3837 dum
894 3785 991 3838 tamen
1015 3779 1142 3838 sciamus
1166 3779 1306 3839 feminino
1332 3798 1438 3857 genere

136 3880 278 3959 pluralem
301 3898 457 3943 unctorum
479 3898 537 3939 non
559 3878 666 3938 debere
689 3879 762 3951 dici,
792 3880 821 3938 id
843 3888 889 3940 est
911 3881 964 3939 hae
983 3881 1063 3953 dies,
1094 3882 1224 3958 quamvis
1253 3881 1470 3958 singulariterss

205 4050 221 4097 11
240 4051 285 4098 sed
299 4076 325 4085 -
343 4049 372 4099 16
384 4049 490 4098 similem
502 4047 592 4096 habeut
607 4046 706 4097 Clanis.
713 4047 767 4111 p.8
787 4065 846 4098 eurr
860 4050 924 4099 libb.
936 4066 963 4112 p.
976 4052 1009 4098 81
1082 4050 1115 4115 et]
1131 4061 1156 4098 ιιι
1173 4051 1268 4109 ,11,οιιι.
1286 4052 1309 4099 A
1380 4052 1397 4100 tt
1411 4054 1436 4100 in

136 4136 164 4168 us
179 4119 218 4166 uel
232 4119 257 4167 in
271 4136 284 4166 a
298 4119 358 4168 ΑΜ
425 4119 440 4166 7
459 4117 619 4166 terminatum
632 4116 705 4164 aliter
717 4116 856 4165 declinatur
871 4134 945 4181 quum
957 4119 1008 4167 driu
1023 4135 1099 4184 supra
1114 4122 1205 4184 scriptu
1220 4129 1245 4167 ut
1261 4118 1301 4167 hie
1319 4121 1436 4170 anchises

136 4189 193 4239 ΑΜ
274 4188 367 4237 llhuio
382 4187 486 4237 aneliise
504 4187 537 4236 Μ
551 4185 609 4234 huic
627 4183 732 4249 unchisp
750 4185 775 4234 A
860 4186 893 4236 10
912 4204 926 4235 o
945 4188 1049 4237 anchise
1070 4188 1103 4237 Μ
1116 4204 1131 4236 o
1151 4188 1256 4252 anchise
1273 4189 1298 4237 A
1380 4205 1435 4238 cum

136 4258 290 4307 nominatius
311 4260 410 4306 :terreus
429 4266 453 4304 et
472 4265 546 4320 portu
565 4256 601 4304 sic
620 4255 786 4305 declinabitur
805 4269 821 4311 ς
840 4272 895 4304 cum
916 4258 1016 4305 nornine
1039 4285 1065 4292 --
1086 4259 1243 4306 declinentur·
1261 4275 1283 4305 m
1362 4258 1391 4307 12
1411 4269 1435 4306 ut

135 4327 159 4375 A
177 4336 201 4374 et
221 4327 251 4374 Μ
334 4328 365 4376 ll
384 4328 408 4375 iu
428 4334 487 4375 uerte
504 4324 620 4373 vvoeutivro
638 4341 684 4374 orvi.
705 4324 764 4372 ΑΜ
842 4326 865 4373 ivr
886 4327 970 4374 (lutino
989 4342 1002 4374 c
1019 4328 1050 4376 Μ
1069 4328 1093 4375 iu
1113 4328 1198 4375 vlutirvo
1218 4344 1247 4374 ue
1266 4329 1291 4375 A
1373 4328 1435 4378 lite

132 4404 190 4459 pust
207 4396 322 4445 similiter
339 4414 386 4447 ore.
406 4395 472 4451 ΑΜ.
491 4396 552 4444 aad.
571 4408 587 4449 ς
666 4393 696 4442 17
714 4393 831 4459 udpositu
851 4396 981 4446 Charisius
995 4414 1023 4460 p.
1044 4396 1090 4445 121
1111 4399 1196 4461 pusitu
1214 4397 1271 4444 ΑΜ
1349 4413 1377 4444 es
1396 4399 1430 4446 lit·

134 4478 186 4512 tcru
207 4464 230 4513 A
248 4480 260 4513 s
278 4471 340 4527 (orvi.
358 4464 454 4523 littera)
474 4464 506 4512 Μ
574 4463 607 4511 22
625 4463 667 4510 fiet
687 4463 817 4513 Charisius
836 4464 862 4512 ilt
880 4474 903 4513 et
922 4466 954 4514 Μ
971 4465 998 4514 11ι
1012 4466 1036 4514 Α
1105 4466 1138 4514 25
1158 4477 1285 4530 receptum
1305 4467 1435 4516 Charisius

133 4542 295 4598 praeceptum
314 4535 375 4584 ΑΜ
459 4535 493 4584 ‘itt
510 4534 541 4580 uh
560 4532 607 4580 huc
625 4531 714 4580 uulora
732 4531 821 4581 irarum
840 4533 986 4584 urrioruruvrr
1007 4535 1064 4584 ΑΜ
1086 4536 1117 4582 uh
1141 4534 1186 4583 hac
1212 4535 1336 4600 urrvphoru
1355 4535 1435 4583 biset

134 4602 164 4648 ah
190 4601 229 4650 his
251 4603 381 4668 urrrplrovis
400 4619 432 4660 5:
460 4605 495 4666 rs.
517 4602 615 4651 Chares
638 4618 666 4664 p.
687 4601 717 4650 tl
806 4602 838 4652 31
862 4603 904 4651 llut
929 4613 952 4652 et
977 4605 1112 4668 gurretiuus
1131 4605 1155 4652 A
1245 4605 1279 4653 :vt
1305 4618 1434 4653 remouens

134 4685 188 4718 rum
206 4673 304 4733 syllubu
330 4682 354 4721 et
378 4688 492 4738 appones
518 4673 564 4722 bus
585 4671 663 4719 iacies
690 4672 723 4720 Μ
792 4672 825 4722 34
843 4672 903 4720 dum
921 4683 1004 4721 lernen
1026 4673 1174 4725 -305.s
1198 4674 1318 4739 perniciei
1337 4675 1433 4723 Ciceris.

127 4755 156 4806 p.
181 4738 213 4791 18
