3114 5356
140 336 180 398 66
702 336 864 400 cuamstl

188 448 336 506 amun

139 531 169 586 ct
194 520 331 584 Horatius

304 624 523 704 Spartacum
550 625 659 704 siqua
686 625 813 706 potuit
842 641 1016 704 vagacem

305 725 438 788 fallere
460 734 569 789 testa.
860 795 866 807 ,

139 830 187 893 alii
208 837 306 891 autem
324 839 495 910 separantes
515 830 674 911 amphorae
694 831 813 910 quidem
825 837 931 892 ustam
952 829 1069 904 dicant,
1088 827 1243 896 tesardinis
1257 846 1327 891 vcro
1344 838 1434 905 testu,

139 933 192 995 sed
211 935 328 997 frastra.
372 951 440 994 nam
460 940 491 994 et
512 933 615 995 Graeci
629 930 643 1018 ΙΙ
656 925 801 1013 ὄστρακον
820 933 886 995 sine
906 930 1093 994 distinctione
1115 931 1216 993 beant
1234 939 1294 993 tam
1310 933 1460 1013 amphos

138 1053 189 1097 rae
210 1053 298 1114 qaam
314 1027 479 1098 osianna.
523 1037 642 1098 nomina
669 1044 766 1098 autem
787 1036 965 1104 nominativo
984 1055 1004 1097 u
1025 1034 1121 1096 littera
1146 1033 1301 1094 terminata
1319 1033 1351 1094 in
1373 1034 1435 1096 sin·

139 1134 292 1217 gillaritate
313 1157 367 1218 per
388 1157 490 1200 omnes
512 1157 598 1200 casus
623 1138 746 1200 eandem
770 1158 789 1200 a
811 1138 940 1200 litteram
961 1145 1079 1199 servant
1097 1135 1301 1208 novissimam,
1321 1134 1353 1195 in
1367 1135 1435 1216 pla·

137 1239 250 1302 ralitate
270 1248 384 1304 tantam
405 1240 603 1316 declinantur,
629 1240 707 1302 velut
728 1259 822 1321 genua
846 1259 973 1320 genuum
997 1239 1136 1319 genibus,
1157 1257 1267 1301 cornua
1290 1256 1433 1300 cornuam

139 1342 286 1404 cornibus.
324 1361 380 1407 nec
407 1352 505 1406 umen
524 1344 648 1405 dicimus
674 1361 779 1418 verua,
807 1362 874 1404 cum
903 1341 942 1405 sit
962 1340 1072 1415 simile,
1101 1340 1153 1402 sed
1175 1359 1242 1402 vera
1261 1349 1291 1403 et
1310 1360 1431 1404 remum

136 1445 263 1508 veribus.
1445 1454 1467 1497 ιι

221 1549 260 1608 As
278 1544 430 1609 terminata
451 1546 569 1610 noniina
590 1564 661 1627 casa
682 1545 859 1609 nominativo
888 1547 918 1608 in
940 1545 1074 1627 genetivo
1096 1552 1247 1608 crescente
1273 1543 1298 1605 is
1320 1543 1429 1625 syllaba

137 1649 292 1721 liniuntur,
313 1657 346 1709 ut
365 1647 520 1711 Maecenas
538 1647 729 1724 Maecenatis,
752 1650 899 1731 Asprenas
919 1650 1106 1729 Asprenatis;
1142 1647 1320 1709 nominativo
1342 1665 1428 1708 aora-

138 1752 227 1813 tirum
249 1749 371 1813 similem
392 1750 509 1825 habent,
531 1771 548 1812 o
569 1749 732 1825 Maecenas,
752 1771 770 1812 o
790 1753 961 1832 Asprenas·
990 1749 1090 1813 salsi
1112 1748 1170 1811 sint
1193 1749 1357 1830 peregrina,
1379 1768 1430 1827 ge·

137 1854 233 1916 nativo
255 1873 325 1914 casu
346 1853 377 1913 in
394 1869 429 1912 ac
450 1851 601 1927 deficient,
624 1861 655 1914 ut
674 1854 787 1915 Aeneas
806 1856 938 1930 Aeneae,
957 1853 1032 1934 Gyas
1055 1853 1148 1932 Gyae,
1170 1850 1299 1913 vocativo
1321 1852 1429 1913 amissa

138 1957 337 2038 sproduccnt
358 1973 391 2031 a,
421 1963 453 2015 at
1404 1985 1408 1992 ·
1443 1969 1465 2011 a

300 2076 370 2137 quo
392 2055 492 2136 iugis
511 2056 657 2120 Aeneal

137 2160 268 2243 quamvis
295 2169 409 2222 veteres
438 2159 486 2221 hic
513 2161 610 2220 Aenea
641 2158 767 2221 dixerint
794 2159 858 2221 sine
885 2179 915 2234 s,
944 2169 977 2221 at
997 2161 1087 2221 Varro
1114 2159 1144 2220 in
1173 2160 1233 2236 Age
1257 2158 1354 2219 modo.
1400 2160 1429 2220 in

136 2266 193 2326 hac
214 2262 312 2344 specie
333 2270 403 2324 sunt
424 2270 453 2323 et
477 2263 614 2341 Amyntas
634 2262 774 2342 Archytas
793 2261 939 2323 Menalcas
960 2261 1099 2341 Lycidas,
1124 2280 1249 2340 quorum
1268 2279 1361 2339 aeque
1379 2279 1430 2320 vo-

137 2367 248 2429 cativus
276 2386 290 2428 s
317 2365 426 2427 amissa
447 2383 464 2425 a
491 2362 636 2444 producit
681 2364 868 2427 inveniuntur
893 2374 990 2426 umen
1012 2364 1153 2444 quaedam
1178 2362 1331 2444 peregrina
1352 2381 1429 2440 qaae

136 2486 205 2532 cam
229 2469 410 2530 incremento
437 2464 563 2545 syllabae
590 2464 787 2541 declinantur,
813 2475 846 2529 ut
869 2467 993 2530 Calchas
1020 2467 1115 2530 Pallas
1141 2467 1222 2528 Atlas
1248 2466 1339 2545 gigas.
1386 2466 1456 2527 la-a

136 2570 217 2633 ciunt
243 2568 320 2630 enin
342 2567 508 2630 Calchantis
530 2564 668 2627 Pallantis
689 2564 825 2629 Atlantia
842 2568 986 2649 gigantis;
1015 2571 1147 2649 quamvis
1168 2569 1295 2647 antiqui,
1322 2578 1353 2630 ut
1375 2568 1430 2631 Pa·

135 2674 235 2736 cavius
257 2678 287 2730 et
306 2668 441 2743 Plautus,
464 2666 601 2728 Culcham
623 2667 736 2743 dicant,
756 2689 816 2733 non
838 2672 1034 2734 Calchantem.
1079 2672 1155 2734 solet
1171 2669 1270 2733 venire
1291 2671 1321 2731 ia
1340 2687 1431 2748 quae·

136 2776 276 2846 ctionem,
312 2788 402 2849 quare
431 2769 544 2830 Aeneas
574 2770 704 2844 Aeneae,
744 2770 896 2833 Maecenas
925 2773 1114 2850 Maecenatis,
1149 2774 1246 2834 Thoas
1277 2772 1428 2834 Thoantis.

135 2877 231 2938 omnia
255 2873 372 2936 nomina
400 2888 475 2950 quae
493 2889 526 2931 as
549 2869 743 2934 terminantur
763 2873 888 2952 syllaba,
912 2874 1074 2953 siquidem
1097 2875 1201 2937 Latina
1222 2883 1291 2936 sant
1313 2893 1430 2936 mascu-

133 2979 209 3054 lina,
228 2977 305 3039 tertii
328 2970 437 3036 ordinis
461 2980 559 3055 erunt,
579 2972 659 3035 velat
678 2973 726 3034 bic
750 2975 886 3037 Sullanas
909 2977 1082 3052 subeuntis,
1107 2978 1156 3038 hic
1173 2976 1327 3037 Maecenas
1349 2976 1448 3038 Mae-a

134 3079 254 3142 canatis.
304 3076 372 3138 item
397 3075 551 3151 feminina,
582 3077 655 3139 haec
683 3075 782 3139 civitas
815 3078 954 3155 civitatis,
989 3080 1117 3160 exceptis
1142 3079 1189 3141 his
1218 3078 1429 3159 monosyllabis

134 3183 245 3257 tribus,
273 3199 349 3260 qaae
373 3178 491 3259 quidem
520 3177 598 3241 tertii
625 3180 736 3243 ordinis
756 3187 844 3258 aaut,
875 3182 928 3243 sed
950 3181 1113 3260 genetivum
1140 3181 1286 3245 diversam
1307 3184 1427 3245 lacirmt.

135 3304 204 3347 nam
227 3303 294 3346 cum
313 3283 409 3344 omnia
426 3280 530 3343 Latina
551 3299 605 3362 per
626 3282 663 3343 tis
679 3284 851 3357 ellcrantur,
871 3283 944 3343 haec
961 3283 1024 3345 sola
1045 3283 1167 3345 abversis
1193 3283 1334 3362 genetiuis
1358 3287 1430 3346 elle-

134 3396 247 3450 rrmtar.
298 3405 364 3448 nam
393 3404 456 3448 mas
482 3385 586 3460 maris,
615 3404 649 3448 as
675 3384 766 3459 assis,
794 3405 845 3446 vas
872 3384 952 3446 vadis
981 3385 1099 3446 iaciunt.
1143 3385 1168 3447 si
1192 3395 1290 3448 autem
1318 3387 1428 3448 tuerint

136 3490 261 3564 Graeca,
289 3488 376 3550 modo
404 3497 436 3549 ut
463 3486 549 3568 primi
577 3488 688 3550 ordinis
715 3487 953 3562 declinabantur,
980 3486 1067 3547 modo
1093 3495 1125 3547 at
1150 3488 1237 3548 tertii.
1282 3488 1334 3549 sed
1364 3497 1427 3549 tum

134 3589 220 3672 primi
252 3591 376 3665 ordinis,
406 3606 472 3651 cum
501 3591 663 3668 genetivum
693 3590 836 3653 Graecum
867 3587 1022 3650 habuerint
1049 3607 1102 3669 per
1130 3610 1166 3648 ου
1190 3597 1241 3651 aut
1268 3609 1322 3670 per
1346 3613 1382 3667 α,
1411 3581 1429 3651 ὁ

135 3691 255 3765 Αίνείος
269 3693 322 3751 τοῦ
336 3690 456 3751 Αἰνείου
471 3690 558 3753 huius
572 3693 695 3768 Aeneae,
716 3681 732 3752 ὁ
747 3684 910 3774 Ἀγρίππας
923 3693 978 3752 τοῦ
990 3684 1155 3772 Ἀγρίππου
1169 3690 1256 3753 huius
1272 3692 1429 3774 Agrippae,

137 3967 169 4019 ll
205 3966 232 4016 Ν
247 3973 255 4014 t
273 3971 322 4024 aa
357 3967 393 4016 As
411 3965 485 4018 termi
500 3965 550 4018 noi

207 4205 370 4274 lHoretius]
387 4222 463 4257 carm.
483 4207 516 4257 lll
536 4208 612 4269 las
682 4212 850 4276 2uagnntem
867 4211 1001 4264 fulridus
1074 4210 1155 4262 lised
1174 4227 1234 4261 uera
1251 4227 1341 4266 uemm
1360 4216 1427 4267 ueri-

137 4279 220 4342 basp
290 4277 320 4328 ll
341 4279 377 4327 As
393 4303 429 4313 —
446 4277 489 4338 67,
505 4277 522 4328 3
539 4279 634 4328 similia
652 4280 749 4331 Charis.
764 4296 792 4344 p.
811 4280 852 4332 15.
868 4283 901 4334 97
973 4282 1004 4333 12
1022 4282 1162 4347 Asprenas,
1180 4284 1246 4334 iratis
1265 4299 1286 4333 ω
1304 4299 1426 4350 aspernas

136 4349 281 4415 aspernatis
301 4348 327 4399 Ν
408 4346 440 4397 13
459 4362 473 4397 ο
492 4362 615 4413 asprenas
631 4365 652 4399 ω
670 4366 686 4400 ο
703 4365 825 4416 aspernas
843 4350 870 4400 Ν
954 4354 1085 4418 perigrino
1102 4351 1128 4400 Ν
1214 4352 1246 4404 16
1262 4352 1320 4420 qao]
1346 4357 1424 4419 Verg.

137 4419 202 4469 Aera.
219 4417 243 4468 Χ
259 4418 310 4471 649
392 4417 425 4468 19
440 4417 588 4481 producitur
606 4419 631 4467 Ν
708 4421 837 4487 perigrino
853 4421 881 4471 Ν
956 4423 990 4474 20
1006 4422 1165 4473 declinantur
1181 4439 1202 4472 ω
1228 4424 1423 4474 declinenturd

205 4488 288 4539 athlas
304 4486 331 4536 Ν
401 4486 433 4538 at
453 4485 591 4538 calchantis
609 4503 631 4538 ω
650 4489 775 4551 calcheuyi
794 4490 820 4541 N
895 4491 1069 4544 Atlanticum.
1089 4491 1122 4550 Ν,
1141 4492 1203 4541 edd.
1224 4493 1359 4544 Purecdiue

136 4560 170 4610 22
189 4559 308 4609 Culcham
326 4555 476 4606 reametur
492 4561 561 4623 prol.
580 4559 667 4610 Plorat.
689 4559 762 4613 Tria.
779 4576 805 4623 p.
828 4560 968 4612 LXXXVII
986 4560 1093 4610 calchaa
1111 4559 1136 4610 Ν
1205 4562 1385 4621 Calchantem,
1403 4571 1421 4615 c

136 4625 233 4679 Gellius
251 4627 328 4680 haias
345 4625 454 4677 Calcbae
468 4626 600 4679 Putaehius
686 4628 757 4680 Solet
774 4646 796 4680 ω
814 4629 901 4681 Solent
918 4631 944 4681 Ν
1029 4630 1063 4681 27
1080 4637 1139 4680 sant
1156 4646 1202 4684 om.
1220 4632 1256 4695 Ν,
1282 4633 1344 4683 add.
1364 4633 1419 4683 rua

135 4730 227 4810 achiae
285 4730 402 4783 romara
426 4713 515 4782 mariis
531 4729 559 4779 Ν
625 4730 853 4783 320ara1acror
874 4748 959 4784 ιιιιιοι
976 4731 1001 4781 Ν
1069 4731 1146 4783 huius
1159 4735 1290 4803 Agrippae
1307 4727 1323 4786 ὁ
1341 4725 1417 4793 detur

135 4814 187 4920 :pu
208 4814 311 4919 οινὲον,
334 4801 392 4850 iicet
414 4800 562 4852 Prrtsrhiasr
589 4810 616 4850 at
639 4816 731 4852 aeneas
753 4817 847 4852 aeneae
868 4802 985 4853 similiter
1014 4805 1119 4868 agripas
1147 4814 1220 4853 eritas
1239 4820 1274 4868 p:
1301 4808 1338 4870 cf.
1364 4807 1416 4885 cap

175 4884 227 4932 .p·
