3114 5356
146 320 190 360 mv
686 294 898 357 PRAEFATIO

146 484 316 570 scripsisse
327 481 458 546 videtur
471 489 508 543 ut
525 500 598 543 cum
610 487 722 545 vetere
737 478 891 568 loquendi
906 481 1152 566 consuetudine,
1166 482 1208 547 de
1220 502 1287 569 qua
1299 483 1432 577 mamma

146 584 325 673 quaesivit,
353 604 510 647 novorum
542 581 735 668 scriptorum
755 604 877 647 morem
897 593 1103 669 conponeret.
1147 582 1267 648 falsum
1288 605 1367 648 vero
1393 607 1432 650 es*

145 708 263 751 nomen
278 685 420 767 Titiani,
435 682 522 770 quod
538 704 582 747 ex
595 683 802 770 interpolatis
820 684 1061 771 exemplaribus
1075 693 1291 772 propagatum
1305 684 1384 749 olim
1399 685 1432 749 le

146 787 286 875 gebatur
298 787 371 869 308,
389 788 439 862 26,
464 789 599 850 Titianus
613 791 702 849 ctiam
719 790 758 849 dc
776 794 848 865 aare·
861 794 981 851 61101116
994 793 1105 866 primo.
1133 807 1192 872 pro
1206 808 1245 851 eo
1262 806 1350 850 nunc
1372 809 1429 852 cor

145 899 273 977 ruptam
302 888 459 953 librorum
488 887 681 973 scripturam
709 898 855 968 tyrannas
881 888 1018 952 restitui.
1063 909 1147 975 quae
1170 888 1242 974 ipsa
1274 908 1373 974 quem
1400 911 1430 953 at

145 991 278 1056 modum
298 986 503 1055 emendanda
529 989 571 1052 sit
593 1009 789 1076 quamquam
810 991 921 1054 nescio
943 1011 1005 1053 nec
1025 989 1103 1053 sciri
1124 1011 1221 1076 posse
1247 997 1342 1075 puto,
1360 987 1429 1054 illu

143 1102 254 1157 tamen
282 1098 426 1172 constat,
462 1090 551 1154 tertii
583 1090 705 1155 saeculi
736 1092 886 1177 scriptori
915 1092 949 1154 in
982 1089 1044 1154 hoc
1075 1091 1306 1155 commentario
1333 1089 1428 1155 locun

144 1217 211 1260 non
237 1216 319 1259 esse.

229 1295 344 1381 Neque
367 1314 447 1358 vero
474 1292 526 1356 his
553 1293 716 1378 excerptis
738 1294 847 1358 omnia
870 1316 954 1383 quae
982 1293 1089 1360 Probo
1118 1291 1306 1362 Diomedes.
1327 1291 1426 1358 debui

145 1399 366 1476 continentur,
388 1392 447 1458 sed
469 1415 527 1482 per
549 1390 692 1479 reliquas
705 1398 802 1460 etiam
826 1406 936 1483 partes
958 1395 1077 1482 quibus
1096 1394 1138 1459 de
1160 1391 1261 1458 verbo
1274 1394 1425 1480 praecepi

144 1500 238 1589 quasi
259 1493 401 1562 frustula
411 1493 572 1581 quaedam
595 1516 638 1558 ex
656 1493 745 1560 illius
766 1498 869 1584 copiis
888 1506 1019 1583 recepta
1029 1495 1184 1561 videntur
1195 1493 1345 1581 dispersa
1356 1515 1424 1561 esst

144 1603 282 1690 primum
306 1598 393 1663 enim
413 1593 455 1659 de
468 1596 665 1683 participiali
684 1597 780 1662 modo
798 1601 903 1682 342,9
925 1599 995 1662 eius
1018 1598 1209 1661 auctoritate
1228 1596 1341 1676 utitur,
1363 1594 1423 1661 dut

145 1725 184 1768 ea
203 1723 287 1789 quae
309 1701 379 1786 ipse
400 1696 720 1784 participialiadicit
741 1721 761 1762 a
776 1699 883 1766 Probo
903 1701 1021 1787 supina
1036 1697 1193 1786 appellari
1205 1698 1262 1761 ait.
1308 1695 1422 1762 deinde

145 1805 173 1870 si
203 1802 299 1869 modo
332 1821 374 1864 ex
405 1819 526 1885 genere
555 1798 777 1885 exemplorum
805 1824 890 1888 quae
918 1801 1086 1889 adscripta
1116 1806 1193 1864 sunt
1222 1808 1255 1862 61
1284 1797 1421 1861 univers

144 1902 334 1992 disputandi
357 1901 483 1965 ratione
508 1902 728 1965 coniecturam
749 1900 858 1968 facere
880 1903 973 1985 licet,
1002 1904 1036 1967 in
1063 1902 1114 1966 his
1137 1921 1221 1988 quae
1245 1898 1288 1963 de
1309 1895 1420 1963 inchoa

143 2008 212 2071 tiva
233 2003 406 2069 verborum
436 2003 544 2086 specie
573 2005 652 2086 343,
683 2007 694 2065 1
729 2026 799 2092 sqq.
830 2014 862 2070 ct
889 2005 930 2069 de
956 2005 1110 2070 iterativa
1130 2000 1306 2068 verborum
1333 1998 1418 2065 form

144 2112 221 2189 344,
244 2110 285 2172 28
308 2128 379 2193 sqq.
403 2126 420 2167 e
443 2103 609 2168 veteribus
629 2105 843 2191 scriptoribus
868 2107 1021 2192 adposuit
1042 2105 1184 2171 Probum
1206 2102 1324 2166 ducem
1345 2121 1418 2187 seqr

143 2208 284 2275 videtur.
307 2229 403 2295 porro
419 2214 503 2292 q'uae
514 2204 556 2269 de
567 2205 678 2270 verbis
692 2209 853 2294 corruptis
867 2208 909 2272 ad
921 2231 1017 2273 usum
1030 2218 1177 2273 veterum
1196 2202 1416 2270 inlustrandut

142 2308 297 2373 adnotata
317 2316 394 2373 sunt
404 2308 477 2390 385,
491 2310 524 2369 21
540 2309 667 2390 -386,
683 2314 713 2373 6.
734 2310 807 2393 386,
824 2314 861 2372 17
872 2348 914 2358 -—
926 2313 977 2373 22.
1000 2310 1204 2392 387‚4-9;
1226 2308 1267 2370 29
1278 2306 1406 2387 -388,

144 2408 231 2474 haud
257 2411 324 2473 scio
344 2430 386 2471 an
414 2407 519 2472 eidem
542 2411 668 2475 auctori
696 2409 888 2477 debeantur.
950 2412 1091 2499 denique
1118 2431 1159 2474 ea
1185 2428 1270 2497 quae
1296 2406 1357 2471 ‘de
1386 2405 1414 2471 hi

142 2534 225 2599 quae
244 2510 333 2598 apud
355 2504 484 2576 veteres
504 2509 636 2574 diversa
658 2512 863 2598 reperiuntur
881 2514 1049 2577 enuntiata
1070 2510 1306 2577 declinatione’
1329 2506 1413 2572 brev

141 2622 234 2677 tera
254 2611 416 2677 Diomede
439 2613 589 2697 exposita
611 2622 686 2676 sunt
708 2618 781 2694 400,
794 2613 822 2676 '1
842 2651 885 2663 —
902 2618 974 2697 401,
999 2617 1029 2678 9’
1041 2624 1108 2677 tam
1130 2612 1252 2676 similia
1271 2617 1349 2674 sunt
1370 2607 1412 2673 ill?

143 2712 321 2800 dequibus
344 2721 441 2775 antea
460 2711 581 2776 dictum
605 2723 655 2777 est
680 2723 716 2778 ut
743 2712 824 2777 haec
846 2736 975 2802 quoque
995 2713 1103 2779 Probo
1124 2713 1269 2778 tribuere
1288 2734 1357 2777 nou
1380 2709 1410 2775 dr

142 2815 254 2879 bitem.
299 2821 333 2876 et
352 2813 386 2874 in
403 2813 454 2877 his
471 2821 654 2899 certequae
676 2823 840 2901 postremo
856 2814 927 2881 loco
950 2818 1044 2903 posui
1066 2815 1206 2879 fortasse
1223 2823 1339 2902 aperto
1361 2837 1409 2902 qut

141 2915 217 2980 dam
246 2914 432 2978 testimonio
459 2937 527 2978 rem
553 2914 745 2981 confirmare
772 2916 859 2980 licet.
903 2938 980 2980 uam
1009 2918 1043 2981 in
1066 2917 1291 3004 ‘expositione
1312 2914 1408 2980 Latin

140 3017 242 3099 tatis',
265 3036 350 3103 quae
372 3024 422 3079 est
443 3017 477 3079 iu
498 3017 684 3081 Lavantino
706 3018 817 3083 codice
841 3018 865 3081 f.
882 3021 917 3082 21
945 3041 1016 3105 sqq.
1040 3040 1125 3084 nono
1147 3015 1279 3081 saeculo
1303 3017 1407 3102 script

141 3116 290 3202 adposito
312 3115 437 3181 Valerii
463 3119 593 3183 nomine
622 3118 737 3184 eadem
757 3140 839 3206 quae
862 3119 1039 3185 Diomedes
1066 3119 1168 3183 tradit
1196 3119 1355 3200 citantur,
1384 3138 1406 3182 a

148 3223 285 3282 Valerius
304 3225 348 3281 ait
367 3225 605 3284 consuetudinem
619 3229 802 3301 antiquitatis
816 3229 904 3286 etiam
922 3225 1020 3298 faisse
1036 3236 1068 3284 ut
1084 3241 1185 3300 paene
1198 3226 1274 3284 otios
1288 3240 1405 3284 sermm

140 3331 210 3384 tane
231 3325 314 3384 dicat
335 3324 433 3397 fnisse
461 3328 592 3400 altosque
617 3345 706 3388 nanc.
749 3330 804 3388 sed
830 3346 888 3404 per
912 3330 1070 3404 physicam
1091 3326 1313 3386 sinntitadtnem
1341 3333 1403 3385 atta

139 3425 254 3497 dicens,
281 3426 435 3500 ‘postera'
451 3430 547 3502 inqrtit
565 3429 667 3487 ‘actas
687 3430 794 3487 natandi
812 3429 844 3488 at
865 3429 1055 3503 disciplinam
1072 3431 1196 3504 pristini
1212 3434 1330 3491 saeettli
1348 3434 1391 3491 ita

17 3599 19 3602 Α
138 3543 287 3587 sermones
309 3526 475 3599 fastidiere
499 3533 596 3604 coepit
616 3538 645 3589 et
665 3547 741 3589 nova
760 3533 917 3605 parturire
933 3530 1021 3589 steria
1036 3547 1114 3604 qaue
1133 3533 1270 3591 inaenam
1278 3535 1348 3592 rita
1369 3536 1401 3608 ip

138 3629 223 3688 modo
244 3632 354 3702 florem
371 3638 401 3688 et
428 3633 553 3705 stipent&
597 3635 650 3707 qui
673 3635 761 3692 etiam
784 3631 941 3690 Horatium
963 3632 1075 3691 dixisse
1099 3634 1143 3690 ait
1171 3632 1209 3692 Ut
1232 3635 1326 3692 siloae
1343 3636 1400 3707 flor

133 3745 247 3804 monos
262 3737 415 3791 mutantur
434 3735 465 3791 in
480 3750 575 3792 annos
588 3741 618 3793 et
625 3737 730 3808 prima
744 3734 870 3798 cadant,
895 3734 936 3791 ita
959 3735 1114 3794 rabaam
1130 3740 1211 3794 vetas
1225 3736 1326 3795 interit
1341 3743 1398 3796 cett

137 3838 167 3890 et
186 3848 262 3890 noca
282 3835 418 3892 iuvenum
440 3837 500 3893 ritu
514 3838 626 3908 florent
641 3836 727 3894 modo
747 3841 820 3894 nata
844 3837 997 3909 vincatque
1012 3839 1134 3910 (florem
1155 3843 1246 3896 motat
1267 3845 1397 3914 anaante

136 3928 221 4005 cod.)
242 3942 272 3993 et
291 3937 345 3994 ret.

222 4030 262 4093 In
290 4032 385 4095 tertio
414 4028 498 4095 libro
518 4030 689 4096 Diomedis
717 4029 938 4096 memorabilis
963 4040 995 4094 et
1022 4030 1121 4118 plena
1142 4035 1298 4121 antiquae
1326 4058 1395 4100 erut

136 4132 234 4196 tionis
256 4129 434 4217 disputatio
457 4141 508 4195 est
530 4132 570 4197 de
594 4131 798 4220 poematibus
817 4134 890 4213 482,
911 4135 1082 4215 13-402,
1104 4140 1152 4199 11.
1198 4155 1269 4198 eam
1291 4145 1393 4202 totam

137 4233 348 4307 Suetonio,
375 4254 471 4317 quem
496 4233 530 4296 in
558 4232 622 4296 fine
644 4234 714 4298 eius
735 4233 852 4319 eapitis
879 4235 952 4313 401,
977 4238 1018 4299 30
1039 4233 1218 4299 Diomedes
1245 4240 1392 4325 appellat

136 4336 270 4423 petitam
294 4354 367 4397 esse
393 4331 504 4398 docuit
527 4333 567 4398 Ο.
590 4334 726 4399 Iahnius
747 4335 833 4398 Mus.
855 4334 1003 4398 Rhenan.
1027 4337 1150 4401 noviss.
1173 4336 1277 4404 VIIII
1304 4366 1338 4430 p.
1363 4349 1391 4410 6:

136 4458 212 4500 nam
234 4434 323 4522 quod
341 4435 466 4497 satirici
492 4444 609 4522 poetae
629 4444 696 4499 tres
714 4444 841 4499 tantum
863 4433 1018 4522 appellati
1043 4447 1153 4534 essent
1172 4441 1245 4524 485,
1264 4446 1317 4526 32,
1338 4444 1390 4510 Lu

136 4536 197 4600 lius
213 4535 370 4601 Horatius
385 4536 517 4600 Persius
540 4536 660 4600 omisso
674 4538 805 4599 nomine
823 4534 1007 4619 Iuvenalis,
1026 4536 1061 4602 id
1077 4560 1142 4602 non
1159 4563 1256 4627 posse
1274 4544 1389 4611 intelle

135 4637 199 4699 nisi
221 4637 263 4702 ab
285 4639 469 4725 antiquiore
491 4636 601 4724 aliquo
628 4646 777 4719 auctore,
809 4638 865 4724 qui
891 4646 998 4702 aetate
1027 4642 1176 4727 superior
1194 4642 1313 4710 fuisset
1337 4670 1388 4736 qut

135 4736 318 4821 luvenalis,
340 4739 421 4803 haec
443 4747 575 4824 recepta
596 4747 715 4804 essent.
749 4738 869 4805 deinde
890 4740 967 4826 quia
988 4738 1180 4807 Suetonium
1203 4747 1238 4808 in
1255 4745 1352 4813 libris
1367 4772 1387 4815 s*

135 4836 279 4902 maxims
292 4838 492 4907 Varronis
511 4841 704 4908 auctoritate
725 4862 820 4904 usum
843 4863 915 4907 esse
937 4850 1102 4907 constaret
1109 4893 1118 4926 ‚
1141 4867 1182 4909 ea
1201 4868 1334 4943 quoque
1350 4874 1387 4941 qt
