3114 5356
131 269 195 333 412
693 260 876 323 albuneis

184 378 358 440 emma.

297 470 417 513 nosco
443 450 571 511 crines
595 451 814 528 incanaque
839 454 970 508 menta.

134 556 281 620 interdum
301 551 470 633 qualitatem
491 551 580 612 babet
600 550 636 611 ad
660 549 744 630 peius
765 549 931 611 deteriusve
952 548 1137 623 tendentem,
1158 560 1191 610 ut

299 672 403 733 quam
426 653 539 714 semel
561 653 761 714 informem
780 670 806 711 v.
830 671 855 710 a.
878 668 902 711 s.
926 667 952 710 a.
972 648 1002 710 S.

134 778 194 821 non
216 757 294 819 enim
316 754 424 816 nullius
444 755 554 816 lormae
569 749 584 839 ΙΙ
597 753 742 832 significat
763 752 821 841 sed
837 750 932 812 malae
951 751 1079 826 formae,
1102 747 1172 835 [sed
1196 749 1245 836 et]
1271 771 1345 830 quae
1362 753 1420 813 diei·

134 869 183 923 tur
200 859 287 936 vulgo
309 855 459 918 deformis.
503 855 572 915 item
594 855 672 934 apud
690 854 847 934 Vergilium
1429 865 1438 901 ι

302 956 466 1036 ethrgi
491 963 639 1017 veteres
661 956 991 1036 intempestaeque
1012 955 1224 1016 Graviscae.

135 1081 205 1125 narn
224 1069 254 1121 et
273 1060 322 1120 bio
343 1076 404 1119 non
425 1055 535 1119 uirilius
555 1058 607 1119 sed
631 1057 725 1119 malae
745 1056 929 1137 tempestatis
951 1075 986 1117 ae
1007 1073 1061 1136 per
1079 1055 1137 1117 boe
1155 1056 1323 1117 insalubres
1345 1053 1422 1134 pesti

135 1163 298 1240 lentesque.
342 1159 461 1239 ponitiu
488 1168 518 1220 et
538 1178 592 1238 pro
621 1159 760 1238 qualitate
786 1157 962 1234 ordinative,
993 1165 1026 1218 ut
1050 1175 1117 1218 eum
1145 1156 1273 1219 dicimus
1302 1174 1375 1235 opus
1398 1154 1421 1213 in

136 1264 200 1326 dies
223 1261 348 1334 erescit,
371 1267 403 1322 ut
423 1259 566 1338 Vergilius

303 1361 417 1440 inque
440 1360 519 1421 dies
540 1359 687 1421 avidum
709 1370 821 1441 eaput
843 1360 959 1422 altius
982 1362 1112 1435 allent,
1432 1366 1449 1403 ¹·

138 1473 167 1525 et
189 1461 266 1541 apud
284 1459 410 1520 Tullium
433 1461 598 1522 ‘erescit
618 1461 654 1521 in
677 1460 755 1521 dies
784 1461 994 1542 singulos';
1023 1471 1053 1523 et
1073 1479 1128 1541 pro
1153 1461 1252 1541 spatio
1274 1455 1423 1537 temporali,

25 1566 36 1586 ⁸
137 1581 204 1625 earm
226 1561 376 1638 'signifieat
395 1579 490 1639 usqam
511 1561 621 1634 adhue,
651 1568 683 1621 ut
700 1578 768 1622 eum
793 1563 917 1625 dicimus
939 1582 956 1623 a
979 1581 1065 1624 mane
1088 1561 1117 1622 iu
1142 1570 1276 1634 noctem,
1306 1568 1340 1620 ut
1359 1555 1423 1637 apud

138 1663 294 1743 vergilium

797 1764 889 1825 lelix
910 1763 940 1825 si
963 1763 1137 1844 protinus
1165 1763 1271 1824 illum

304 1872 509 1941 aequasset
529 1863 632 1926 nocti
654 1865 778 1927 ludum
801 1866 838 1925 in
861 1858 1247 1943 lucemque'tulisset
1436 1877 1451 1914 ιι

40 1964 44 1973 ’
139 1968 258 2049 ponitur
285 1975 315 2026 et
339 1985 392 2046 pro
411 1967 628 2047 praepositione
651 1987 719 2047 pro,
753 1976 785 2029 ut
811 1985 878 2027 oum
903 1966 1028 2026 dicimus
1052 1966 1109 2026 boe
1136 1984 1245 2026 munus
1273 1965 1300 2024 in
1331 1979 1423 2039 magno

139 2070 249 2142 liabeo,
272 2077 304 2129 ut
325 2068 466 2146 Vergilius

727 2169 764 2229 in
787 2186 920 2247 magno
942 2187 1094 2229 munere
1117 2167 1273 2229 Cisseus

307 2270 707 2349 [scimepa.⁴

140 2380 170 2432 et
189 2370 345 2433 Sallustius
368 2371 397 2431 in
419 2371 514 2450 primo
536 2371 725 2432 historiarum
747 2369 821 2431 libro
848 2373 906 2432 ‘ut
928 2380 963 2433 ot
985 2373 1084 2432 laeta
1107 2369 1142 2429 in
1162 2368 1283 2446 gloria
1310 2378 1452 2428 nume-t¹

139 2483 196 2535 ret
217 2482 268 2548 et,
293 2473 325 2535 si
352 2472 482 2546 liceat,
505 2471 649 2532 avidius
671 2472 834 2533 lecerit’.

616 2676 654 2717 DE
675 2677 725 2719 svn
746 2676 962 2720 unsarosmobn

228 2775 289 2837 Sub
310 2774 489 2855 praepositio
511 2775 654 2853 signifieat
672 2779 759 2838 modo
782 2796 886 2855 supra,
910 2785 942 2836 ut

304 2885 363 2936 ter
385 2875 532 2936 llamma
555 2876 597 2937 ad
618 2895 795 2938 summum
819 2877 993 2967 subiecta
1016 2877 1175 2950 reluxit,

143 2987 172 3038 el

948 3099 1108 3159 eorpora
1130 3079 1231 3140 saltu

307 3178 503 3239 subiciunt
527 3180 563 3240 in
586 3198 719 3257 equos,

142 3279 170 3339 id
191 3286 236 3338 est
257 3298 345 3358 supra
369 3278 493 3353 iaeiunt;
516 3281 604 3341 modo
624 3281 708 3355 inira,

764 3382 992 3460 caudamque
1014 3384 1232 3445 reniuloous

306 3482 474 3543 subiecit
496 3485 730 3562 pavitantem
755 3492 860 3543 utero
883 3483 1075 3563 silvasque
1098 3485 1251 3564 petiuit,
1438 3501 1456 3539 a

141 3582 210 3643 item

805 3686 1040 3764 pedibusque
1065 3696 1230 3748 rotarum

310 3768 505 3828 subiciunt
527 3766 665 3846 lapsus.

215 3918 227 3967 l
248 3917 333 3984 noseo]
356 3922 433 3985 Verp.
452 3922 509 3970 Aen
526 3919 561 3968 Vl
577 3919 629 3968 810
715 3922 732 3969 2
755 3921 900 3972 deteriusue
919 3925 1062 3973 tendentem
1082 3924 1219 3974 Caesarina
1248 3925 1360 3975 deterius
1376 3939 1430 3992 peu·

142 3986 244 4035 dentem
262 3988 347 4038 ΑΒΜ
431 3986 556 4053 3quam]
585 3991 663 4053 Very.
684 3990 747 4040 Aen.
767 3991 868 4041 111431
956 3992 1078 4042 informes
1097 4002 1170 4041 iinsto
1188 3994 1286 4043 uidisse
1302 3997 1348 4045 sub
1367 4004 1430 4045 antro

143 4055 301 4120 cyclopeae
388 4059 467 4109 lsed
486 4073 566 4121 aeque
584 4059 708 4114 dieiturs
795 4058 895 4126 bopud
912 4061 1064 4128 Vergilium]
1086 4063 1151 4112 Aen.
1170 4060 1195 4111 X
1214 4063 1266 4112 184
1353 4067 1431 4114 lnon

143 4124 238 4174 nullius
256 4137 274 4180 ς
292 4140 307 4173 ιι
325 4128 453 4176 nonnullis
472 4127 557 4176 ΑΒΜ
634 4128 847 4192 pestilentesqune
866 4130 891 4177 B
908 4132 1066 4196 pentilesque
1086 4132 1110 4180 A
1128 4132 1237 4196 peutiles
1256 4146 1322 4196 quae
1340 4135 1372 4184 M

141 4190 551 4260 ilVergilius]peorq.111553
641 4195 672 4245 10
690 4197 772 4261 capud
792 4197 843 4246 AB
930 4200 960 4250 ll
980 4201 1048 4266 apud
1066 4198 1195 4266 Tullium]
1216 4205 1243 4251 in
1262 4202 1335 4255 Cutil
1355 4199 1432 4258 125

214 4262 247 4311 12
266 4278 281 4310 a
298 4281 344 4315 ona.
363 4264 455 4323 ABM,
474 4267 535 4316 odd.
550 4265 583 4329 dp
670 4266 739 4330 apud
757 4266 909 4333 Vergilium]
934 4270 999 4320 Aen.
1018 4270 1089 4319 Vllll
1107 4269 1158 4320 337
1248 4271 1280 4321 17
1300 4265 1430 4340 Vergilius]

144 4333 210 4382 Aen.
227 4331 313 4381 11537
332 4335 356 4382 ἰιι
376 4348 470 4399 magno
490 4348 595 4383 minuere
610 4335 713 4386 Cisseus
730 4335 805 4393 Ferre
823 4338 864 4385 sui
884 4338 989 4387 dederet
1005 4350 1197 4389 monumentum
1215 4348 1240 4387 et
1259 4341 1354 4407 pignus
1369 4355 1432 4391 amo·

143 4400 179 4448 ris
249 4400 281 4450 tu
299 4403 465 4453 eisseeisseusl
481 4402 567 4452 ΑΒΜ
635 4402 667 4453 19
684 4404 722 4452 lis.
742 4403 771 4453 D.
793 4405 825 4454 bl.
845 4422 867 4466 e,
885 4422 909 4455 o.
929 4405 989 4456 Al.
1010 4424 1030 4457 s.
1051 4408 1075 4457 d.
1095 4423 1128 4456 m.
1149 4424 1173 4458 ιι.
1193 4423 1216 4456 ιι.
1237 4410 1262 4459 Β
1282 4410 1301 4460 l.
1321 4427 1344 4464 s.
1364 4413 1388 4461 d.
1404 4422 1432 4458 m.

144 4482 200 4516 eam
219 4468 252 4518 M
319 4470 353 4520 20
370 4471 491 4521 salustius
509 4471 574 4521 ΒΜ.
594 4477 620 4522 in
637 4475 753 4523 oratione
771 4473 810 4524 M.
828 4476 928 4528 Aenta'b'i
945 4477 1072 4542 Lepidis
1093 4477 1125 4528 lu
1206 4485 1233 4525 ut
1251 4494 1335 4537 orm
1412 4483 1432 4524 tl

143 4551 190 4586 orn.
209 4537 235 4584 B
321 4549 435 4588 numeret
453 4541 512 4590 AM
528 4549 643 4590 muneret
658 4541 683 4590 B
700 4556 840 4602 ιιιιιιιθιος
925 4543 959 4595 23
983 4543 1035 4595 Sub
1053 4573 1087 4582 -
1104 4545 1170 4606 414,
1191 4546 1357 4614 iimperium
1380 4560 1431 4598 exc·

143 4605 256 4671 oruopr.
274 4623 301 4670 p.
320 4607 390 4658 2798
407 4624 446 4674 sq.
517 4607 619 4674 24ter]
642 4610 825 4678 Verp.peorp.
845 4614 962 4665 1111385
1033 4615 1159 4663 dammum
1177 4615 1202 4663 B
1271 4617 1306 4667 26
1324 4608 1432 4683 corpora]

147 4671 304 4738 Varadeto.
325 4674 441 4728 xt1287
511 4677 592 4728 saltus
611 4678 659 4743 Mp
728 4679 950 4747 ldeaudamqne]
975 4684 1267 4745 Verp.Aeu.X1812
1343 4685 1377 4737 30
1392 4697 1432 4749 pt·

144 4737 248 4788 nitatem
267 4741 300 4792 M
367 4742 401 4794 32
417 4742 585 4811 pedibusque]
611 4749 688 4814 Verp.
707 4751 772 4800 Aen.
793 4751 815 4800 11
832 4750 884 4801 235
