3114 5356
134 315 176 376 oo
318 267 325 281 ⁶
696 314 859 378 cassisa

186 433 334 489 unna
415 429 422 441 ·
881 458 885 467 .
1271 431 1376 488 pan

222 505 327 565 Omnia
349 503 466 565 nomina
490 520 565 581 quiae
586 520 639 582 per
660 520 693 563 ετ
712 502 824 564 litteras
845 521 915 573 (asu
937 502 1114 563 nominativo
1136 512 1256 578 exeunt,
1278 503 1360 566 laea
1373 525 1425 585 ge·

135 608 235 669 netiro
256 613 310 667 ant
330 623 388 686 per
406 604 420 663 i
439 602 642 665 terminantur
663 610 694 665 et
714 611 787 665 arent
807 603 937 665 recondi
952 604 1089 679 ordinis,
1113 612 1168 665 ant
1185 623 1243 683 per
1261 605 1291 665 is
1311 615 1342 667 et
1356 613 1428 666 sont

135 710 218 771 tertii
239 708 369 769 ordinis.
414 718 443 771 et
462 717 531 770 snut
550 726 625 787 quae
649 726 702 787 ρετ
721 706 731 767 i
754 714 861 768 exeunt
879 726 948 783 ager
968 708 1046 786 agri,
1069 707 1111 768 sic
1135 715 1163 768 et
1185 717 1282 770 cetera
1303 727 1358 790 ρετ
1378 727 1426 770 or·

135 812 232 873 dinem
260 811 434 886 litterannu,
460 817 490 872 et
512 818 583 871 rant
604 808 708 869 omnia
728 808 912 870 masculina.
958 826 1032 888 quae
1060 817 1155 870 autem
1179 828 1232 889 ρετ
1252 811 1279 872 is
1301 808 1428 894 exileunt

135 913 224 987 haec,
253 921 337 993 pater
360 914 465 994 putris,
494 921 596 974 venter
621 904 733 991 γαστήρ
760 912 893 987 aenan,
921 912 990 972 item
1018 918 1048 972 et
1070 918 1175 972 aetem
1195 911 1354 988 similiter,
1376 920 1448 974 ants

137 1016 297 1077 masculina
318 1024 368 1077 ant
389 1016 526 1078 leuduino
549 1022 618 1076 situl
638 1015 768 1095 exceptis
789 1014 850 1089 his,
880 1015 951 1090 iter,
977 1016 1069 1090 cicer,
1091 1034 1245 1097 papauer,
1275 1015 1427 1089 cadaver,

136 1116 240 1193 tader,
263 1135 387 1179 cancer.
432 1120 505 1180 haec
518 1119 596 1180 enim
617 1120 719 1198 ntique
735 1116 874 1179 neutralia
894 1126 972 1178 sunt.
1016 1119 1084 1179 item
1105 1120 1200 1180 omnia
1215 1116 1334 1179 nomina
1353 1130 1428 1196 qnae

137 1220 298 1281 ollernntnr
330 1221 440 1283 Graeca
473 1239 532 1300 per
564 1240 616 1299 ρος
650 1230 680 1282 et
706 1229 774 1280 ante
802 1239 852 1296 ρος
875 1219 1014 1298 syllabam
1048 1227 1266 1281 consonantem
1292 1219 1428 1280 litteram

53 1396 57 1403 ι
136 1320 264 1396 labem,
290 1322 364 1383 haec
384 1323 487 1384 latine
508 1323 539 1382 in
562 1340 595 1382 ετ
614 1329 736 1396 areant,
758 1320 842 1381 oelnt
862 1311 1103 1400 Ἀλέξανδρος
1126 1319 1324 1393 Aleaander,
1352 1319 1428 1382 att-

135 1422 245 1496 ανδρος
267 1422 424 1499 Cleander,
445 1417 572 1502 tvenne
587 1405 716 1501 ‚onagem
737 1412 848 1502 ἀγρός
869 1440 959 1503 aper,
983 1431 1013 1485 et
1032 1423 1125 1505 mana
1149 1425 1216 1486 alia
1234 1431 1312 1486 runt.
1443 1438 1446 1475 ¹

222 1524 326 1586 (tannia
358 1526 476 1587 nomina
502 1542 578 1603 quac
601 1542 655 1604 per
683 1542 715 1585 as
741 1523 853 1586 litteras
875 1526 1083 1602 teuniuantur,
1119 1528 1144 1589 si
1174 1528 1290 1605 quidem
1318 1529 1431 1590 luerint

136 1627 268 1702 Latina,
290 1626 369 1688 lanc
384 1616 471 1688 'tertii
491 1626 609 1687 ordinis
629 1635 713 1700 stunt,
735 1627 815 1689 uelut
835 1646 899 1691 mas
920 1630 1018 1691 maiis.
1063 1631 1108 1692 sin
1131 1637 1226 1692 antam
1247 1631 1357 1693 Graeca
1376 1631 1430 1692 ali·

135 1730 253 1809 artando
274 1728 455 1803 inciderint,
479 1734 535 1788 ant
554 1727 637 1788 tertii
657 1726 778 1788 ardictio
798 1737 871 1790 eant
891 1739 946 1791 ant
968 1732 1073 1811 primi.
1118 1731 1309 1793 aestimantur
1330 1741 1429 1793 antem

136 1832 269 1910 genmivo
293 1850 362 1893 casn
384 1832 512 1907 Gracco;
536 1838 565 1891 ot
581 1830 606 1891 si
628 1830 745 1908 qnidam
766 1831 957 1893 terminantur
974 1833 1004 1893 in
1026 1854 1074 1906 ος,
1103 1834 1186 1894 tertii
1205 1832 1326 1894 ordinis
1345 1842 1428 1905 mont,

136 1934 214 1996 velut
237 1935 347 1996 Graeco
368 1927 449 2005 Θόας
477 1926 622 2007 Θόαντος,
643 1933 746 1994 Latine
765 1933 863 2001 Thoas
883 1934 1039 2010 Thoantis,
1062 1937 1143 1996 ciant
1153 1934 1320 1996 Maecenas
1340 1935 1426 1997 dioe-

135 2037 263 2097 cenatir.
307 2036 331 2097 si
354 2045 450 2097 autem
473 2035 583 2096 Graece
604 2035 633 2095 in
652 2055 710 2108 oo,
729 2035 812 2114 primi
834 2035 944 2097 ordinis
967 2048 1051 2107 snm,
1080 2040 1158 2100 velut
1180 2038 1290 2098 Graece
1307 2037 1429 2110 Αἰνείας

135 2139 273 2214 Αἰνείου,
295 2137 406 2199 Latine
426 2135 550 2198 Aeneas
567 2135 699 2198 Aeneae.

221 2241 325 2302 tlmnia
355 2241 473 2302 nomina
494 2258 568 2318 quae
589 2240 728 2319 singulari
754 2239 877 2301 ablativo
898 2241 927 2301 in
950 2241 957 2300 i
981 2240 1113 2302 litteram
1134 2242 1257 2318 cadunt,
1280 2243 1354 2304 haec
1376 2244 1427 2304 ad·

135 2344 194 2406 dita
224 2363 272 2404 nm
299 2343 407 2423 syllaba
432 2340 556 2420 fodiant
581 2341 753 2422 genetivum
781 2343 940 2422 pinnatam,
967 2342 1050 2403 oelrtt
1072 2342 1112 2403 ab
1134 2342 1192 2405 ltoc
1214 2347 1298 2407 orani
1316 2347 1426 2409 domem

135 2447 273 2508 omnium.
322 2445 445 2507 ablativo
471 2453 568 2504 uittam
596 2443 733 2520 singulari
763 2463 795 2505 aa
818 2444 935 2504 tlemrun
960 2446 988 2505 ln
1015 2447 1022 2505 i
1051 2444 1184 2507 litteram
1206 2450 1322 2511 cadttnt
1337 2432 1426 2532 'quoae

205 2755 296 2805 Omina
310 2753 358 2803 omi
383 2750 399 2815 (Ῑ
423 2765 492 2816 ρετ
516 2748 612 2799 litteras
628 2763 688 2798 casn
709 2749 777 2800 tronti
794 2759 886 2799 exeunt

204 2868 229 2906 et
246 2843 269 2907 st
289 2858 305 2920 ιῑ
326 2857 372 2923 ρὶ
393 2860 487 2905 exeant
504 2869 573 2917 ager.
595 2853 626 2904 ri.
648 2853 686 2901 sio
707 2860 732 2901 et
751 2862 833 2917 cetera
853 2867 875 2918 ρ·

205 2945 220 3006 t]
241 2945 270 2992 W
290 2959 337 3010 ρετ
355 2944 377 2991 is
393 2948 486 2991 exeant
504 2939 552 3005 hac
570 2948 641 3005 pater
659 2938 705 2986 tris
727 2973 734 2986 .
757 2954 804 2988 nea

206 3030 324 3079 aniascir
343 3031 358 3078 i
377 3027 438 3077 icini
454 3035 511 3076 snut
530 3027 630 3091 excepti

206 3112 222 3161 lt
240 3113 266 3162 ll
286 3115 349 3177 itdq,
369 3111 491 3161 rieittraliu
508 3111 531 3160 it
547 3107 571 3177 ,ss

239 3201 300 3250 ltem
316 3199 401 3247 omitia
419 3197 468 3247 ιτῦτῑ
486 3196 503 3260 a]
519 3189 634 3245 effernni‘
643 3213 719 3264 grace
733 3213 762 3246 os
775 3207 799 3247 et
812 3208 869 3248 aute
884 3215 939 3248 oss

207 3299 421 3337 socunuroc
452 3283 627 3333 einander
657 3300 821 3335 osnrroc

206 3392 295 3440 ‹lmuia
314 3391 364 3440 no‘u
382 3391 399 3452 (l
416 3404 468 3456 per.
486 3403 524 3438 as.
545 3370 611 3436 littus
630 3385 774 3440 terminasti
793 3391 893 3452 siquidse
913 3391 968 3441 lum

205 3481 245 3527 nis
271 3486 330 3528 snm
356 3478 390 3526 nit
418 3490 473 3525 mas
497 3477 575 3524 maris
601 3477 639 3525 sin
667 3479 694 3524 w
725 3491 801 3541 green

206 3568 355 3631 ostiurantnr
390 3563 420 3611 W
456 3565 521 3627 gena
555 3577 616 3614 casu
644 3579 662 3629 g

205 3654 239 3701 unii
269 3668 345 3718 grace
375 3664 440 3700 aoso
472 3664 586 3700 oosnnac
618 3648 694 3698 latine
723 3650 797 3699 thoas
823 3650 933 3699 thoantis

205 3738 232 3787 Si
250 3738 278 3786 w
299 3753 373 3802 grece
392 3737 417 3785 ἰιι
436 3751 466 3784 on
486 3736 563 3801 primi
581 3735 678 3813 ordinis
694 3737 718 3784 it
737 3738 769 3786 ιῖιτ
789 3753 864 3803 grece
880 3753 932 3787 nint

205 3859 295 3908 Omnia
313 3858 361 3908 aaa
379 3857 395 3920 c}
411 3857 471 3922 sing
489 3837 548 3906 ablil
564 3858 588 3906 in
606 3858 634 3911 .i.
653 3823 670 3857 u
683 3858 776 3907 cadant
794 3857 811 3905 lt
829 3858 916 3908 addita
932 3860 983 3909 inm
1001 3860 1039 3925 spi

205 3962 247 4029 plin
272 3962 383 4013 omnium
407 3959 465 4012 obla
494 3970 519 4010 w
546 3961 622 4026 alogii
646 3974 676 4008 ea
699 3961 800 4011 dcmnm
825 3964 849 4011 in
878 3965 913 4013 .i.
1391 3969 1426 4018 ’20

205 4136 335 4187 3caetera
348 4150 394 4201 per
408 4135 521 4184 ordinem
540 4132 677 4184 literarum.
696 4148 760 4195 quae
778 4150 799 4183 ω
887 4138 1015 4187 fruenter
1032 4132 1151 4205 γαστὴρ,
1176 4148 1218 4189 ant
1235 4156 1256 4189 ω
1343 4141 1423 4192 ilex.

135 4207 217 4272 ceptis
234 4204 284 4284 liis.
302 4208 349 4255 iter
367 4207 443 4269 cicer,
462 4218 559 4270 passer.
579 4203 642 4252 haec
660 4218 681 4251 ω
765 4205 896 4269 Scyllaba
912 4205 974 4256 Ιτεεε
992 4209 1069 4258 latine
1086 4213 1111 4259 in
1129 4226 1166 4261 er.
1186 4207 1348 4274 Κλέανδρος
1366 4214 1424 4263 Cle·

134 4277 213 4326 ander
230 4289 352 4339 onappoa
371 4275 478 4340 Onager.
499 4274 588 4323 (lamia
606 4288 627 4322 ω
699 4271 730 4322 12
748 4290 839 4339 graeca
858 4277 994 4340 aliqnando
1013 4301 1026 4330 n
1045 4283 1209 4330 aestimantur
1227 4283 1275 4331 hoc
1292 4283 1360 4330 anim
1380 4299 1426 4346 ge-

136 4350 194 4396 nem
211 4346 325 4410 genitino
345 4361 406 4395 casn
425 4359 517 4410 graeco
536 4350 560 4393 et
577 4343 703 4406 siquidem
722 4346 888 4394 terminantur
906 4349 931 4395 ln
951 4361 991 4406 ος,
1010 4360 1035 4399 nt
1054 4365 1144 4416 graece
1161 4367 1182 4399 ω
1256 4351 1284 4401 17
1298 4345 1420 4403 αἰγείου,

135 4415 225 4465 Omina
243 4430 264 4464 ω
353 4415 384 4466 19
404 4415 504 4481 syllaba
519 4435 532 4464 s
550 4411 681 4478 pluralia

206 4619 219 4668 l
239 4618 371 4670 Ouinin-
384 4621 415 4671 lo
432 4619 483 4669 alia
500 4626 559 4667 aunt
575 4619 672 4671 Clarie.
690 4635 716 4683 p.
732 4623 775 4675 (lt.
793 4620 833 4684 ll,
851 4623 917 4674 node
934 4625 1103 4687 supplementa
1120 4627 1265 4674 lucernorum
1279 4627 1357 4691 petivi

139 4688 166 4738 ll
188 4689 321 4738 (lmniu-
336 4692 365 4741 l'l
386 4694 486 4740 Aeneae
505 4689 603 4743 conas.
626 4706 653 4752 p.
671 4692 714 4744 50.
733 4694 750 4740 8
820 4691 851 4742 18
870 4696 959 4744 tlmnin
972 4724 1006 4732 —
1018 4693 1092 4757 ama
1111 4697 1260 4760 excepimus
1279 4713 1335 4746 ear.
1355 4697 1423 4748 Boo.

133 4772 160 4819 p.
178 4757 213 4809 93
229 4775 268 4822 sq.
345 4761 370 4809 in
389 4761 396 4808 i
416 4760 498 4810 littera
515 4759 607 4809 cadunt
624 4760 650 4809 B
730 4759 761 4815 lll
778 4760 846 4811 inelnt
863 4764 894 4812 ab
914 4763 962 4813 hoe
980 4765 1047 4813 anani
1067 4763 1155 4813 ltornm
1171 4774 1278 4827 praeter
1290 4768 1365 4830 fidem
1383 4783 1427 4818 co·

134 4827 196 4876 dicta
215 4827 304 4877 addidi
316 4842 351 4876 en
369 4829 402 4889 B,
420 4830 485 4881 ande
498 4833 668 4894 rrtpplerrrenta
685 4830 787 4881 aaaron
805 4847 917 4882 amanam
932 4835 1013 4896 petita
1031 4842 1088 4884 erant
