3114 5356
144 360 209 402 mur
590 334 598 346 ”
692 337 900 399 PRAEFATIO

147 523 277 609 scripto.
324 522 462 586 similem
490 544 586 586 usum
617 521 780 608 praestitit
816 517 945 584 libellus
982 519 1028 584 de
1059 521 1284 607 generibus
1319 523 1443 587 nomi-

146 647 256 707 num,
287 625 380 688 cuius
412 623 585 688 maximam
613 630 779 710 parteme
808 620 1056 687 Vindobonensi
1085 621 1198 687 codice
1226 632 1301 709 post
1321 621 1442 688 ..Ovidii

147 724 335 791 Halieutica
357 731 389 788 51
410 723 517 788 Gratii
540 734 573 789 et
593 727 782 792 Nemesiaui
804 727 1008 814 Cynegetica
1027 748 1059 810 p.
1083 727 1123 786 74
1142 745 1212 810 sqq.
1231 727 1356 810 primus
1375 725 1442 789 edi·

148 829 197 893 dit
225 827 388 913 Hauptius
418 847 448 888 a.
478 828 576 911 1838,
604 830 768 913 integrum
797 827 916 893 librum
944 852 962 893 5
984 825 1148 890 Laonensi
1169 824 1280 890 codice
1307 827 1441 913 protulit

50 914 55 926 ⁸
149 928 297 993 Clericus
320 928 353 990 in
374 925 522 1011 catalogo
546 930 694 995 codicum
717 928 917 994 Gallicorum
937 927 1122 1012 (catalogue
1139 927 1274 1011 general
1295 927 1354 992 des
1376 948 1440 991 ma-

148 1029 292 1093 nuscrits
313 1027 371 1091 des
392 1026 633 1118 bibliotheques
654 1032 712 1096 des
734 1031 989 1116 departements)
1011 1028 1029 1093 I
1050 1052 1083 1116 p.
1107 1029 1168 1090 649
1189 1049 1259 1113 sqq.
1303 1050 1380 1091 nam
1408 1029 1439 1093 in

149 1151 187 1195 eo
209 1128 293 1195 libro
315 1149 445 1216 quoque
466 1151 551 1215 quae
573 1131 613 1196 de
636 1133 842 1219 antiquorum
872 1133 1067 1218 scriptorum
1093 1149 1156 1193 usu
1183 1127 1338 1193 adnotata
1367 1139 1439 1194 sunt

147 1230 216 1297 iere
238 1233 347 1297 omnia
367 1230 517 1297 Charisio
542 1232 712 1299 debentur.
757 1231 856 1297 semel
882 1230 936 1295 vel
957 1232 1009 1298 bis
1035 1232 1234 1294 mentionem
1262 1228 1326 1293 feci
1354 1218 1437 1315 frag·

15 1338 24 1346 '
149 1332 252 1396 menti
275 1332 363 1420 quod
383 1331 608 1399 Donatiani
629 1336 759 1399 nomine
781 1333 972 1420 inscriptum
989 1354 1033 1398 ex
1053 1329 1166 1394 codice
1183 1329 1340 1396 Bobiensi
1363 1331 1436 1396 Par·

150 1432 280 1498 rhasius
297 1432 401 1496 edidit
421 1431 601 1500 Mediolani
620 1457 649 1500 a.
668 1439 759 1518 1504,
782 1457 879 1521 equo
902 1435 1122 1521 discrepantia
1144 1433 1335 1518 scripturae,
1357 1456 1436 1521 quar

148 1534 282 1621 quidem
304 1534 526 1598 memorabilis
549 1557 621 1602 esse
638 1537 830 1619 videbatur,
852 1535 1002 1621 adposita
1023 1543 1073 1599 est
1091 1557 1123 1620 p.
1148 1535 1188 1594 52
1215 1536 1319 1598 5153.
1351 1534 1435 1600 deni·

149 1654 215 1720 que
241 1653 347 1718 pauca
379 1658 397 1699 e
434 1636 578 1702 codice
615 1637 850 1702 Lavantino
880 1638 936 1719 24,
973 1658 1011 1699 eo
1048 1634 1090 1698 de
1124 1654 1189 1720 quo
1218 1634 1434 1700 analectorum

26 1799 28 1802 ,
146 1736 432 1818 grammaticorum
447 1738 589 1803 editores
606 1739 874 1804 Vindobonenses
897 1760 929 1823 p.
952 1734 1070 1800 XXIV
1089 1734 1254 1817 dixerunt,
1268 1735 1430 1824 adscripsi

147 1835 182 1898 in
202 1856 241 1898 eo
264 1836 376 1902 codice
397 1841 485 1902 enim
508 1847 600 1904 extat
621 1862 675 1904 ars
702 1837 916 1925 grammatica
940 1835 1071 1901 saeculo
1094 1843 1210 1900 octavo
1237 1837 1375 1925 scripta,
1406 1840 1432 1903 ir

146 1955 211 2021 qua
233 1937 393 2022 quaedam
413 1960 431 2002 e
454 1939 597 2004 Charisii
616 1939 709 2005 libris
731 1948 865 2026 recepta
886 1959 959 2003 esse
980 1937 1103 2002 inveni.

231 2035 294 2101 His
316 2037 409 2104 libris
429 2040 540 2125 igitur,
570 2041 748 2127 dequibus
773 2040 855 2122 dixi,
881 2041 927 2103 ita
948 2061 1027 2103 usus
1050 2060 1123 2102 sum
1149 2047 1186 2102 ut
1207 2036 1430 2127 Neapolitanm

145 2137 251 2203 codex
266 2138 514 2206 fundamentum
530 2153 617 2209 esset
631 2142 830 2208 recensionis
851 2141 985 2227 eiusque
1000 2140 1170 2226 scriptura,
1193 2140 1222 2202 si
1237 2141 1368 2225 quando
1382 2144 1429 2207 mi

145 2261 208 2302 nus
229 2240 405 2325 diligenter
424 2244 539 2310 habita
560 2254 658 2327 esset,
680 2265 724 2308 ex
744 2243 879 2328 reliquis
897 2249 1054 2329 quantum
1074 2241 1144 2305 fieri
1164 2250 1277 2328 posset
1299 2246 1428 2329 corrige

145 2348 236 2404 retur
258 2349 289 2405 51
313 2329 526 2432 suppleretur.
559 2356 591 2411 et
611 2345 790 2410 Bobiensia
809 2341 940 2430 quidem
963 2351 1118 2429 excerpta
1138 2349 1171 2405 et
1185 2363 1224 2405 ea
1242 2365 1325 2429 quae
1345 2368 1387 2410 ex
1404 2347 1427 2412 li

146 2438 234 2504 bello
255 2441 295 2506 de
311 2448 487 2528 generibus
510 2448 679 2512 nominum
698 2453 731 2510 et
752 2466 795 2509 ex
810 2443 991 2508 Donatiani
1012 2442 1195 2526 fragmento
1217 2456 1350 2532 recepta
1364 2469 1426 2513 sun

145 2562 188 2604 ex
203 2542 300 2608 editis
318 2546 561 2632 exemplaribus
580 2546 750 2632 descripsi,
773 2545 971 2630 reliquorum
985 2543 1087 2609 libros
1103 2566 1201 2608 manu
1216 2546 1355 2632 scriptos
1370 2548 1426 2635 ips

145 2646 286 2708 excussi.
306 2655 410 2728 restat
432 2656 469 2711 ut
491 2647 620 2712 dicatur
640 2645 682 2709 de
704 2645 846 2710 codice
865 2645 960 2709 Iani
981 2645 1158 2728 Dousae,
1184 2668 1281 2732 quem
1309 2656 1342 2710 et
1363 2648 1425 2714 olin

101 2777 102 2780 ¹
146 2743 189 2807 ad
210 2744 298 2809 hunc
317 2748 563 2832 grammaticum
585 2746 815 2831 corrigendum
836 2744 1057 2810 adhibuerunt
1077 2747 1249 2835 conplures
1267 2757 1299 2812 ct
1317 2749 1422 2836 ipsse

144 2847 275 2910 nominc
296 2848 493 2936 aliquotiens
515 2851 706 2912 memoravi.
751 2847 819 2909 eius
843 2843 919 2909 libri
941 2847 1080 2933 primum
1100 2850 1298 2913 mentionem
1320 2849 1423 2915 lactan

144 2967 216 3009 esse
236 2948 348 3012 inveni
369 2969 389 3011 a
410 2946 514 3012 Paulo
533 2948 679 3029 Merula,
705 2947 852 3033 quicum
881 2948 917 3010 in
938 2947 1039 3011 Ennii
1058 2949 1225 3013 annalium
1248 2951 1423 3036 fragmenti

142 3065 172 3109 a.
200 3049 279 3110 1595
302 3047 399 3112 editis
420 3072 484 3114 non
504 3049 595 3115 nulla
608 3058 755 3114 veterum
770 3048 963 3134 scriptorum
981 3049 1165 3134 fragmenta
1184 3070 1203 3111 a
1230 3049 1382 3116 Charisio
1398 3056 1421 3117 ci

142 3154 212 3209 tata
233 3147 329 3214 aliter
349 3157 448 3237 atque
476 3153 510 3215 in
533 3151 628 3215 editis
653 3149 895 3234 exemplaribus
916 3159 985 3213 tum
1007 3148 1204 3234 legebantur
1225 3151 1388 3238 proferret
1407 3178 1420 3241 1

143 3250 183 3311 53
209 3251 266 3314 187
284 3253 345 3314 237
367 3256 429 3317 424
459 3257 537 3336 626,
559 3251 641 3315 baec
663 3271 698 3314 se
719 3271 764 3314 ex
781 3250 932 3335 uestigiis
955 3250 1082 3336 antiqui
1105 3249 1199 3332 libri,
1229 3274 1326 3338 quom
1354 3275 1419 3341 apu

144 3347 262 3414 Ianum
278 3352 425 3417 Dousam
448 3355 593 3440 legisset,
616 3350 808 3416 emendasse
827 3352 994 3438 professus
1017 3361 1078 3416 est.
1110 3352 1229 3418 deinde
1244 3354 1418 3420 Franciscu

143 3449 258 3515 Dousa
279 3453 353 3519 Iani
375 3454 461 3519 filius
481 3456 513 3518 in
536 3453 656 3518 Lucilii
678 3453 850 3517 satirarum
874 3452 1022 3539 reliquiis
1037 3472 1068 3514 a.
1089 3455 1168 3515 1597
1188 3454 1286 3520 editis
1301 3479 1341 3522 ea
1355 3480 1417 3545 qua

143 3574 185 3617 ex
206 3553 327 3619 Lucilii
347 3557 457 3621 satiris
479 3579 500 3620 a
522 3555 672 3621 Charisio
693 3557 794 3619 citata
814 3564 891 3619 sunt
905 3576 948 3618 ex
962 3561 1073 3618 vetere
1093 3553 1216 3637 codice,
1239 3565 1275 3618 ut
1289 3558 1345 3640 ait,
1368 3582 1416 3645 par

141 3654 200 3718 tim
214 3655 285 3741 ipse
301 3658 489 3723 emendavit
503 3659 622 3747 partim
636 3678 656 3720 a
672 3665 766 3743 patre
782 3655 954 3720 emendata
969 3652 1134 3718 exhibuit:
1150 3653 1193 3718 cf.
1208 3667 1274 3721 not.
1288 3658 1321 3720 in
1333 3658 1415 3725 Luci

142 3763 203 3817 sat.
218 3756 334 3841 fragm.
351 3760 415 3823 inc.
438 3762 496 3824 128
517 3784 549 3847 p.
568 3763 638 3840 106,
656 3759 696 3822 fr.
712 3760 770 3821 150
786 3780 816 3843 p.
837 3755 1030 3841 107,110p.
1054 3757 1125 3837 111,
1140 3754 1192 3817 IX
1212 3762 1242 3821 7.
1262 3760 1299 3821 12
1318 3781 1349 3845 p.
1369 3763 1415 3826 12:

140 3854 228 3919 XIX
244 3860 283 3921 10
297 3881 330 3944 p.
350 3863 418 3925 131.
449 3869 518 3926 tum
533 3859 648 3925 Helias
664 3859 849 3939 Putschius,
871 3857 928 3943 qui
940 3855 1084 3921 Charisii
1101 3854 1203 3921 libros
1219 3857 1319 3922 multo
1332 3882 1413 3926 emer

57 4020 62 4026 .
141 3957 285 4022 dationes
298 3980 395 4045 quam
408 3970 484 4026 ante
499 3962 689 4026 ferebantur
705 3959 818 4041 edidit,
839 3958 953 4022 eodem
973 3958 1087 4023 codice
1102 3979 1136 4021 se
1153 3979 1248 4021 usum
1265 3982 1335 4024 csse
1349 3961 1413 4027 dici

140 4060 189 4123 ita
210 4059 296 4122 enim
317 4061 433 4125 scribit
454 4063 490 4127 in
513 4062 717 4150 praefatione
735 4063 769 4126 in
787 4059 1019 4144 grammaticae
1042 4058 1181 4124 Latinae
1210 4070 1360 4126 auotorcs
1383 4085 1412 4128 ar

139 4160 258 4246 tiquos,
277 4159 421 4225 Charisii
443 4162 545 4226 libros
569 4185 603 4226 se
625 4184 668 4226 ex
687 4161 800 4227 codice
821 4158 1025 4225 nobilissimo
1047 4160 1121 4223 Iani
1142 4159 1276 4225 Dousae
1300 4163 1411 4228 infinit

139 4259 220 4325 locis
243 4269 355 4325 auctos
377 4261 544 4351 suppletos
565 4271 598 4326 51
616 4263 805 4327 emendatos
828 4262 982 4327 edidisse.
1020 4261 1161 4349 denique
1175 4263 1293 4327 Petrus
1308 4264 1410 4330 Bond.¹

137 4381 211 4423 mus
231 4363 341 4425 varias
364 4363 544 4447 scripturas
559 4384 602 4427 ex
619 4362 676 4427 illo
691 4363 774 4427 libro
792 4362 984 4450 descriptas,
1004 4364 1135 4429 easdem
1147 4387 1229 4452 quas
1246 4365 1409 4432 Putschiu:

139 4482 267 4547 quoque
288 4462 360 4526 aB.
383 4461 545 4528 Vulcauio
568 4466 735 4552 accepisse
755 4475 787 4529 et
808 4464 879 4529 loco
903 4464 1026 4529 codicis
1048 4487 1224 4552 usurpasse
1248 4467 1343 4531 docet
1365 4491 1408 4533 va

137 4558 211 4623 lect.
233 4584 265 4646 p.
293 4566 339 4646 15,
362 4563 466 4650 pretio
486 4563 549 4628 sibi
569 4568 700 4651 paravit
721 4574 755 4630 et
783 4565 943 4654 quaedam
971 4588 991 4630 a
1019 4564 1175 4632 Putschio
1204 4570 1408 4654 praetermisi

136 4660 212 4725 inde
232 4664 341 4729 attulit
367 4687 437 4730 var.
465 4664 538 4730 lect.
559 4688 592 4752 p.
618 4668 655 4730 13
678 4689 749 4752 sqq.
782 4670 840 4731 120
864 4670 925 4732 230
948 4690 1019 4754 sqq.
1051 4668 1154 4755 ipsius
1180 4678 1289 4734 autem
1313 4672 1407 4738 codic

136 4782 221 4846 quae
244 4775 331 4829 esset
356 4769 439 4831 ratio
468 4777 567 4854 atque
594 4769 771 4832 auctoritas
799 4769 922 4833 frustra
942 4771 1104 4856 quaesivi.
1149 4792 1225 4834 nam
1254 4794 1328 4836 cum
1359 4773 1406 4840 Le

134 4859 263 4945 denses,
283 4866 370 4952 apud
393 4889 474 4953 quos
497 4869 551 4933 vel
575 4867 726 4934 Vulcanii
753 4869 890 4936 schedas
913 4867 967 4935 vel
989 4870 1093 4959 ipsius
1116 4870 1251 4939 Dousae
1281 4895 1405 4962 excerp*
