3114 5356
621 281 704 356 aar.
729 294 868 356 cuum
891 295 962 356 tm.
985 295 997 353 1
1396 281 1457 360 air

1247 438 1253 450 .
1268 410 1368 453 ssa-so
1381 412 1406 454 r.

152 484 250 544 activo
273 491 303 542 et
324 480 448 562 neutrali
471 489 521 542 aut
543 501 561 541 o
581 479 677 542 littera
696 481 774 542 nulla
798 480 853 542 alia
872 481 1066 561 praecedente
1088 479 1180 542 vocali
1206 424 1395 558 teiminauu,
1425 494 1458 547 ut

153 604 239 659 amo,
263 590 447 655 auteeto,
471 589 503 640 ut
525 600 675 656 commeo,
698 590 748 643 aut
769 581 778 641 i
798 589 827 642 et
848 600 883 654 o,
905 588 935 641 ut
955 580 1048 655 lanio,
1070 590 1121 642 aut
1142 602 1160 643 u
1183 591 1212 643 et
1232 603 1267 657 o,
1289 592 1323 645 ut
1342 585 1456 648 adiuvo.

155 687 260 747 eadem
289 681 444 744 indicativo
472 682 559 743 modo
586 690 718 762 tempore
742 681 897 763 praesenti
916 681 1045 743 secunda
1068 702 1195 762 persona
1216 703 1339 746 nomem
1358 688 1458 765 singu-
1547 672 1550 676 ⁴

155 788 211 848 lari
235 807 251 847 a
273 785 415 865 producta
440 793 505 845 ets
534 783 638 845 litteris
666 783 853 856 terminatur,
878 789 910 842 ut
935 781 1023 842 laudo
1050 782 1160 845 laudas.
1205 784 1313 864 passivi
1341 804 1458 865 quoque

126 889 237 952 sverbi
261 884 428 964 coniugatio
449 884 543 963 prima
564 894 610 947 est
630 904 706 964 quae
728 884 943 964 pronuntiative
965 884 1053 946 modo
1075 892 1208 965 tempore
1232 890 1380 966 praesenti
1404 909 1459 951 nu·

155 1010 240 1052 mero
263 987 405 1066 singulari
429 985 557 1046 secunda
579 1006 705 1065 persona
728 1006 744 1047 a
766 986 892 1047 litteram
911 984 1000 1046 babet
1020 988 1182 1065 proximam
1203 988 1379 1050 novissimae
1401 991 1459 1069 syl:

155 1090 259 1164 labae,
287 1099 319 1149 ut
345 1088 483 1150 laudaris.
529 1089 658 1149 secunda
684 1096 729 1149 est
750 1070 825 1165 quaic
846 1086 949 1147 eodem
970 1087 1058 1149 modo
1081 1100 1111 1150 et
1130 1098 1262 1170 tempore
1284 1099 1313 1150 et
1335 1110 1458 1154 numero

157 1190 289 1252 secunda
311 1209 445 1272 persona
460 1184 474 1270 ΙΙ
491 1190 578 1250 verbo
601 1187 695 1248 activo
717 1195 747 1247 et
767 1187 891 1249 neutrali
918 1208 935 1249 e
962 1188 1104 1269 producta
1133 1198 1201 1250 anto
1225 1190 1415 1254 novissimam
1443 1213 1458 1254 s

156 1292 285 1352 litteram
316 1292 501 1364 terminatur,
537 1300 568 1352 ut
594 1290 685 1350 doceo
714 1289 812 1350 doces.
858 1289 945 1350 buius
974 1299 1072 1352 autern
1101 1292 1313 1370 coniugationis
1342 1312 1460 1373 semper

117 1413 142 1453 ro
157 1392 290 1454 secunda
310 1410 436 1471 persona
461 1411 516 1452 uua
547 1391 674 1451 deterior
704 1397 750 1450 est
776 1389 902 1468 syllaba,
931 1400 965 1452 ut
992 1391 1084 1452 doceo
1111 1392 1215 1467 doces,
1246 1393 1336 1456 sedeo
1362 1395 1459 1457 sedes.

156 1495 231 1554 haec
251 1501 350 1554 autern
373 1504 402 1552 et
422 1492 557 1571 superior
577 1493 676 1552 luturo
704 1498 837 1570 ternpore
864 1491 1081 1571 pronuntiativo
1106 1493 1194 1555 modo
1215 1513 1338 1557 numero
1360 1495 1460 1572 singu·

147 1594 210 1655 lari
233 1613 360 1673 persona
380 1594 473 1672 prima
496 1594 534 1653 bo
555 1591 664 1671 syllaba
687 1592 800 1666 linitur,
829 1600 861 1653 ut
882 1593 1006 1656 laudabo
1026 1594 1146 1656 docebo.
1192 1597 1320 1657 secunda
1344 1614 1460 1675 quoque

157 1695 326 1774 coniugatio
346 1694 454 1774 passivi
478 1694 556 1755 verbi
578 1693 682 1753 eodem
702 1693 791 1753 modo
813 1701 946 1773 tempore
969 1714 1092 1759 numero
1112 1705 1142 1757 et
1161 1714 1287 1775 persona
1303 1713 1319 1756 e
1335 1695 1460 1759 litteram
1537 1725 1542 1731 ·

156 1795 333 1875 productam
355 1796 434 1855 iuxta
454 1795 642 1856 novissimam
662 1793 802 1872 syllabam
824 1794 928 1870 babet,
949 1807 981 1857 ut
1002 1817 1124 1860 moneor
1146 1796 1284 1857 moueris.
1329 1798 1360 1858 in
1382 1808 1462 1861 utra·

121 1920 144 1960 rs
159 1916 217 1975 que
238 1907 335 1958 autern
358 1895 563 1972 coniugatione
586 1894 801 1974 pronuntiativo
826 1896 914 1956 modo
938 1899 1035 1959 luturo
1058 1907 1190 1976 tempore
1217 1896 1311 1975 prima
1333 1917 1460 1977 persona

158 2017 213 2076 per
240 1997 296 2059 bor
323 1997 463 2077 syllabam
491 1997 606 2070 linitur,
637 2005 670 2057 ut
696 1996 838 2058 monebor
864 1997 1015 2061 laudabor.
1042 1999 1150 2060 tertia
1179 2006 1225 2058 est
1245 2016 1328 2076 quae
1357 2000 1460 2061 eodem

159 2098 248 2160 modo
271 2107 301 2159 et
322 2108 454 2180 ternpore
482 2107 511 2160 et
538 2116 664 2179 persona
687 2106 717 2158 et
737 2116 860 2160 numero
888 2100 898 2160 i
923 2109 990 2161 ante
1010 2098 1200 2161 novissimam
1223 2097 1383 2161 slitteram
1402 2109 1461 2162 ter·

159 2200 290 2261 minatur
323 2201 468 2264 interdum
503 2208 637 2280 correpta
670 2199 816 2260 interdum
845 2200 1002 2279 producta,
1037 2205 1189 2276 correpta,
1222 2207 1256 2259 ut
1284 2199 1350 2261 dico
1376 2201 1460 2274 dicis,

160 2303 320 2382 producta,
351 2313 383 2365 ut
407 2304 493 2365 audio
515 2303 608 2365 audis.
653 2302 757 2362 bacci
781 2320 863 2363 suain
887 2299 1060 2378 productam
1081 2298 1190 2377 ubique
1212 2302 1350 2364 custodit
1394 2322 1459 2365 cor·

120 2413 244 2483 arrepta
260 2412 360 2464 'autem
383 2424 420 2466 an
437 2405 579 2484 producta
603 2404 651 2464 sit.
665 2404 749 2465 lacile
770 2399 973 2489 perspicimus.
985 2399 1016 2459 in
1037 2399 1193 2460 indicativo
1215 2402 1303 2463 modo
1326 2411 1460 2484 tempore

160 2505 311 2585 praesenti
332 2524 454 2566 numero
476 2505 580 2585 plurali
601 2506 696 2585 prima
719 2503 761 2564 cel
783 2500 911 2563 secunda
933 2518 1076 2580 persona,
1106 2500 1155 2561 ubi
1181 2501 1245 2562 sine
1271 2522 1385 2565 summa
1409 2505 1460 2567 ‹le-

160 2607 309 2667 formitate
331 2607 470 2670 adversus
493 2616 625 2669 naturam
646 2604 733 2666 rerba
756 2601 862 2681 corripi
883 2601 928 2664 rel
950 2602 1073 2683 produci
1091 2620 1151 2663 non
1175 2612 1317 2681 possunt,
1341 2614 1373 2666 ut
1388 2606 1461 2684 legi-

159 2726 227 2768 mus
253 2707 367 2786 legitis,
401 2709 534 2770 numurus
562 2707 676 2770 auditis.
721 2711 750 2763 et
778 2712 916 2782 utraque,
947 2712 1007 2766 tam
1031 2704 1175 2784 producta
1201 2723 1288 2783 quam
1314 2716 1458 2787 correpta,

160 2811 261 2870 lutuno
283 2818 414 2889 tempore
438 2807 650 2890 pronuntiativo
673 2805 761 2866 modo
783 2822 907 2865 numero
926 2805 1067 2883 singulari
1091 2824 1217 2885 persona
1233 2807 1328 2886 pn'ma
1343 2827 1459 2888 peram

122 2929 148 2968 25
162 2910 305 2989 syllabam
323 2911 437 2986 linitur,
461 2923 492 2974 ut
510 2910 624 2971 audiam
646 2906 756 2981 dicam;
786 2906 839 2968 sed
861 2907 948 2968 etiam
971 2907 1001 2967 in
1023 2906 1077 2981 bo,
1103 2906 1133 2968 in
1155 2907 1201 2969 bis
1223 2916 1322 2970 tamen
1345 2909 1460 2971 dumta.

162 3020 211 3073 rat
242 3029 333 3090 quae,
364 3032 431 3073 cum
454 3011 596 3091 producta
620 3009 694 3082 sint,
729 3007 875 3069 secundae
902 3007 1115 3087 coniugationis
1137 3008 1292 3071 formulam
1314 3011 1344 3072 in
1367 3012 1461 3091 prima

162 3132 290 3193 persona
309 3123 424 3174 servant
444 3111 609 3189 habentque
628 3119 696 3172 ante
717 3103 774 3171 o'e
796 3109 1006 3189 paenultimam
1025 3113 1188 3188 'correptam
1208 3111 1352 3187 litteram,
1378 3124 1410 3175 ut
1425 3133 1461 3175 eo

161 3216 188 3276 is
211 3216 277 3288 ibo,
311 3233 385 3293 queo
412 3213 478 3290 quis
505 3211 604 3289 quibo.
649 3213 731 3274 tertia
755 3209 922 3286 coniugatio
942 3211 1051 3288 passivi
1071 3210 1151 3271 verbi
1171 3212 1211 3273 ita
1233 3212 1341 3293 duplex
1361 3224 1407 3278 est
1427 3223 1461 3276 ut

161 3316 376 3398 pronuntiatiro
405 3313 492 3374 modo
520 3321 652 3393 tempore
681 3311 828 3392 praesenti
853 3328 975 3371 numero
1004 3310 1142 3389 singulari
1173 3331 1300 3392 persona
1331 3315 1461 3376 secunda

122 3433 147 3472 ao
162 3427 212 3479 aut
235 3417 243 3476 i
265 3415 436 3496 productam
459 3413 582 3475 litteram
606 3414 684 3475 iuxta
704 3412 891 3474 novissimam
914 3410 1056 3490 syllabam
1081 3411 1200 3485 babeat,
1223 3420 1256 3474 ut
1274 3415 1388 3475 nutrior
1406 3433 1461 3475 nu·

163 3519 258 3590 tritis,
292 3525 341 3576 aut
368 3534 384 3574 e
412 3523 592 3597 correptam,
625 3526 657 3576 ut
684 3515 784 3594 rapior
809 3512 938 3592 raperis,
967 3511 1050 3590 legor
1076 3511 1192 3590 legeris.
1237 3515 1335 3578 loturo
1361 3524 1458 3576 autem

162 3629 295 3697 tempore
317 3616 532 3695 pronuntiativo
553 3616 640 3678 modo
665 3616 758 3696 prima
781 3633 905 3695 persona
929 3632 983 3693 per
1002 3633 1036 3675 ar
1058 3615 1197 3694 syllabam
1220 3616 1334 3690 linitur,
1357 3624 1390 3676 ut
1404 3633 1459 3676 nu·

161 3719 235 3779 triar.
255 3716 354 3797 rapiar
375 3718 464 3796 legar.
510 3719 595 3780 verba
618 3715 760 3778 neutralia
781 3715 818 3776 ad
843 3715 1081 3794 coniugationum
1102 3716 1233 3796 speciem
1254 3716 1379 3777 activum
1394 3733 1460 3776 rer·

159 3819 230 3879 bum
261 3825 440 3895 sequuntur;
474 3819 650 3898 deponentia
682 3827 711 3880 et
742 3816 908 3880 communia
937 3816 1061 3896 passivis
1093 3817 1259 3878 cohaerent
1273 3813 1295 3900 ,ΙΙ
1315 3817 1458 3896 quaedam

120 3927 241 3984 cextra
264 3919 318 3978 has
339 3919 573 3997 coniugationes,
604 3939 663 3981 non
685 3920 765 3982 nulla
784 3939 819 3981 ex
840 3919 886 3981 bis
910 3918 984 3998 ipsis
1003 3918 1091 3980 verba
1104 3912 1165 3998 'per
1186 3917 1360 3981 anomaliam
1382 3918 1460 3979 varie

160 4019 301 4080 declinari
322 4039 444 4082 necesse
466 4031 526 4095 est,
551 4041 624 4100 quae
646 4023 784 4102 deinceps
804 4022 1006 4083 ostendentur.

247 4121 360 4183 Primae
382 4122 594 4200 coniugationis
615 4122 702 4183 verba
724 4122 894 4204 imperativo
916 4120 1003 4183 modo
1023 4130 1156 4200 tempore
1168 4119 1316 4200 praesenti
1331 4117 1461 4181 secunda

161 4241 290 4303 persona
313 4241 329 4282 a
350 4222 444 4283 littera
467 4224 674 4299 terminantur,
698 4233 731 4288 ut
748 4242 814 4286 amo
837 4241 918 4296 ama,
942 4228 1028 4282 cauto
1049 4230 1145 4281 canta
1189 4221 1301 4300 primae
1322 4220 1461 4296 coniuga-

162 4323 251 4385 tionis
279 4322 365 4383 verba
393 4324 568 4403 promissivo
592 4323 681 4386 modo
706 4324 820 4386 adiecta
845 4323 882 4385 ad
910 4321 1112 4403 imperativum
1139 4321 1259 4383 modum
1283 4321 1322 4382 bo
1350 4319 1460 4399 syllaba

124 4445 149 4484 co
163 4425 371 4497 terminantur,
400 4433 431 4484 ut
451 4441 525 4483 ama
546 4424 665 4496 amabo,
695 4431 789 4485 canta
816 4423 948 4485 cantabo.
993 4423 1104 4502 primae
1132 4420 1345 4500 coniugationis
1373 4417 1461 4479 verba

233 4580 250 4627 2
267 4591 353 4627 comeo
371 4577 403 4626 M
419 4593 505 4628 cumeo
525 4577 574 4627 Am
642 4575 659 4626 8
677 4591 691 4624 e
710 4579 857 4641 productam
877 4585 935 4626 ante
952 4574 1117 4626 nouissimam
1134 4589 1147 4623 s
1163 4572 1224 4623 ΑΜ
1239 4587 1253 4622 e
1269 4571 1417 4638 productam
1435 4577 1460 4618 et

164 4648 211 4697 sB
285 4646 314 4695 ll
334 4644 427 4710 autem]
445 4649 512 4696 euim
529 4646 612 4696 ΑΒΜ
683 4645 715 4695 19
733 4647 742 4694 i
759 4661 831 4697 suam
849 4647 997 4711 productam
1014 4655 1032 4699 ς
1049 4645 1057 4691 i
1074 4657 1149 4692 snum
1160 4642 1311 4708 productum
1326 4639 1409 4691 ΑΒΜ

165 4717 198 4765 22
216 4716 340 4781 corripis
357 4717 484 4779 corrumpi
495 4711 580 4764 ΑΒΜ
645 4711 679 4764 30
696 4712 907 4770 habente-babet
917 4712 1000 4771 ΑΒΜ
1071 4710 1105 4762 33
1124 4709 1368 4766 neutrallaenctina
1379 4707 1464 4758 ΑΒΜ
1535 4734 1538 4742 -

234 4783 268 4834 33
287 4797 351 4846 qnae
368 4782 488 4846 deinceps
508 4784 541 4832 M
557 4797 621 4846 quae
638 4783 726 4846 inceps
743 4783 769 4834 A
787 4783 908 4848 deinceps
924 4782 951 4832 B
1021 4778 1056 4830 40
1073 4788 1101 4828 ut
1117 4779 1208 4828 amabo
1223 4777 1329 4898 cpntnbo
1346 4776 1429 4830 ΑΒΜ

1186 4860 1225 4924 23
