3114 5356
623 297 704 357 Atti.
729 298 868 360 GllAllil.
891 299 997 361 itui
1396 308 1459 369 399

1245 419 1404 471 ,tacuit

718 492 912 562 pugnatur
933 470 1144 548 comminus
1163 489 1292 562 armis,

779 692 952 746 certatur
972 685 1107 747 limine
1130 687 1165 747 in
1187 686 1290 768 ipso,

123 782 224 872 ,ilem
247 782 462 842 ‘discumbitur
482 802 497 841 a
521 784 635 859 nobis’,

110 920 136 975 ἴ
323 882 462 943 vivitur
485 883 555 942 lioc
578 896 707 963 pacto,

320 983 396 1044 itur
418 984 453 1042 in
474 984 666 1062 antiquam
690 988 832 1049 silvam.

110 1100 211 1177 ²epm
235 1083 334 1161 specie
357 1102 415 1143 uon
438 1086 486 1161 qui
513 1084 582 1145 lacit
609 1088 661 1147 sed
687 1089 756 1166 quid
784 1091 835 1149 liat
860 1088 1089 1152 demonstratur.
1135 1111 1288 1153 numerum
1310 1094 1454 1173 pluralem

110 1236 124 1279 Ι
148 1182 218 1264 ipsa
245 1183 401 1244 declinatio
428 1186 583 1247 admittere
611 1207 671 1248 nou
696 1198 804 1269 potest.
850 1199 881 1250 ut
912 1191 990 1251 euim
1021 1192 1126 1252 decent
1159 1211 1214 1251 uos
1243 1193 1369 1271 penulae
1399 1196 1454 1256 suli

110 1338 118 1379 Ε
147 1283 244 1347 activa
267 1284 366 1363 specie
389 1286 568 1364 inpersonali
591 1288 731 1364 dicimus,
755 1298 896 1352 cuntura
919 1291 1004 1351 nubis
1026 1292 1098 1364 viae,
1118 1298 1299 1369 pupnoutur
1320 1309 1342 1351 u
1363 1293 1454 1354 nobis

109 1382 240 1449 ntdta
262 1386 318 1445 dici
342 1404 400 1446 nou
423 1393 534 1464 potest,
566 1388 617 1447 scd
636 1389 695 1449 itur
716 1410 732 1450 a
755 1391 840 1453 uobis
859 1395 890 1452 in
913 1391 970 1464 via,
1000 1401 1185 1471 pugnatura
1209 1390 1294 1452 uobis
1314 1392 1346 1453 iu
1364 1392 1452 1455 bello.

149 1485 241 1546 huius
264 1485 342 1546 modi
369 1496 466 1547 alitem
488 1488 630 1549 neutralia
651 1494 913 1553 accommodantur
928 1493 993 1552 loco
1009 1493 1134 1570 tempori
1148 1510 1309 1569 personae,
1332 1502 1364 1552 ut
1378 1494 1453 1555 bene

149 1585 203 1648 illo
227 1587 293 1648 loco
315 1587 463 1661 studetur,
487 1588 563 1648 bene
581 1589 629 1649 illa
652 1591 723 1676 liora
746 1594 897 1665 studetur,
921 1591 996 1650 bene
1018 1591 1097 1669 apud
1120 1588 1199 1651 illum
1224 1593 1367 1655 studetur.

239 1686 315 1745 Sunt
335 1697 485 1766 praeterea
508 1689 594 1748 verim
611 1707 702 1767 quae,
723 1712 790 1752 eum
809 1693 868 1753 siut
886 1689 1123 1770 personaliasub
1140 1691 1234 1751 activa
1248 1691 1452 1768 declinatione,

151 1786 258 1848 collata
284 1787 313 1846 in
342 1807 499 1867 personam
528 1789 665 1868 patieutis
691 1791 868 1870 inpersonali
896 1808 978 1860 more
1004 1792 1174 1866 ligurantur.
1219 1810 1253 1851 ea
1281 1801 1352 1854 sunt
1378 1813 1453 1872 quae

113 1887 249 1947 udatiro
273 1889 353 1948 casui
376 1891 551 1964 cohaerent,
574 1891 652 1951 velut
675 1890 817 1951 maledico
837 1888 906 1961 tibi,
933 1888 1049 1948 invideo
1073 1887 1139 1959 tiit,
1167 1887 1263 1951 obicio
1289 1891 1358 1965 tibi,
1382 1913 1452 1954 eon-

152 1987 219 2049 sulo
242 1987 308 2060 tibi,
333 1989 471 2067 provideo
500 1991 567 2064 uui,
594 1991 706 2069 impero
732 1987 801 2060 tilii,
830 2007 923 2049 noceo
950 1987 1012 2047 uit.
1057 1988 1247 2048 haecomnia
1270 1991 1300 2049 in
1323 2010 1449 2070 persona

150 2087 291 2168 patieutis
311 2108 369 2148 non
394 2100 473 2150 recte
494 2091 616 2151 dicimus
637 2087 795 2147 maledicor
818 2107 834 2148 a
856 2097 886 2148 te
908 2106 963 2149 uec
991 2087 1123 2148 invideor
1138 2085 1182 2172 lia
1204 2097 1247 2162 te,
1280 2090 1333 2150 sed
1361 2093 1451 2153 male-

151 2190 260 2250 dicitur
280 2199 310 2249 et
332 2190 476 2250 invidetur
502 2189 572 2250 milii
592 2207 609 2247 a
630 2196 676 2260 te,
705 2187 831 2248 obicitur
858 2188 945 2262 milii,
975 2188 1139 2249 consulitur
1162 2189 1248 2263 mihi,
1281 2192 1451 2271 providetur

150 2290 240 2362 milii,
269 2291 429 2370 imperatur
452 2290 538 2362 mihi,
568 2296 691 2348 nocetm
717 2288 788 2348 mihi
810 2288 1005 2348 communiter
1027 2307 1043 2348 a
1065 2297 1093 2349 te
1123 2299 1152 2349 et
1181 2298 1279 2350 cetera
1306 2291 1449 2354 similiter.

109 2412 137 2456 aa
151 2391 306 2453 nonenim
330 2392 585 2451 dicimusnocaor
604 2389 721 2449 noceris
743 2397 874 2450 nocetur.
920 2388 1007 2449 lituus
1033 2389 1113 2450 modi
1141 2389 1218 2450 euim
1244 2391 1331 2452 verba
1354 2394 1450 2472 passi·

123 2492 216 2552 'vain
241 2500 372 2552 naturam
401 2508 460 2549 nou
487 2488 612 2561 liabent,
644 2496 773 2549 ceterum
806 2491 862 2549 lioc
885 2490 973 2550 modo
1001 2495 1114 2551 tantum
1142 2487 1342 2552 declinantur:
1380 2493 1449 2556 dum

149 2591 222 2652 illud
252 2600 348 2649 tamen
374 2590 502 2651 sciamus
533 2590 620 2650 etiam
650 2591 681 2649 in
701 2589 851 2651 infinitivis
879 2590 1016 2650 omnibus
1044 2589 1151 2649 cadere
1178 2590 1279 2667 utiquc
1302 2593 1449 2671 passivam

150 2690 408 2768 significationem,
439 2698 470 2749 ut
490 2689 567 2768 apud
592 2688 763 2749 Ciceronem
784 2689 899 2750 ‘nihil
927 2690 1017 2750 milii
1045 2690 1086 2750 ab
1116 2690 1206 2752 istis
1232 2693 1361 2753 noceri
1383 2714 1451 2774 po·

150 2799 252 2860 test’,
287 2798 315 2849 et
345 2789 423 2868 apud
445 2789 615 2850 Sallustium
637 2791 667 2850 in
689 2791 828 2869 iugurtha
857 2793 954 2851 ‘cum
985 2789 1104 2864 Gallis
1135 2792 1177 2851 de
1204 2792 1343 2868 salute,
1376 2813 1449 2855 nou

110 2913 136 2953 as
149 2893 193 2951 de
219 2891 343 2966 gloria
372 2890 544 2950 certari'.
591 2911 690 2952 verum
708 2894 781 2952 haec
803 2900 832 2952 et
854 2892 958 2952 similia
979 2891 1015 2951 de
1035 2892 1248 2953 consuetudine
1269 2893 1450 2971 antiquitatis

149 2994 263 3053 diversa
287 2991 474 3070 reperiuntur
496 2992 618 3069 figurata
641 2993 844 3054 declinatione.
880 2994 957 3073 apud
979 2993 1121 3071 quosdam
1145 2994 1223 3053 enim
1247 3000 1276 3053 et
1297 3011 1351 3073 per
1371 3001 1450 3053 cete-

149 3114 199 3154 ros
218 3093 322 3152 modos
347 3091 577 3170 inpersonalium
599 3093 753 3154 declinatio
775 3095 922 3166 decurrit,
954 3101 984 3152 et
1004 3093 1060 3153 hac
1086 3092 1198 3152 ratione
1227 3113 1319 3171 genus
1342 3095 1449 3175 potius,

149 3215 209 3255 uon
228 3193 347 3254 modum
370 3210 437 3252 esse
459 3191 603 3252 dixerunt.
645 3211 713 3254 nani
736 3212 802 3254 cuni
825 3194 863 3253 sit
882 3193 1055 3253 indicativus
1078 3193 1218 3266 curritur,
1243 3193 1299 3253 iioc
1319 3203 1365 3256 est
1387 3214 1450 3256 om·

150 3315 203 3355 nes
228 3301 364 3365 cumunt,
398 3292 465 3351 iacit
489 3292 691 3371 imperativum
714 3301 863 3364 curratur,
894 3293 1052 3370 optativum
1076 3300 1256 3364 curreretur,
1287 3295 1450 3357 coniuncti-

112 3419 136 3458 ao
151 3414 216 3455 vum
246 3413 313 3453 eum
342 3401 490 3466 curratur,
518 3393 690 3454 infinitivum
716 3391 802 3451 curri.
854 3410 941 3470 quam
963 3392 1188 3452 declinationem
1211 3392 1260 3469 qui
1283 3392 1449 3472 probaverit

149 3496 224 3555 sciet
246 3493 351 3553 certari
374 3501 403 3552 et
431 3493 531 3553 noceri
559 3511 676 3572 quoque
700 3492 838 3552 latinum
864 3510 930 3552 esse
958 3500 986 3550 et
1015 3491 1186 3552 Sallustium
1207 3499 1237 3550 et
1258 3490 1385 3552 Tullium
1403 3494 1448 3555 iu-

147 3594 312 3675 persoualis
333 3594 412 3654 modi
433 3593 606 3654 infinitivum
625 3600 705 3654 recte
727 3591 874 3671 posuisse.

219 3817 231 3866 1
252 3812 389 3881 pugnatur]
413 3818 490 3880 Verp.
510 3816 573 3865 Aen.
585 3816 639 3883 ,vti
652 3815 703 3866 553
773 3816 916 3864 cumminas
930 3815 955 3863 Α
974 3830 1088 3865 commus
1103 3817 1127 3866 B
1196 3817 1213 3868 3
1230 3813 1350 3880 certatur]
1368 3819 1446 3882 Verq.

146 3887 213 3937 Aen.
232 3885 255 3933 X
274 3885 325 3936 355
395 3885 684 3934 ddiscumbiturostro
704 3885 842 3935 Charisius.
866 3885 1028 3950 VapAen.
1050 3886 1131 3935 1700
1212 3883 1351 3951 deicitur]
1372 3888 1447 3937 Pera.
1541 3920 1546 3928 ·

144 4015 193 4058 aot.
214 4006 240 4063 4,
260 4005 293 4055 43
380 3999 479 4065 ditur]
502 4005 580 4067 Vcry.
601 4003 665 4054 Aen.
686 4005 719 4052 Vl
742 4004 791 4054 170
878 4005 956 4053 ised
976 4005 1037 4067 quid
1056 4003 1099 4052 ilat
1113 4021 1133 4068 p
1152 4004 1197 4053 sed
1216 3966 1276 4075 quiil
1293 4002 1338 4054 liat
1355 4006 1387 4055 Μ
1402 4006 1447 4055 sed

145 4076 188 4139 qui
207 4073 251 4121 ilat
269 4072 319 4121 ΑΒ
406 4071 531 4121 licuntur
555 4087 570 4120 n
595 4074 668 4123 nobis
692 4075 717 4121 iu
739 4073 807 4122 uiam
832 4082 980 4138 pugnantur
1002 4088 1017 4121 a
1039 4073 1112 4121 uobis
1130 4073 1214 4121 dicere
1233 4088 1284 4123 non
1300 4089 1446 4140 possumus.

144 4143 318 4205 huiusmodip
389 4148 537 4205 pugnantur
554 4155 570 4188 a
590 4142 662 4190 nobis
678 4142 745 4191 belia
763 4158 810 4193 ona
825 4141 912 4191 ΑΒΜ
981 4141 1013 4191 10
1032 4143 1057 4190 in
1076 4142 1161 4191 uiaM
1175 4142 1201 4190 in
1220 4143 1324 4191 uiamA
1342 4145 1410 4193 uiam
1425 4143 1449 4191 B

217 4209 248 4260 13
270 4210 400 4276 personali
417 4209 465 4257 sub
483 4209 566 4257 actiua
583 4210 608 4259 Β
630 4210 775 4275 personalis
792 4211 823 4260 ab
840 4209 892 4274 (ob
911 4209 960 4267 Μ)
978 4211 1060 4259 actiae
1079 4209 1139 4259 ΑΜ
1159 4212 1306 4274 personalia
1325 4212 1445 4260 subiunc-

143 4283 227 4342 tiuap
311 4277 342 4327 18
359 4277 498 4326 consulitur
516 4277 591 4342 AMp
674 4278 707 4328 10
724 4279 840 4329 similiter
856 4278 890 4327 M
905 4279 999 4327 similia
1016 4278 1075 4337 ΑΒ,
1094 4295 1176 4341 einp
1262 4281 1297 4327 22
1314 4279 1378 4328 illud
1397 4281 1446 4326 sci-

143 4364 234 4412 musp
322 4348 348 4395 in
367 4363 412 4397 om.
431 4345 540 4409 ΑΒΜρ,
557 4348 616 4396 odd.
636 4346 747 4396 Cdocieii
760 4350 846 4400 codex
864 4349 1001 4398 Parmam
1089 4347 1180 4396 cadere
1196 4347 1281 4397 ΑΒΜ
1295 4347 1446 4411 acciderap

142 4417 177 4469 23
195 4415 264 4481 apud
283 4412 437 4479 Ciceronem]
456 4418 482 4464 ia
501 4414 573 4465 Catii.
593 4416 627 4464 lll
646 4416 688 4473 12,
706 4415 740 4465 27
810 4431 901 4465 nocere
917 4413 962 4476 M,
981 4432 1027 4467 om.
1047 4417 1073 4466 B
1142 4415 1176 4464 '24
1195 4417 1221 4464 ia
1239 4413 1373 4480 iugurtha]
1394 4416 1443 4466 114

211 4498 259 4549 pro
275 4485 357 4532 salute
374 4497 424 4531 nou
441 4499 487 4549 pro
504 4483 586 4547 gloria
604 4483 741 4534 &uariae
821 4484 856 4534 25
873 4493 970 4533 certare
986 4484 1013 4533 B
1094 4483 1128 4531 27
1145 4484 1257 4547 curritp
1338 4481 1373 4533 28
1392 4499 1442 4533 non

143 4554 246 4602 modum
262 4568 281 4615 p
300 4551 413 4600 tiendum
431 4552 516 4602 ΑΒΜ
531 4568 606 4615 quam
624 4552 728 4602 medum
746 4565 763 4608 ς
832 4552 867 4602 20
886 4550 945 4601 iacit
962 4553 1140 4618 impet-atinum
1158 4560 1275 4601 careretur
1293 4552 1379 4601 ΑΒΜ
1394 4555 1442 4602 im·

141 4624 286 4688 peratiuutn
305 4618 364 4668 iacit
378 4631 495 4670 curratur
510 4639 530 4685 ρ
604 4621 636 4671 31
653 4620 789 4670 salustium
808 4621 895 4671 ΑΒΜ
