3114 5356
530 297 938 363 instrumentalem
1259 304 1376 369 tea

130 415 296 472 „Macron
1148 418 1232 471 „mro
1248 420 1323 467 ιιιι.

166 486 210 550 Or
231 486 335 550 litteris
357 486 509 549 termintta
532 486 667 562 nomina,
695 494 728 550 ut
753 486 869 565 quidam
893 444 1011 567 putant,
1039 488 1152 551 duabus
1180 491 1232 553 sed
1253 492 1376 559 diversis

80 612 116 655 er
139 611 173 653 se
192 590 295 670 figuris
316 589 452 651 adverbia
474 589 599 663 iaciunt,
627 598 658 651 ut
679 597 779 651 orator
798 589 941 663 oratorie,
969 607 1082 650 memor
1101 591 1278 654 memoriter.
1322 596 1375 661 sed

81 693 371 761 animadvertendum
392 701 438 754 est
457 711 528 754 num
550 691 675 755 oratorio
697 710 757 755 non
779 690 815 752 ab
837 699 952 753 oratore
967 691 1020 754 sed
1037 691 1074 753 ab
1088 694 1216 756 oratorio
1234 695 1373 759 ιιι1ιιιιι.

82 816 151 861 uam
179 805 212 859 ut
236 804 282 857 est
306 795 430 858 alieuius
455 794 498 856 vis
523 794 649 857 oratoria
676 800 705 855 et
731 793 876 854 oratorius
896 793 1017 868 modus,
1051 794 1093 855 sic
1113 795 1236 859 forsitan
1258 798 1375 877 figurari

53 900 177 982 rpossit
194 893 484 980 selenomantiae
506 896 708 977 proficiscatur
728 895 785 961 noc
806 894 974 957 adverbium
996 896 1074 974 quod
1094 899 1221 960 oratorie
1237 898 1353 989 dieitur.

165 1002 205 1064 l'r
224 1001 328 1065 litteris
348 999 503 1061 terminata
526 998 643 1061 nomina
664 999 775 1061 iaciunt
795 1015 831 1061 er
853 1016 886 1059 se
907 999 1042 1061 adverbia
1065 1000 1180 1063 duobus
1192 998 1288 1063 modis
1302 1003 1375 1081 iign-

11 1112 16 1123 ‘
81 1115 162 1181 rata,
189 1113 221 1167 nt
246 1112 329 1166 satvrr
346 1110 462 1175 sature,
490 1102 538 1163 iur
559 1102 667 1163 turtim.
711 1100 877 1163 notalvimus
896 1102 994 1162 autem
1014 1109 1096 1163 satur
1116 1120 1223 1165 nomeu
1241 1104 1318 1165 inter
1339 1124 1374 1165 oa

81 1228 149 1271 esse
173 1225 248 1287 (prae
268 1205 305 1267 ad
326 1204 488 1283 analogiam
513 1223 572 1266 non
593 1204 755 1283 pertinent,
781 1222 849 1266 cum
870 1212 965 1267 cetera
988 1223 1024 1266 ur
1042 1203 1148 1267 litteris
1169 1206 1321 1271 terminata
1343 1207 1374 1269 in

82 1310 216 1391 genetivo
239 1326 308 1370 casu
330 1307 356 1369 is
378 1307 531 1382 liniantur,
553 1314 585 1368 ut
607 1314 702 1368 turtur
724 1307 865 1382 turturis,
887 1323 1021 1368 murmur
1040 1307 1208 1371 mrumuris.

47 1424 71 1465 ¹⁰
167 1411 209 1475 Es
234 1410 387 1473 terminata
408 1409 527 1472 nomina
548 1408 683 1471 videntur
707 1429 743 1471 ex
770 1429 803 1472 so
828 1410 943 1473 duobus
963 1410 1059 1473 modis
1084 1409 1220 1472 adverbia
1239 1412 1374 1489 figurare,

81 1524 115 1578 ut
144 1512 314 1594 quadrupes
342 1512 599 1592 quadrupedatim.
635 1512 720 1575 miles
748 1511 919 1574 militariter.
962 1510 1030 1585 sed,
1063 1519 1095 1573 ut
1119 1512 1150 1574 in
1174 1512 1375 1593 superioribus

80 1617 192 1679 dietum
214 1623 275 1689 est,
296 1614 459 1677 militariter
480 1614 517 1675 ab
539 1633 575 1675 eo
597 1614 674 1675 venit
695 1614 774 1692 quod
796 1621 842 1675 est
861 1612 1003 1677 militaris

167 1718 197 1782 ls
215 1718 369 1781 terminata
391 1717 422 1778 in
443 1714 588 1777 adverbiis
609 1724 654 1777 ter
674 1716 831 1790 liniuntur,
860 1723 893 1778 ut
913 1715 1015 1777 docilis
1033 1715 1180 1789 dociliter,
1209 1715 1293 1795 agilis
1313 1717 1375 1795 egi-

79 1825 158 1887 litor.
203 1831 292 1901 atque
312 1820 352 1880 de
378 1819 427 1881 leis
450 1816 566 1896 quidem
587 1819 784 1881 consentiunt
829 1817 909 1879 aiunt
933 1818 1021 1879 etiam
1041 1818 1136 1880 viliter
1159 1817 1216 1879 dici
1237 1826 1374 1899 operiere

43 1936 112 1995 raet
146 1924 286 1997 faciliter,
323 1922 460 2000 quoniam
496 1921 613 1999 quidem
641 1939 675 1982 ea
702 1919 812 1997 antiqui
843 1922 1053 2000 usmpaverint
1096 1940 1158 1984 non
1187 1920 1260 1983 unlli
1287 1921 1374 1982 etiarn
1476 1923 1484 1939 “

78 2027 206 2091 iaeulter
229 2025 311 2087 aiunt
332 2034 468 2105 oportere
485 2023 558 2097 diei,
590 2023 673 2084 cuius
701 2023 896 2103 compositum
915 2023 1061 2103 hodieque
1082 2025 1113 2087 in
1133 2043 1188 2086 usu
1210 2030 1271 2097 est,
1300 2041 1374 2102 quo·

78 2132 160 2196 niam
181 2129 301 2211 quidam
320 2128 421 2190 dicunt
438 2125 604 2188 distieulter.
648 2125 701 2187 sed
722 2125 876 2187 ridierdum
898 2133 943 2187 est
967 2125 1063 2205 legem
1084 2125 1224 2189 adversus
1247 2144 1373 2189 eonsue-

79 2235 214 2298 tudinem
234 2232 327 2305 lerre,
350 2228 426 2308 quae
447 2228 510 2290 sola
531 2227 562 2289 in
580 2235 682 2289 nostro
703 2246 839 2290 sennone
857 2228 1032 2290 dominatur.
1070 2229 1201 2290 dicim
1218 2229 1298 2290 enen
1318 2246 1373 2289 usu

78 2335 299 2419 pronuntiative
313 2332 406 2411 magis
422 2330 484 2391 nile
505 2338 534 2391 et
554 2329 654 2405 iacile;
677 2329 820 2409 quamvis
838 2336 869 2390 et
884 2329 1024 2409 feciliter
1036 2350 1085 2392 me
1099 2330 1208 2409 legisse
1225 2331 1374 2393 audaciter

36 2460 68 2503 aa
80 2439 223 2512 dixerim,
242 2445 275 2498 ut
289 2434 391 2496 oiliter
405 2433 521 2495 emisse.
554 2451 609 2493 nce
623 2431 745 2495 verebor
759 2450 797 2494 ne
814 2432 879 2513 quie
893 2451 941 2495 me
957 2442 1041 2514 putet
1055 2433 1227 2496 vocabulum
1247 2453 1302 2515 pro
1322 2433 1374 2495 ad·
1396 2448 1406 2459 ·

77 2542 180 2605 verbio
198 2540 350 2622 posuisse,
372 2536 398 2598 si
415 2536 533 2614 qrddem
548 2534 637 2596 multa
651 2542 722 2595 sunt
738 2533 794 2595 alia
809 2553 884 2614 quae
901 2535 1108 2597 vocabulorum
1123 2536 1251 2617 speciem
1270 2536 1300 2596 in
1320 2535 1372 2597 ad·

78 2642 188 2706 verbiis
208 2648 336 2704 teneant
381 2656 448 2700 nam
470 2647 501 2699 et
520 2638 629 2698 ltomae
650 2655 716 2699 sum
738 2643 768 2697 et
787 2636 848 2698 ruri
874 2637 915 2699 ini
933 2637 1003 2716 quid
1024 2637 1102 2699 alind
1123 2647 1183 2713 est,
1212 2657 1300 2718 qnam
1321 2638 1375 2700 ad-

76 2745 213 2808 verbium
241 2741 320 2805 loci‘l
364 2760 418 2819 nee
437 2740 562 2802 dubitari
583 2748 680 2801 tamon
703 2745 801 2820 potest
824 2757 884 2801 non
905 2738 935 2801 in
957 2740 1004 2803 tris
1026 2760 1168 2823 apparere
1187 2751 1217 2802 et
1235 2759 1322 2803 casua
1343 2749 1373 2803 et

76 2844 213 2909 vocabuli
235 2843 372 2924 speciem.
1431 2920 1437 2931 .

38 2976 67 3018 ις
169 2949 208 3008 Vs
229 2946 381 3007 terminata
403 2943 521 3005 nomina
548 2942 675 3022 quinque
698 2944 793 3007 modis
818 2944 952 3013 adverbia
974 2946 1100 3019 iaciunt,
1123 2954 1174 3008 aut
1192 2966 1208 3007 e
1228 2954 1372 3025 correpta,

80 3061 115 3113 ut
136 3050 231 3111 malus
250 3048 341 3120 male,
368 3053 452 3106 aute
475 3046 640 3126 prolducta,
666 3053 699 3107 ut
718 3046 822 3108 doctus
844 3048 945 3124 docte,
975 3057 1026 3110 ιιιι
1046 3069 1065 3109 o
1086 3049 1243 3129 producta,
1265 3059 1299 3109 nt
1318 3047 1373 3108 lal-

78 3174 133 3216 sus
156 3152 246 3224 ialso,
271 3157 322 3211 aut
343 3170 361 3209 o
381 3156 531 3227 correpta,
552 3155 585 3207 ut
605 3146 680 3207 citus
700 3148 774 3222 cito,
799 3156 849 3209 aut
869 3149 925 3223 im,
951 3159 982 3211 ut
1004 3151 1123 3212 strictus
1142 3151 1272 3213 strictim,
1316 3169 1371 3211 nee

79 3264 180 3316 tamen
208 3253 255 3314 lris
282 3249 419 3314 omnibus
446 3250 559 3351 legibus
589 3250 713 3312 accessit
737 3224 927 3313 oonsdetudo.
956 3270 1039 3315 ‚nam
1066 3260 1099 3315 ut
1125 3273 1142 3315 a
1173 3251 1372 3335 superioribus

82 3481 115 3531 12
127 3506 159 3515 -
172 3478 207 3529 20
225 3479 250 3527 l'

80 3567 116 3619 15
151 3567 219 3630 qnod
231 3576 269 3616 cst
278 3563 419 3613 militarior·
414 3560 453 3629 «ι’
458 3562 561 3626 quidam
575 3564 733 3613 consentiunt
748 3561 816 3610 aiunt
827 3561 904 3613 etiam
916 3561 1012 3612 utiliter
1029 3561 1079 3610 dici
1097 3570 1214 3626 oportere
1227 3567 1252 3612 et
1264 3560 1372 3613 faciliter

151 3654 177 3703 ls
199 3640 361 3702 terminata
356 3666 381 3699 ιιι
404 3650 506 3699 adubiis
530 3657 567 3698 ter
590 3650 710 3699 liniuntur
730 3658 757 3701 ut
777 3646 868 3702 docilia
887 3648 1002 3699 dociliter
1024 3647 1101 3714 agilis
1125 3648 1225 3715 agiliter
1244 3656 1296 3712 atq,

609 3728 638 3754 811
667 3730 672 3753 l

152 3791 193 3838 qur
230 3773 333 3836 quidam
363 3787 393 3821 ea
421 3772 595 3834 antiquiuso
581 3728 771 3820 ulmellmueriut
804 3768 885 3819 rinulli
917 3771 993 3819 etiam
1022 3770 1127 3822 lacultcr
1156 3771 1226 3821 alunt
1255 3779 1370 3836 oportere

152 3861 201 3910 dici
222 3860 293 3910 cuius
314 3859 456 3924 compositis
477 3836 667 3920 hodieq,
600 3860 625 3907 in
646 3874 693 3908 usu
711 3874 725 3907 c
744 3875 786 3920 qm
805 3858 907 3922 quidem
927 3858 1014 3908 dicunt
1032 3857 1207 3910 diffleulters.
1227 3856 1336 3907 ridiculu

152 3926 353 4012 tegcr’adrisus
378 3945 585 3995 cousuetudinem
609 3946 716 3996 terro'
701 3963 716 4009 ιι
739 3946 825 3996 eola'
819 3962 844 3996 ru
867 3953 952 3995 nostro
979 3960 1095 3996 sermone
1123 3946 1265 3996 dominatur
1293 3945 1309 3995 d

81 4034 116 4084 20
150 4048 198 4085 usu
229 4034 417 4100 pronuntiatiuo
449 4032 532 4097 magis
565 4041 590 4081 et
616 4032 692 4083 tacite
724 4049 763 4084 me
792 4034 876 4100 egisse
905 4032 1036 4083 audaciter
1065 4034 1174 4083 dixerim
1205 4041 1233 4082 ut
1263 4034 1372 4083 uiriliter

150 4136 244 4172 emisse

152 4262 184 4312 17
201 4259 335 4328 ridiculum
353 4267 392 4308 est
409 4258 528 4323 legemur
600 4259 631 4310 18
649 4258 681 4308 de
699 4280 712 4311 ι
729 4274 778 4310 usn
795 4275 817 4309 ω
888 4258 920 4310 lli
938 4266 965 4307 ut
981 4258 1087 4309 uiriliter
1103 4259 1233 4309 emissem

85 4407 293 4415 ——a-
309 4405 415 4413 -.——-.-..

150 4500 166 4552 3
190 4500 237 4548 sed
255 4498 286 4547 ab
304 4498 416 4547 oratioue
435 4497 472 4545 N:
497 4495 554 4545 licet
573 4497 693 4561 oratorie,
715 4503 743 4544 ut
760 4496 911 4560 quibusdam
928 4495 1025 4602 plaicet,
1048 4496 1079 4545 ab
1100 4510 1129 4545 eo
1149 4496 1215 4559 quod
1233 4503 1271 4544 eat
1288 4505 1371 4545 orato·

82 4624 132 4672 rins
150 4622 307 4686 figureturp
394 4617 539 4667 ttorsitam
558 4616 584 4665 V
669 4616 698 4667 ll
719 4617 864 4684 quadrupes
883 4616 1093 4684 quadrupedatim
1111 4617 1136 4667 Ν
1152 4618 1290 4682 quadripes
1308 4631 1370 4679 qua-

82 4693 268 4756 dripedatinrp
358 4688 420 4738 13
415 4704 437 4737 rs
463 4686 596 4736 terurinata
618 4686 713 4737 iaciunt
735 4687 888 4738 aduerbia'
881 4703 907 4737 ιιι
930 4696 981 4746 ter,
1008 4696 1035 4736 ut
1055 4687 1145 4737 docilia
1169 4687 1284 4737 dociliter
1300 4688 1370 4739 utitis

82 4762 187 4824 militer,
208 4762 268 4810 licet
286 4759 368 4825 legam
388 4758 449 4807 utile
464 4767 489 4806 ct
505 4755 612 4820 iacilep
695 4758 729 4811 15
744 4758 863 4821 quoniam
882 4758 984 4822 quidem
1003 4773 1033 4806 ea
1053 4757 1150 4819 antiqui
1167 4756 1301 4807 sonetur

85 4832 115 4884 to
128 4841 155 4882 ut
172 4800 256 4881 diliter
274 4830 365 4879 emisse
382 4831 485 4879 coniecit
499 4827 683 4878 Lindcmannua
760 4828 793 4878 28
813 4829 919 4878 accessit
936 4827 1068 4880 &destruc
1088 4827 1193 4879 recessit
1208 4826 1234 4877 N
