3114 5356
150 294 213 359 tto
487 290 540 354 EX
568 288 732 353 cutulstt
752 287 852 353 tuta
881 288 1122 352 unsnnautcs

211 422 226 450 ι.
240 408 275 450 W.
288 406 313 448 87
328 404 357 449 V.
486 422 496 441 ⁰
1306 436 1322 467 ο

150 425 390 562 prvillciscuntur.
434 478 533 539 omnia
555 477 635 539 enim
655 494 732 556 quac
753 474 831 555 apud
854 474 983 537 Graecos
1004 485 1054 539 aut
1075 494 1130 556 per
1149 496 1227 556 γρος
1250 490 1315 577 aut
1332 500 1391 563 per
1408 502 1464 563 spor

151 589 203 645 aut
224 599 279 662 per
301 579 370 657 ὄρος
391 581 570 649 efferuntur,
600 574 793 639 haecomnia
815 596 848 649 ος
869 577 1007 639 amittunt
1031 586 1061 640 et
1083 597 1138 660 per
1156 598 1192 640 er
1213 579 1300 643 etan
1319 583 1463 647 declim-

151 690 201 745 tvvr
226 690 262 744 ot
289 682 437 743 secundae
466 677 687 750 declinationis,
722 676 801 738 velut
830 665 923 757 ἆγρός
956 697 1041 757 ager,
1071 668 1277 755 Ἀντίπατρος
1305 685 1460 766 Antipater,

153 782 287 861 Τεῦκρος
307 782 437 857 Teucer,
464 778 647 859 Μένανδρος
667 777 843 855 lleuander;
871 779 1005 857 quamvis
1027 780 1173 860 Vergilius
1193 782 1310 845 dixerit
1338 785 1460 849 Tenues

152 892 184 945 et
199 883 366 947 Euandrus.
402 884 461 946 duo
484 891 582 945 autem
603 879 723 942 nomina
745 898 800 943 suo
816 886 895 941 statu
908 889 1100 960 permanant,
1123 881 1246 945 Codrus
1266 894 1300 947 et
1317 906 1475 967 gangrens

151 1004 214 1047 non
232 983 311 1047 enim
333 984 441 1047 dicitur
453 984 551 1046 Coder
568 1000 624 1042 nec
645 993 766 1059 gunger.
802 981 874 1043 item
893 999 929 1043 ea
949 981 1069 1043 nomina
1090 1000 1166 1062 quae
1188 1002 1248 1065 per
1271 987 1319 1050 ier
1342 999 1396 1052 aut
1413 1006 1458 1070 pu

151 1105 206 1165 ger
223 1093 433 1167 conponuntur
453 1085 619 1165 genetivum
641 1082 752 1145 lucium
774 1100 829 1161 per
843 1082 853 1143 i
866 1080 1011 1156 liberam,
1031 1091 1064 1146 ut
1086 1083 1194 1145 luciler
1210 1089 1361 1168 armiger.
1395 1090 1456 1153 iu·

151 1206 188 1250 aa
212 1206 287 1267 qvvaa
311 1184 481 1249 femininum
506 1185 537 1248 in
559 1204 577 1246 a
604 1185 717 1247 iaciunt
744 1193 775 1247 et
799 1192 936 1247 nortuum
960 1184 991 1246 in
1020 1204 1068 1249 um
1096 1185 1162 1247 sine
1189 1185 1286 1249 dubio
1315 1190 1456 1253 secam

152 1298 223 1351 snut
242 1287 462 1362 declinationis,
489 1286 568 1348 velut
595 1286 679 1366 piger
706 1286 790 1366 pigra
811 1285 938 1365 pigrum.
980 1286 1030 1348 hic
1049 1287 1127 1348 enim
1150 1286 1238 1366 piger
1261 1288 1359 1353 buius
1380 1289 1454 1372 pigri.

151 1388 265 1467 reliqua
284 1405 354 1449 vero
374 1386 536 1448 moulins
558 1403 635 1465 quae
656 1404 753 1466 neque
770 1405 788 1447 a
806 1386 927 1451 Graecis
946 1387 1176 1468 proficiscuntur
1196 1408 1303 1469 nequo
1324 1409 1370 1453 ω
1392 1402 1478 1455 coa-¹·

151 1488 298 1571 positione
319 1487 441 1550 veniunt
459 1505 556 1566 neque
578 1486 751 1549 femininum
776 1488 888 1551 iaciunt
908 1489 940 1550 in
961 1508 995 1563 a,
1020 1488 1095 1553 baec
1124 1490 1225 1551 omnm
1255 1491 1367 1555 tertiae
1394 1500 1452 1555 sunt

150 1587 372 1662 declinationis,
388 1597 422 1649 ut
433 1597 518 1667 pater
532 1588 641 1668 patris;
666 1587 797 1668 exceptis
811 1588 859 1651 bis
873 1590 962 1664 solis,
977 1609 1098 1663 cancer,
1115 1608 1216 1667 socer,
1232 1591 1331 1668 liber,
1350 1602 1450 1663 ιιιιειιι,

151 1709 258 1770 gener,
280 1708 369 1771 puer,
389 1689 513 1763 arbiter,
534 1696 645 1764 caster,
673 1699 738 1751 uter
764 1684 894 1769 γαστήρ,
921 1710 1010 1772 aper,
1038 1709 1113 1770 qnae
1134 1692 1309 1770 genetivum
1332 1694 1364 1756 in
1387 1694 1450 1757 ila

149 1793 241 1855 oium.
285 1791 416 1871 exempla
437 1790 641 1853 declinationis
660 1789 808 1852 secundae
829 1790 859 1851 iu
887 1808 935 1865 er,
964 1790 1012 1852 bie
1033 1792 1115 1871 piger
1133 1792 1222 1854 buius
1243 1793 1337 1873 pigri.
1383 1796 1449 1857 iuiv

149 1912 219 1957 vero
240 1893 296 1954 tria
317 1901 387 1954 sunt
405 1898 519 1953 tantum
542 1891 629 1953 modo
649 1909 725 1970 quac
744 1889 932 1953 inveniuntur
954 1892 1075 1953 ethaeo
1095 1893 1281 1971 masculina,
1305 1897 1368 1973 vir,
1388 1898 1474 1959 leviro

147 1986 259 2074 ἀνδρὸς
280 1984 426 2071 ἁδελφός,
447 1995 473 2056 ir
494 1991 597 2070 θέναρ.
642 2000 672 2053 et
695 1992 722 2053 ir
747 1990 865 2070 quidem
893 1990 1113 2069 indeclinabile,
1140 1994 1215 2055 levir
1242 2007 1349 2061 autem
1376 1998 1447 2061 leviti

149 2098 219 2159 lacit
240 2105 270 2158 et
292 2097 338 2158 vir
360 2095 430 2169 viri,
457 2104 486 2156 et
507 2112 583 2172 quae
604 2093 641 2154 ab
666 2112 701 2154 eo
728 2101 953 2173 conponuntur,
982 2095 1059 2158 velut
1087 2096 1222 2158 duumvir
1249 2098 1398 2163 duumviri
1423 2108 1447 2160 et

148 2198 263 2260 nmilia.
283 2194 298 2280 ss
321 2197 431 2258 Graeca
459 2215 527 2258 vero
555 2214 630 2274 quae
650 2194 784 2272 genetivo
807 2194 920 2257 Graeco
941 2205 991 2258 aut
1012 2205 1150 2260 meunt
1171 2205 1222 2257 aut
1242 2218 1301 2280 per
1324 2222 1361 2275 ος
1384 2204 1447 2265 clle-

35 2336 38 2341 -
147 2308 268 2375 runtur,
297 2299 370 2360 baec
398 2317 417 2359 o
440 2297 568 2359 litteram
589 2297 620 2358 in
643 2294 652 2355 i
673 2304 855 2359 commutant
879 2305 909 2357 et
935 2297 1120 2361 declinantur
1140 2307 1172 2359 ut
1193 2303 1301 2364 tertiae
1323 2304 1447 2367 deelina-

147 2401 253 2474 donis,
276 2398 442 2479 Melampus
463 2396 664 2477 Melampodis.
708 2396 783 2458 scito
808 2406 907 2460 autem
931 2399 962 2460 in
985 2400 1042 2460 bac
1063 2399 1260 2463 declinatione
1286 2406 1471 2468 vocativum·

146 2501 325 2581 singularem
346 2499 554 2578 quadrilariam
577 2497 689 2573 ellerri,
713 2516 767 2578 per
787 2517 805 2559 e
829 2518 885 2579 per
905 2519 939 2561 er
962 2499 1065 2581 perir
1087 2520 1142 2582 per
1161 2500 1187 2578 i;
1220 2522 1279 2583 per
1306 2525 1323 2567 e
1348 2526 1445 2570 aonam

146 2605 274 2683 quaein
296 2620 331 2663 us
354 2599 562 2674 terminamus,
583 2597 662 2659 velut
683 2597 799 2661 Marcus
817 2601 967 2676 bilance,
991 2618 1098 2682 perer
1118 2622 1221 2664 eorum
1244 2624 1377 2685 quorum
1396 2629 1445 2671 no·

145 2705 301 2767 minatione
323 2718 377 2781 per
398 2700 516 2761 easdem
537 2700 649 2762 litteras
670 2698 835 2780 protertur,
861 2703 911 2764 bic
936 2703 1020 2782 niger
1043 2722 1061 2763 o
1083 2706 1182 2782 niger,
1211 2726 1268 2786 per
1292 2709 1320 2769 ir
1346 2728 1443 2772 corvin

145 2821 270 2883 quorum
293 2801 428 2863 similiter
449 2800 644 2863 nominativus
664 2802 695 2862 in
715 2802 946 2878 interminatur,
969 2804 1017 2865 hic
1041 2806 1083 2866 vir
1103 2828 1121 2867 o
1143 2807 1202 2882 vir,
1229 2828 1288 2888 per
1312 2811 1322 2872 i
1345 2831 1442 2874 comm

144 2920 270 2980 quorum
289 2901 467 2962 nominativo
488 2909 556 2962 ante
577 2922 613 2964 us
634 2902 774 2981 syllabam
792 2904 801 2964 i
820 2904 917 2966 littera
934 2905 1106 2985 interposita
1128 2916 1190 2984 est,
1214 2909 1296 2972 volut
1309 2913 1360 2973 bic
1375 2914 1469 2975 Cae&

84 3025 88 3034 ·
143 3000 237 3063 liuso
260 3002 357 3075 Caeli,
379 3002 426 3063 bic
449 3002 631 3063 Concordius
654 3023 672 3064 o
695 3004 849 3065 (loncordi.

230 3104 345 3165 Tertiae
370 3104 574 3166 declinationis
600 3105 768 3168 nominativi
795 3115 866 3168 sunt
885 3107 933 3180 hi,
959 3107 989 3168 in
1010 3107 1055 3183 al,
1083 3109 1114 3169 in
1135 3128 1189 3184 an,
1218 3112 1248 3172 in
1271 3133 1322 3190 ar,
1351 3117 1441 3188 inas,

143 3203 174 3266 in
194 3224 246 3279 aa,
266 3205 296 3266 in
317 3206 361 3281 el,
382 3206 412 3266 in
434 3226 487 3280 en,
507 3207 538 3267 in
561 3224 609 3277 er,
637 3206 667 3267 in
690 3226 722 3267 es
745 3217 925 3289 correptam,
952 3209 983 3269 in
1006 3227 1039 3269 es
1061 3209 1252 3289 productam,
1280 3216 1313 3278 in
1335 3236 1388 3293 ex,
1413 3219 1441 3279 in

26 3302 29 3307 ’
142 3305 178 3381 il,
197 3305 227 3366 in
247 3305 294 3379 in,
313 3306 344 3366 in
365 3307 407 3378 is,
429 3306 458 3367 in
478 3307 521 3381 ix,
544 3308 574 3368 in
596 3327 630 3380 o,
652 3307 682 3367 in
704 3307 748 3382 ol,
772 3308 802 3369 in
824 3328 880 3382 on,
904 3308 934 3369 in
956 3327 1004 3385 or,
1033 3313 1062 3372 in
1085 3332 1136 3386 os,
1157 3313 1187 3374 in
1212 3333 1267 3390 ox,
1289 3319 1320 3379 in
1344 3320 1438 3393 ul,in

141 3407 171 3468 in
193 3426 244 3480 ur,
266 3408 296 3467 in
319 3427 372 3482 ns,
396 3409 425 3468 in
447 3427 493 3469 ιιι.
538 3408 567 3469 in
587 3407 616 3468 al
636 3409 778 3471 neutralia
799 3417 912 3470 tantum
933 3410 1137 3486 inveniuntur,
1158 3413 1237 3475 velut
1257 3417 1468 3483 docebimus

140 3508 228 3570 buius
260 3508 409 3583 animalis,
438 3507 566 3570 tribunal
593 3510 761 3585 tribunalis,
789 3510 918 3571 bidental
944 3512 1109 3574 bidentalis.
1159 3514 1267 3578 borum
1298 3520 1438 3583 ablativus

139 3628 193 3689 per
213 3608 222 3668 i
242 3610 378 3685 ellertur,
401 3610 479 3671 velut
504 3610 541 3670 ab
561 3609 619 3669 boc
642 3611 761 3672 animali
790 3611 937 3701 tribunali.
986 3613 1071 3675 multi
1090 3622 1187 3676 autem
1212 3618 1367 3685 voluerunt
1388 3643 1438 3684 no-

51 3759 55 3768 .
138 3710 308 3772 minativum
330 3730 383 3791 per
404 3729 421 3769 e
443 3711 564 3783 ellerrc,
588 3721 619 3772 ut
639 3714 696 3774 hoc
719 3712 844 3774 animale
866 3713 923 3774 hoc
945 3713 1097 3775 tribunale.
1133 3717 1216 3794 siqua
1238 3731 1340 3785 autem
1362 3744 1438 3785 mas·

138 3811 235 3872 culina
257 3811 459 3884 inveniuntur,
485 3811 559 3871 liaeo
577 3811 700 3876 barbara
718 3822 803 3887 sunt,
832 3822 864 3874 ut
885 3814 1009 3875 Annibal
1029 3815 1189 3891 Adherbal,
1223 3830 1252 3882 et
1277 3825 1363 3903 siqua
1383 3825 1436 3886 alia

138 3918 216 3971 suut
262 3910 393 3991 cntempla
419 3913 521 3973 tertiae
543 3911 745 3975 declinationis
766 3916 864 3976 nentri
886 3917 1002 3994 generis
1023 3916 1118 3993 isal,
1141 3919 1197 3981 lvoc
1219 3923 1328 3986 animal
1351 3926 1465 3989 liuiuss

138 4009 287 4085 animalis,
320 4012 390 4073 item
418 4012 543 4074 barbara
576 4014 755 4090 masculina,
789 4017 838 4078 bic
861 4018 986 4080 Annbal
1014 4018 1103 4081 liuius
1127 4021 1290 4084 Annibalis.
1340 4026 1372 4087 in
1398 4047 1433 4087 au

137 4111 216 4172 nulla
238 4112 357 4187 Latina,
380 4115 433 4176 sed
452 4115 548 4176 omnia
564 4114 678 4179 ,Graeca
702 4126 732 4177 et
755 4118 829 4178 haec
851 4120 948 4181 omnia
970 4121 1149 4196 masculina,
1180 4124 1258 4185 velut
1278 4125 1328 4186 nic
1351 4126 1432 4189 Titan

136 4213 224 4275 buius
245 4213 356 4276 Titanis
377 4216 448 4277 huic
469 4216 564 4277 Titani
584 4216 664 4277 hunc
687 4217 821 4279 Titanem
847 4228 876 4280 et
899 4220 1000 4283 Titana
1028 4239 1046 4282 o
1066 4222 1151 4285 Titan
1176 4225 1213 4286 ab
1242 4227 1300 4287 boc
1323 4229 1431 4303 Titane,

134 4313 256 4393 pluralis
277 4315 306 4376 hi
328 4315 447 4377 Titanes
465 4318 570 4378 horum
591 4317 727 4379 Titanum
749 4319 795 4381 bis
816 4319 968 4382 Titanibus
989 4321 1045 4383 lios
1067 4323 1186 4386 Titanes
1213 4336 1243 4388 et
1269 4330 1389 4392 Titanas
1414 4351 1431 4389 o

133 4414 254 4477 Titanes
274 4417 310 4478 ab
332 4417 379 4479 liis
399 4415 559 4479 Titanibus.
603 4419 633 4481 in
653 4438 687 4480 ar
704 4418 867 4481 masculina
894 4430 1006 4484 tantum
1032 4432 1062 4486 et
1085 4427 1246 4506 neutralia;
1272 4433 1429 4493 masculina
1442 4452 1461 4489 u

135 4514 244 4578 Caesar
266 4519 417 4592 Caesaris,
442 4519 486 4580 lar
506 4519 591 4593 lavis,
612 4520 753 4581 neutralia
776 4518 857 4581 lucar
878 4523 1003 4598 larvatis,
1030 4528 1159 4588 torcular
1180 4532 1347 4593 torcularis.
1389 4534 1428 4593 iu·

134 4618 289 4677 veniuntur
311 4630 407 4680 avvvtem
437 4621 601 4681 eommunia
626 4620 713 4681 trium
732 4640 873 4698 generiam
894 4644 949 4704 par
968 4626 1061 4708 inpar.
1102 4630 1213 4691 iaciunt
1235 4636 1313 4697 einim
1335 4637 1381 4696 laic
1403 4645 1429 4695 et

206 4767 238 4820 to
254 4784 287 4818 ex
303 4786 350 4823 οη.
369 4772 403 4832 a,
421 4772 480 4823 aaa
499 4791 514 4825 s
532 4792 568 4825 aa
581 4739 702 4828 'clamo
790 4774 825 4827 aa
841 4778 944 4828 auersa
960 4779 987 4829 s
