3114 5356
530 298 662 364 lNSTlT.
686 300 797 363 cmm
818 301 891 365 Lm.
912 304 940 366 ll
1325 307 1383 371 187

153 416 222 460 ‚rsa
235 414 265 458 sc
278 414 303 457 r.
1011 424 1016 432 ·
1182 450 1190 464 .
1325 453 1331 467 .

85 429 156 551 narb
178 506 246 551 cum
268 487 349 562 dico,
376 485 532 549 Palaemon
555 488 656 564 docet,
684 489 815 552 nondum
834 490 966 570 significo
988 493 1058 555 satis
1079 494 1136 556 rim
1154 422 1383 576 qdebudmurlerbi,

87 591 145 653 nisi
164 589 301 652 adiecero
321 589 398 651 bene
418 597 469 651 aut
489 591 574 653 male.
619 593 672 654 sed
697 593 836 671 quoniam
858 593 967 656 multae
992 596 1108 676 speeies
1137 605 1207 659 sunt
1233 597 1385 662 adverbio·

87 712 171 767 rum,
199 690 330 770 singulas
358 692 528 756 adiecimus.
571 692 718 772 qualitatis
746 703 777 755 et
806 696 975 773 quantitatis
1002 707 1071 759 sunt
1095 716 1169 777 quae
1196 702 1383 764 exsecando

86 795 191 857 ordine
211 793 378 857 derivantur
399 796 431 857 in
452 814 484 870 e,
506 796 585 858 velut
606 797 712 860 doetus
733 798 835 872 docte,
854 797 924 859 item
949 799 1063 881 lepidus
1084 801 1191 883 lepide.
1235 803 1384 884 excipiun-

60 907 137 960 stur
157 906 257 959 autem
277 916 312 958 ex
333 898 465 961 secundo
490 899 592 961 ordine
617 899 676 961 duo
703 918 778 979 quae
804 900 835 962 in
859 918 876 961 e
902 902 1020 964 brevem
1043 903 1162 971 veniunt
1169 951 1182 993 ι
1209 906 1288 968 velut
1307 906 1383 969 bene

87 1000 175 1062 male.
220 1007 289 1062 sunt
317 1017 392 1079 quae
418 1020 435 1063 a
461 1003 547 1064 tertio
572 1003 675 1065 ordine
701 1003 869 1064 derivantur
895 1003 925 1064 in
955 1011 1013 1080 ter,
1046 1004 1123 1067 velut
1149 1006 1234 1069 lortis
1258 1009 1382 1084 fortiter,

87 1102 157 1165 lelix
179 1101 311 1165 feliciter.
353 1103 536 1184 excipiuntur
557 1124 591 1166 ex
613 1105 699 1167 tertio
721 1104 839 1180 ordine,
862 1113 895 1167 ut
915 1105 1008 1168 lacilis
1029 1107 1130 1183 laeile,
1151 1108 1221 1195 riliq
1237 1109 1308 1187 rile;
1330 1111 1383 1174 sed

86 1204 118 1267 in
140 1204 344 1285 conpositione
365 1206 472 1282 laeilis,
496 1208 572 1286 qnod
600 1217 644 1270 est
666 1205 808 1280 difficilis,
832 1205 988 1268 difficulter
1010 1209 1088 1270 lacit

10 1376 12 1381 ,
173 1305 218 1367 Er
238 1306 374 1373 omnibns
396 1309 571 1371 nominibus
589 1329 665 1390 quae
685 1328 720 1371 us
745 1309 937 1377 terminantur
957 1310 1077 1374 veniunt
1099 1313 1332 1393 eomparan'ones
1355 1323 1385 1377 et

47 1429 73 1471 ss
85 1409 320 1491 superlationes‚
346 1419 551 1491 praeterquam
577 1432 613 1474 er
632 1412 708 1475 bene
729 1421 760 1474 et
780 1412 871 1487 male,
901 1431 976 1492 quae
996 1421 1133 1494 corrupta
1153 1424 1231 1477 sunt.
1275 1414 1328 1476 sed
1349 1433 1385 1477 eu

84 1512 134 1575 bis
156 1530 232 1591 qnae
252 1531 270 1573 e
291 1521 359 1576 ante
378 1535 413 1578 us
435 1516 543 1579 habent
562 1513 568 1600 Ι
586 1525 616 1576 et
635 1513 644 1576 i
666 1523 733 1577 ante
754 1534 791 1577 us
809 1515 1044 1595 comparationes
1071 1517 1134 1579 lieri
1162 1536 1222 1579 non
1249 1526 1383 1599 possunt

83 1616 283 1694 nequeenim
305 1617 342 1679 ab
363 1617 470 1680 idoneo
491 1620 614 1682 idoneor
633 1619 697 1680 fieri
724 1625 823 1699 potest
843 1636 939 1697 neque
963 1637 980 1679 a
1007 1618 1174 1682 necessario
1200 1596 1385 1684 neeessalior

84 1728 118 1781 et
138 1718 294 1782 similibus.
571 1727 580 1739 '

172 1822 233 1885 Sed
261 1823 406 1903 qualitatis
431 1823 566 1886 adverbia
589 1823 677 1886 etiam
698 1822 763 1884 aliis
784 1821 906 1909 litilteu's
927 1822 1136 1898 temninantur,
1166 1824 1271 1899 inus,
1306 1826 1383 1888 velut

43 1939 71 1985 ts
84 1923 220 1989 funditus
241 1925 382 1988 radicitus
404 1925 542 1988 divinitus
561 1924 728 1987 humanitus
749 1924 909 2002 antiquitus
930 1923 1051 1987 caelims
1072 1923 1246 2006 publicitus;
1268 1926 1338 1987 item
1353 1927 1384 1989 in

19 2020 27 2031 ’
84 2028 143 2101 im,
161 2025 243 2089 relut
263 2029 372 2090 caesim
393 2027 499 2090 viritim
520 2028 683 2090 alternatim
702 2025 819 2089 vicatim
838 2025 944 2105 partim
967 2028 1076 2089 cursim
1099 2027 1242 2107 gradatim
1263 2047 1383 2109 separa·

84 2129 138 2192 tim
159 2129 299 2210 paulatim
316 2130 480 2192 minutatim
502 2131 612 2192 sensim
633 2132 733 2193 furtim
753 2128 873 2191 deditim
895 2128 1018 2208 carptim
1037 2130 1183 2203 vicissim;
1210 2129 1280 2192 item
1301 2131 1331 2193 in
1353 2152 1382 2205 o,

84 2231 165 2294 relnt
187 2232 324 2294 consulto
348 2239 410 2293 tuto
433 2230 507 2293 lalso
530 2249 710 2312 supervacuo
729 2232 787 2294 cito
807 2238 923 2294 secreto
942 2229 1079 2311 bipertito
1100 2231 1245 2311 tripertito
1266 2232 1384 2310 ‹pandri-
1470 2245 1476 2256 ·
1531 2249 1539 2275 ·

84 2335 195 2415 pertito
218 2335 337 2396 fortuito
360 2334 499 2396 continuo
522 2334 640 2413 opinato
663 2333 844 2396 clandestino
867 2331 1027 2409 matutin03
1064 2333 1134 2396 item
1159 2333 1190 2395 in
1211 2351 1276 2408 am,
1306 2334 1385 2399 uelut

43 2452 74 2495 aa
87 2437 166 2500 clam
198 2437 375 2516 nequiquam
407 2435 503 2515 palam
529 2435 642 2497 obviam
668 2435 802 2498 bilariam
834 2434 975 2497 trifarium
1003 2435 1218 2516 quadrifariam.
1271 2435 1382 2499 Plinius
1499 2428 1503 2439 '

85 2539 243 2603 Secundus
272 2539 350 2601 inter
375 2537 509 2600 adverbia
536 2536 682 2615 qualitatis
708 2537 807 2618 posuit
828 2535 953 2599 dicendo
974 2536 1098 2615 legendo
1121 2536 1237 2601 dicendi
1256 2538 1383 2617 legendi,

86 2660 163 2721 qnae
184 2640 303 2720 quidam
323 2639 449 2720 amplius
467 2638 555 2702 rerba
575 2645 680 2720 putant
705 2638 845 2703 infinitiva
872 2639 917 2701 rel
945 2639 1126 2720 usurpativa,
1144 2639 1191 2703 *de
1219 2640 1326 2720 quibus
1354 2651 1384 2705 et

86 2763 178 2826 snpra
200 2740 373 2807 notavimus.

173 2846 293 2911 Numeri
315 2845 450 2908 adverbia
472 2854 558 2920 sunt,
580 2846 658 2906 velut
679 2845 786 2907 totiens
805 2845 941 2925 quotiens
962 2844 1137 2924 aliquotiens
1156 2863 1244 2927 saepe
1266 2848 1383 2929 saepius

44 2964 73 3007 as
88 2949 263 3030 saepissime
285 2948 376 3009 semel
398 2949 443 3010 bis
463 2957 509 3010 ter
528 2957 631 3027 quater
648 2949 786 3030 deinceps
807 2948 933 3029 primum
951 2947 1056 3010 iterum
1079 2947 1196 3010 tertium
1217 2959 1361 3029 quartum.

172 3050 327 3129 Temporis
348 3050 483 3112 adverbia
504 3058 573 3111 sunt
595 3051 750 3124 munima,
780 3050 858 3113 velut
883 3050 952 3112 olim
980 3050 1134 3130 aliquando
1159 3052 1306 3129 quondam
1329 3072 1384 3115 nu-

86 3172 142 3235 per
160 3153 318 3232 {tantidem
341 3153 393 3213 sed
413 3161 459 3213 est
480 3152 611 3229 numeri]
634 3153 807 3226 etiamnum,
836 3152 938 3214 idest
962 3153 1075 3229 adhue,
1104 3153 1222 3214 tandem
1241 3154 1299 3216 iam
1322 3165 1383 3218 tum

85 3256 156 3319 inde
178 3255 348 3318 iamdudum
374 3272 513 3334 umquam
540 3271 698 3332 numquam
723 3273 791 3317 mox
818 3255 934 3316 iuterim
961 3254 1079 3326 cottidie
1103 3255 1215 3317 interea
1237 3256 1383 3319 interdum

85 3357 212 3421 subinde
236 3357 428 3421 cummaxime
459 3375 536 3417 nune
561 3356 715 3419 confestim
733 3364 862 3447 acwtum
878 3355 1016 3433 evestigio
1034 3355 1100 3417 ilico
1127 3358 1225 3421 statim
1244 3360 1384 3422 continuo

43 3482 72 3524 aa
87 3461 186 3525 subito
214 3468 334 3541 repente
363 3468 392 3520 et
421 3459 573 3539 repentino
601 3458 745 3538 extemplo
773 3477 877 3520 reeens
906 3459 1075 3536 frequenter
1101 3472 1219 3541 semper
1239 3462 1383 3542 tantisper

86 3562 238 3643 paulisper
259 3580 418 3642 parumper
441 3569 543 3641 postea
572 3568 638 3622 ante
660 3568 745 3621 antea
767 3569 923 3639 postquam
944 3567 1100 3638 antequam
1124 3561 1192 3622 dum
1216 3563 1310 3624 donec
1331 3564 1384 3625 dn-

87 3665 188 3726 nieum
207 3663 293 3724 simul
315 3663 490 3742 simulatque
509 3663 553 3723 vix
575 3654 725 3724 vixdum'
740 3662 810 3722 item
831 3661 969 3742 temporis
989 3661 1098 3722 imitira
1121 3662 1272 3737 adverbia,
1295 3665 1382 3727 hodie

87 3786 153 3830 cras
172 3764 311 3848 perendie
327 3765 479 3843 d'equarto
498 3765 560 3826 heri
579 3764 789 3827 nudiustertius
805 3762 1035 3842 nudiusquartus
1049 3763 1278 3845 nudiusquintus
1295 3784 1381 3827 mane

88 3868 202 3950 vesperi
224 3874 312 3928 noctu
330 3868 455 3929 interdiu
477 3867 571 3947 pridie
590 3865 730 3946 postridie
751 3866 972 3946 postmeridiem
992 3867 1220 3930 antemeridiem.
1272 3932 1276 3939 ,

156 4126 174 4178 9
197 4125 343 4175 nominibus
361 4141 406 4178 ern.
424 4125 451 4174 N
472 4123 542 4174 Com.
565 4139 597 4173 ex
621 4122 738 4174 omuibus
759 4122 905 4175 nominibus
923 4139 988 4188 quse
1007 4126 1030 4177 is
1047 4134 1091 4175 aut
1107 4142 1137 4177 us
1156 4128 1320 4190 terminantur
1338 4142 1382 4178 ne-

87 4199 159 4248 niunt
177 4197 371 4262 conparationes
390 4202 415 4245 et
432 4195 619 4260 superlationes
634 4202 811 4258 praeterquam
828 4210 868 4258 ea,
888 4195 952 4246 bene
969 4204 994 4245 et
1012 4195 1087 4260 male,
1103 4212 1168 4261 quae
1186 4207 1305 4263 corrupta
1322 4207 1382 4248 sunt

552 4288 564 4316 e

87 4340 211 4399 excerpta
228 4333 371 4384 Bernensia
442 4332 475 4382 10
492 4337 610 4395 cormpta
626 4329 654 4377 N
721 4328 753 4382 lo
770 4329 873 4379 lurtnito
892 4329 918 4379 N
991 4332 1023 4382 21
1043 4332 1164 4384 discendo
1181 4332 1207 4382 N
1284 4333 1318 4385 23
1339 4351 1383 4388 su.

87 4400 143 4469 pra]
160 4418 188 4468 p.
211 4402 260 4454 153
339 4403 373 4452 27
392 4401 514 4452 tantidem
533 4399 579 4450 sed
598 4406 635 4448 est
653 4400 804 4449 numerica:
821 4401 982 4452 adnotatione
1000 4402 1032 4452 de
1050 4402 1194 4468 differentia
1208 4403 1384 4459 amarciem

86 4474 188 4525 tandem
206 4481 231 4524 et
249 4472 369 4522 tantidem
387 4475 466 4523 inlata
484 4485 540 4521 esee
558 4469 678 4519 cidenmr.
714 4471 836 4534 temporis
859 4471 981 4521 arlnerbia
1003 4479 1062 4522 sunt
1084 4473 1198 4533 infinite,
1223 4473 1303 4524 ueluti
1321 4475 1381 4527 cbm

87 4544 224 4608 aliquando
242 4542 370 4606 quondam
389 4557 470 4608 nuper
487 4540 597 4588 taudem.
635 4537 681 4587 sed
703 4546 728 4588 et
748 4553 868 4590 numerus
893 4550 932 4590 est
948 4542 1100 4600 etiamnum,
1126 4541 1153 4593 id
1172 4550 1210 4592 est
1227 4544 1310 4595 adhue
1327 4554 1381 4596 tan-

87 4614 144 4666 dem
161 4616 214 4664 iam
231 4613 334 4663 tandem
352 4622 404 4664 tum
421 4626 453 4677 p:
475 4611 601 4675 temporis
616 4608 714 4657 infinita
732 4608 810 4658 ueluti
829 4609 889 4661 olim
910 4609 1046 4675 aliqnando
1062 4612 1190 4675 qnondam
1209 4627 1290 4680 nuper
1306 4617 1381 4667 tanti-

88 4685 143 4734 dem
166 4686 307 4735 etiemnnm
330 4683 355 4732 id
378 4692 417 4736 est
441 4680 524 4730 adime
549 4677 651 4728 taudem
669 4680 718 4728 iam
737 4686 789 4729 tum
808 4680 867 4729 inde
887 4680 1035 4731 iamdudum
1052 4696 1173 4745 umquam
1191 4697 1379 4750 nonnumquam

88 4763 209 4820 excerpta
226 4754 371 4807 Bernensia
450 4751 484 4802 33
501 4749 622 4816 perendie
639 4763 661 4797 ω
678 4755 782 4815 repente
799 4749 827 4799 N
906 4748 940 4803 34
956 4751 1079 4815 postridie
1097 4759 1221 4817 excerpta
1237 4752 1381 4808 Beneneia

86 4832 184 4910 ppridie
201 4843 229 4893 N
