3114 5356
603 349 810 414 PRAEFATIO
1264 378 1354 420 mvn

56 535 110 591 est.
155 527 260 592 etiam
295 551 392 593 casus
422 531 624 615 pronominis
652 532 782 596 relativi
810 540 864 611 qut
889 542 922 596 et
949 534 1195 602 demonstrativi
1223 543 1286 616 hic,
1320 540 1353 604 in

55 627 172 713 quibus
195 631 390 717 saepissime
416 642 584 718 peecatum
604 644 669 715 est,
696 634 797 719 vulgo
825 656 889 698 non
913 634 1008 721 plene
1036 639 1148 725 scripti
1176 639 1235 702 sed
1255 642 1353 706 certis
1422 672 1427 676 ·
1497 612 1508 632 -.

54 730 138 793 notis
161 730 342 815 significati
371 734 512 798 fuerunt.
557 734 635 797 item
666 756 737 798 cum
766 744 784 815 ᾇ
810 757 868 820 pro
890 757 983 817 qaae,
1006 754 1107 826 apro
1130 745 1222 818 quod,
1247 756 1267 805 a
1294 764 1352 828 pro

53 845 104 895 aut
124 834 286 920 scriptum
307 843 411 914 essct,
439 833 520 898 hacc
542 857 671 922 quoquc
694 859 790 924 saepe
812 838 847 900 in
869 858 1012 902 errorem
1034 839 1239 906 induxerunt
1253 843 1352 906 libra·
1441 829 1448 840 ’

53 934 136 1014 rios,
160 943 200 996 ut
221 935 295 1017 325,
318 938 357 998 25
382 957 460 1014 quac
478 934 507 998 B
528 948 582 998 ant
600 935 636 999 M
655 958 724 1000 cam
745 941 792 1018 A,
812 939 872 1002 488
896 943 929 1000 ll
955 945 1005 1003 acl
1024 946 1105 1017 quod
1122 949 1153 1004 in
1172 963 1209 1005 ea
1228 943 1256 1006 B
1285 950 1353 1008 uela

54 1057 128 1101 enea
151 1034 237 1100 AM.
280 1045 452 1121 praeterea
479 1039 612 1100 nomina
637 1059 771 1100 casuum
799 1037 967 1102 modorum
996 1048 1193 1126 temporum,
1222 1043 1288 1106 alia
1316 1044 1350 1108 id

54 1160 159 1222 genus
179 1161 247 1203 non
265 1136 362 1224 plene
380 1138 503 1223 scripta
518 1137 574 1201 sed
591 1137 783 1222 conpendiis
804 1137 948 1200 indicata
968 1140 1111 1221 fuerunt,
1131 1141 1219 1206 unde
1233 1164 1353 1227 magna

55 1239 87 1302 in
124 1238 177 1302 his
203 1237 356 1303 omnibus
384 1236 541 1302 librorum
575 1237 752 1303 diversitas
786 1248 865 1304 nata
901 1249 961 1302 cst.
1007 1239 1148 1327 denique
1175 1263 1219 1307 ex
1251 1245 1351 1308 rario-

56 1337 149 1403 ribus
173 1340 303 1426 priscae
324 1340 506 1426 scripturae
528 1340 721 1425 conpendiis
744 1341 856 1403 inveni
878 1339 971 1422 haec,
996 1352 1025 1400 w
1042 1364 1102 1428 pro
1119 1355 1216 1408 aatcm
1241 1366 1269 1428 p
1294 1368 1352 1433 pro

54 1446 132 1502 enim
155 1445 198 1502 εἴη
218 1448 389 1525 prouolat,
413 1461 586 1527 quaecum
605 1441 720 1525 paucis
738 1442 818 1505 locis
839 1462 882 1504 ex
902 1442 1011 1527 prisco
1031 1443 1212 1530 exemplari
1234 1447 1278 1511 ad
1296 1469 1353 1512 no·

56 1549 141 1605 atros
162 1539 266 1604 libros
293 1541 452 1605 translata
473 1551 564 1622 sunt,
593 1551 661 1604 tum
685 1541 847 1606 interdum
875 1541 1040 1608 erroribus
1061 1563 1174 1608 ansam
1196 1548 1353 1632 praebue·
1462 1546 1465 1554 ⁴

56 1651 151 1722 runt,
168 1650 206 1704 ut
228 1644 300 1725 312,
318 1645 357 1706 23
378 1648 409 1706 lr’
432 1663 492 1728 pro
510 1654 608 1707 autern
627 1651 678 1706 est
699 1644 733 1706 in
756 1641 801 1704 M.
837 1639 888 1704 his
909 1642 1162 1728 conpendiorum
1182 1649 1352 1737 exemplis,
1385 1660 1388 1665 ’

57 1765 194 1830 quorum
221 1742 319 1806 facile
345 1745 460 1829 augeri
485 1753 615 1830 poterat
638 1764 808 1822 numerus,
845 1743 925 1806 satis
953 1755 1031 1831 puto
1060 1748 1260 1830 patefactum
1281 1772 1353 1815 esse

57 1842 207 1908 omnibus
221 1846 277 1930 qui
291 1867 414 1930 genera
428 1847 556 1932 priscae
572 1846 752 1931 scripturae
766 1854 938 1931 perspecta
951 1845 1074 1910 habent
1090 1851 1353 1935 antiquissimum

58 1945 202 2012 codicem
225 1968 269 2010 ex
290 1968 354 2032 quo
382 1949 484 2011 nostri
505 1944 581 2009 libri
609 1944 800 2008 ductisunt
823 1965 887 2007 non
920 1946 1105 2012 uncialibus
1131 1949 1248 2012 litteris
1271 1972 1353 2035 quas
1383 1953 1386 1958 '

58 2046 170 2110 dicunt
192 2046 251 2111 sed
277 2049 440 2135 scriptura
458 2047 686 2131 Merovingica
705 2046 835 2109 cursivo
856 2047 1070 2131 perscriptum
1096 2048 1208 2114 luisse.
1254 2073 1353 2137 quare

58 2172 129 2214 curn
152 2159 272 2213 octavo
293 2150 441 2232 saeculo,
468 2170 531 2236 quo
552 2148 693 2233 primum
713 2147 848 2210 tractari
863 2167 883 2208 a
899 2145 1043 2212 librariis
1059 2160 1193 2234 coeptus
1208 2159 1267 2233 est,
1288 2173 1352 2215 non

58 2249 158 2314 multo
180 2251 382 2334 superiorem
404 2250 507 2314 luisse
532 2249 695 2313 existimo.
741 2247 826 2312 idem
850 2269 893 2310 ex
916 2248 1021 2312 forma
1042 2249 1245 2335 singularum
1267 2250 1353 2314 litte·

59 2371 180 2431 rarum,
213 2372 350 2436 quarum
386 2350 600 2415 similitudine
630 2349 760 2413 invitati
785 2349 927 2411 maxime
956 2350 992 2412 in
1015 2370 1140 2414 errores
1167 2350 1353 2415 inciderunt

58 2449 200 2530 librarii,
225 2450 373 2536 intellegi
397 2450 484 2514 licet.
529 2473 572 2514 ex
597 2471 661 2536 quo
687 2442 807 2531 'genere
835 2449 944 2511 omnia
965 2470 1156 2514 enumerare
1188 2450 1352 2515 infinitum

59 2560 120 2631 cst3
142 2574 251 2637 pauca
268 2550 411 2639 exempli
430 2574 531 2616 causa
548 2551 723 2638 proferam.
758 2548 1059 2634 frequentissimum
1073 2559 1179 2613 autem
1195 2559 1244 2614 est
1259 2550 1351 2633 illud,

58 2654 142 2741 quod
165 2675 186 2716 a
207 2663 241 2718 et
262 2677 281 2717 a
302 2653 432 2717 litterae
456 2654 542 2717 inter
563 2675 597 2716 se
621 2657 825 2715 conmutatae
848 2661 933 2714 sunt.
978 2650 1153 2737 quodcum
1174 2653 1352 2715 innumeris

58 2756 135 2820 locis
158 2756 195 2819 in
217 2754 397 2819 levioribus
412 2753 527 2835 rebus,
549 2754 583 2816 in
605 2752 723 2838 quibus
747 2751 845 2816 facile
867 2774 1009 2816 errorem
1033 2750 1276 2838 deprehendas,
1300 2774 1351 2816 ac-

57 2858 151 2939 cidit,
172 2866 242 2920 tum
265 2856 419 2940 graviora
440 2854 600 2941 quaedam
621 2874 687 2916 non
708 2874 783 2916 raro
806 2855 946 2938 peperit,
970 2861 1007 2916 ut
1028 2854 1107 2932 373,
1138 2854 1200 2915 2α
1220 2851 1352 2931 terpoB
1414 2854 1417 2859 ’

56 2971 87 3020 ut
101 2977 179 3036 erqo
199 2955 283 3037 AM,
302 2961 376 3039 411,
397 2959 438 3019 22
461 2976 570 3020 aeneas
584 2951 649 3015 AB
671 2961 772 3018 ueniat
790 2954 835 3035 M,
858 2959 931 3037 413,
951 2958 970 3018 6
987 2959 1138 3018 antandro
1150 2962 1272 3034 ponitur
1286 2955 1353 3019 AB

56 3066 169 3122 animm
186 3064 367 3138 proponitur
387 3057 431 3120 M.
477 3056 596 3121 deinde
627 3077 646 3117 a
672 3077 729 3140 pro
751 3055 835 3118 tvcl
856 3066 969 3120 contra
992 3057 1098 3121 rarius
1120 3055 1269 3142 quidem,
1295 3055 1354 3131 sed

55 3169 166 3223 tamen
192 3161 290 3224 certis
313 3159 508 3246 quibusdam
532 3155 690 3243 exerrrplis
710 3157 852 3243 positum
881 3157 1055 3244 reperitur,
1085 3165 1121 3220 ut
1143 3159 1221 3239 483,
1247 3159 1284 3221 18
1312 3162 1354 3220 aa

56 3261 84 3324 A
100 3267 136 3325 dt
156 3259 249 3343 ΒΜ,
273 3263 353 3342 442,
378 3264 418 3324 30
442 3268 547 3341 impeta
568 3262 598 3322 A
614 3259 647 3321 M
669 3265 785 3339 imprac
806 3258 951 3340 B,.485,
979 3261 1017 3321 13
1039 3264 1111 3322 clr'te
1129 3257 1199 3321 AB
1222 3265 1285 3322 atta
1307 3257 1351 3321 M.

56 3358 222 3448 praeterea
247 3363 389 3425 maxime
420 3362 453 3425 in
481 3385 499 3425 r
526 3361 650 3442 littera,
682 3381 766 3446 quae
791 3359 899 3423 minus
926 3368 1014 3424 certo
1042 3360 1076 3434 in
1107 3358 1165 3422 illa
1192 3361 1353 3445 scriptura

56 3470 192 3527 exarata
209 3460 281 3544 fnit,
302 3472 470 3549 peccatum
491 3472 551 3544 est,
574 3472 610 3526 ut
633 3460 730 3526 modo
750 3483 809 3546 pro
825 3481 864 3522 ea
878 3482 907 3540 q,
933 3459 1029 3525 rnodo
1048 3482 1073 3542 a,
1089 3459 1185 3524 modo
1201 3468 1232 3524 ri
1251 3483 1310 3548 pro
1330 3483 1352 3540 p

57 3563 271 3645 scriberetur,
295 3573 331 3626 ut
351 3566 432 3645 309,
462 3565 498 3624 18
520 3569 584 3642 opis
604 3584 688 3642 opem
710 3584 765 3641 opc
786 3560 857 3624 AB
884 3581 969 3624 oroes
995 3569 1086 3625 ortem
1115 3568 1178 3624 orr'c
1200 3560 1251 3637 M,
1280 3563 1352 3642 328,

60 3674 96 3732 to
121 3674 238 3731 lamina
255 3670 342 3745 apat}
365 3673 488 3743 acrqitio
508 3665 538 3728 A
556 3671 719 3730 luminaria
745 3668 898 3739 uirqe'lium
917 3660 952 3724 M
969 3655 1165 3729 luminans
1177 3662 1222 3744 B,
1243 3662 1316 3744 407,
1332 3665 1351 3726 9

58 3774 122 3829 turc
142 3764 210 3828 AB
232 3770 278 3827 ias
303 3775 320 3829 e‘
350 3764 385 3828 M
393 3790 401 3848 ;
431 3776 464 3829 et
494 3768 685 3852 saepissimo
710 3771 812 3841 finitus
835 3786 894 3849 pro
918 3770 1024 3840 finitur
1049 3764 1201 3845 attalia,
1236 3784 1268 3826 se
1293 3784 1352 3848 pro

57 3865 291 3942 re‚·interdum
310 3871 421 3951 ¹quibus
441 3890 499 3953 pro
520 3873 608 3932 rebus
628 3868 748 3953 scripta
769 3865 985 3949 reperiuntur.
1031 3864 1171 3952 denique
1194 3887 1267 3928 cum
1290 3865 1352 3928 hoc

57 3968 136 4032 vitio
160 3967 371 4031 coniunctum
394 3978 444 4031 cst
462 3967 559 4048 illud,
581 3969 668 4057 quod
690 3967 1007 4053 frequentissimam
1031 3965 1180 4029 omnibus
1202 3964 1295 4029 libris
1317 3986 1352 4027 or

56 4093 112 4157 pro
129 4092 169 4132 ur
191 4077 277 4132 etur
293 4069 346 4132 vel
371 4079 484 4134 contra
509 4072 649 4156 positum
671 4081 736 4153 est,
759 4080 794 4133 ut
813 4077 1029 4147 contemplatur
1049 4089 1107 4153 pro
1130 4072 1351 4144 contemplator,

54 4176 167 4247 [araur
198 4192 256 4257 pro
279 4174 418 4252 fortior,
439 4192 558 4235 mercar
582 4194 641 4258 pro
663 4193 786 4236 mereor.
831 4170 1015 4255 augebatur
1038 4178 1146 4231 autem
1171 4169 1206 4230 in
1232 4166 1283 4229 his
1303 4165 1351 4227 vi-

57 4275 173 4338 tiorum
198 4269 377 4357 generibus
401 4293 483 4357 quac
505 4272 603 4337 modo
625 4283 815 4360 persecutus
839 4294 910 4336 sum
937 4292 976 4335 ea
1000 4291 1036 4333 re
1061 4271 1203 4332 maxime
1221 4265 1350 4330 errandi

57 4374 254 4463 periculum,
280 4372 367 4459 quod
384 4381 453 4435 tum
476 4395 548 4437 cum
567 4375 709 4461 priscum
728 4372 913 4460 exemplum
928 4370 1175 4436 describebatur
1190 4369 1351 4454 scriptura

56 4499 118 4541 non
141 4473 245 4541 nullis
272 4474 353 4539 locis
381 4472 500 4537 detrita
527 4473 605 4556 fuit,
636 4484 671 4537 ut
701 4475 766 4538 iam
799 4484 886 4540 certo
913 4472 1058 4536 librariis
1086 4493 1150 4534 non
1180 4469 1352 4556 adpareret

57 4578 133 4664 quid
166 4576 325 4662 scriptum
343 4584 459 4656 esset,
497 4575 659 4638 interdum
691 4577 788 4640 etiam
823 4575 963 4641 corrosis
997 4570 1193 4635 membranis
1223 4570 1351 4636 litterae

57 4680 256 4764 interceptae
286 4677 391 4738 fuisse
413 4676 576 4739 videntur.
621 4677 691 4740 cius
713 4678 760 4741 rei
785 4677 966 4740 certissima
994 4680 1187 4756 argumenta
1215 4681 1292 4735 sunt
1313 4694 1352 4735 ea

60 4803 135 4868 quae
168 4778 328 4844 indicatis
362 4775 487 4840 lacunis
521 4778 555 4839 in
584 4798 648 4839 uno
679 4776 825 4841 alterove
853 4775 964 4840 codice
993 4773 1129 4855 omissa,
1156 4771 1190 4835 in
1218 4772 1351 4859 reliquis

58 4902 126 4949 vcro
152 4884 289 4967 integra
321 4886 460 4942 servata.
477 4888 562 4943 sunt.
608 4901 672 4965 qua
702 4879 734 4941 in
771 4898 806 4941 re
835 4877 951 4939 iteruin
977 4895 1050 4937 eum
1076 4874 1131 4961 qui
1156 4873 1190 4940 M
1223 4871 1354 4960 scripsit
