3114 5356
137 312 177 375 ao
669 396 672 401 y
695 308 857 373 ommsn

189 428 337 484 amun
1219 424 1372 480 omnm

34 533 41 549 ·
138 501 242 562 deiude
270 499 347 578 quod
369 509 437 560 sunt
458 497 599 576 quaedam
621 497 708 558 verba
730 515 804 574 quae
826 516 861 558 ex
888 514 920 556 se
944 496 1031 558 trium
1054 516 1192 575 generum
1220 497 1336 559 nomina
1359 516 1426 558 cre·

138 611 203 677 ant,
232 609 290 662 tarn
312 620 398 680 quarn
419 599 455 660 ab
484 620 518 660 eo
540 598 618 677 quod
644 607 688 678 est
709 597 884 679 interpretor
902 599 950 659 bic
976 595 1214 683 interpretatori}
1235 599 1306 661 baec
1333 599 1426 661 iuter-

139 706 292 785 pretatur,
313 723 347 765 cx
369 702 481 764 diverso
504 720 626 781 genere,
645 709 674 762 et
695 719 730 761 ex
750 701 960 762 communicato
982 701 1135 780 interpres.
1179 708 1209 761 et
1229 701 1265 761 ab
1287 720 1323 762 eo
1344 701 1427 780 quod

139 814 185 869 est
204 806 318 868 vindico
340 803 499 867 vindicator
517 812 546 864 et
567 800 735 864 vindicatrix
760 810 789 863 et
810 803 929 878 tindex3
965 801 1007 863 sic
1025 812 1054 864 et
1076 803 1259 863 earnilicator
1278 810 1307 862 et
1330 804 1427 864 carni-

35 950 46 973 .
139 909 248 970 beatrix
276 914 305 969 et
326 907 469 982 carniiex3
496 906 538 967 sic
556 912 586 966 et
601 912 737 982 regnator
758 904 903 982 regnatrix
923 923 981 965 rex.
1027 924 1095 966 nam
1115 905 1214 983 regina
1237 903 1317 965 nullo
1334 905 1453 965 modos

138 1010 351 1091 recipiendum,
373 1008 429 1070 nisi
451 1008 647 1088 reciperemus
668 1013 698 1066 et
717 1005 859 1085 reginum.

136 1195 185 1257 xv
227 1195 275 1256 llll
303 1195 624 1259 ult'lltttlssTtTths
651 1192 822 1255 uultutvu
849 1191 898 1253 ET
927 1190 1098 1254 ulvuusts
1126 1192 1425 1265 QVAESTIONIBVS

219 1316 261 1375 Ne
281 1316 343 1396 ipsa
362 1317 479 1396 quidem
498 1335 595 1377 rerum
615 1322 718 1376 natura
737 1323 797 1376 tam
814 1313 894 1373 linita
916 1320 961 1375 est
979 1319 1010 1372 ut
1026 1302 1112 1372 uobis
1134 1330 1265 1392 quoque,
1287 1320 1323 1375 ui
1339 1314 1424 1376 ‹ttet-

136 1434 219 1494 mm,
248 1419 436 1480 novissimum
462 1418 507 1480 sui
529 1419 677 1498 adsignet,
704 1417 832 1480 nedum
854 1423 948 1489 artes,
976 1432 1099 1492 quarum
1121 1418 1423 1479 consummationibus

137 1518 309 1581 inbecillitas
329 1520 455 1581 humana
476 1538 535 1582 non
557 1520 679 1599 sufficit,
706 1518 751 1580 vel
772 1525 892 1599 propter
912 1523 1070 1578 extremum
1091 1516 1268 1580 difficultatis
1291 1518 1447 1582 laboremr

136 1620 180 1680 vel
201 1621 261 1682 sola
290 1640 388 1682 earum
413 1622 577 1683 inventione
608 1622 718 1683 satiata.
763 1631 793 1681 et
819 1638 890 1682 sane
919 1619 987 1698 quid
1021 1626 1117 1698 potest
1148 1619 1313 1684 absolutum
1344 1643 1423 1696 esse,

137 1723 214 1801 quod
242 1723 361 1785 adsidue
388 1742 442 1803 pre
464 1722 622 1785 subtilitate
641 1720 782 1803 cuiusque
802 1721 910 1801 ingenii
933 1719 1113 1782 adstruitur?
1155 1741 1214 1782 non
1237 1722 1302 1785 ideo
1324 1732 1423 1786 minen

137 1824 215 1886 nulla
245 1832 314 1885 seint
336 1844 410 1903 quae
430 1825 494 1887 aliis
521 1825 644 1887 subinde
667 1823 877 1886 adiectionibus
897 1830 960 1883 tuta
982 1841 1048 1884 esse
1072 1840 1131 1884 nou
1153 1824 1286 1903 patimur.
1331 1845 1423 1905 quare

137 1925 265 1986 conteuti
292 1944 393 1988 sumus
421 1945 456 1987 eo
483 1928 560 2006 quod
587 1935 735 2007 repertum
763 1935 822 2000 est,
850 1943 916 1986 cum
940 1924 970 1984 in
991 1926 1070 1986 omni
1089 1945 1187 1987 rerum
1209 1927 1321 1988 ratione
1342 1936 1421 1990 artes

136 2045 253 2106 quoque
271 2047 437 2090 mensuram
457 2029 502 2090 sui
523 2030 697 2090 habeantet
717 2035 848 2088 naturam
871 2046 927 2087 uec
948 2026 1031 2088 aliter
1055 2030 1216 2109 proiectum
1238 2047 1304 2089 esse
1325 2030 1422 2091 videa·

136 2148 202 2191 mus
220 2130 297 2223 quod
320 2130 434 2191 interim
456 2139 509 2191 est.
555 2131 673 2192 Latinus
690 2148 758 2190 vero
780 2149 876 2190 senno
896 2148 962 2189 cum
984 2120 1048 2210 ips'o
1067 2131 1184 2191 bomine
1206 2130 1329 2192 civitatis
1351 2151 1421 2193 suae

136 2239 222 2292 natus
250 2230 445 2310 significandis
473 2232 734 2311 intellegundisquc
762 2248 835 2309 quae
860 2229 970 2291 diceret
988 2233 1141 2311 praestitit.
1184 2233 1240 2293 scd
1264 2242 1420 2313 postquam

136 2333 223 2413 plane
242 2333 511 2413 supervenientibus
539 2333 662 2394 saeculis
687 2333 799 2413 accepit
824 2332 949 2393 artifices
973 2342 1001 2394 et
1023 2334 1158 2396 solertiae
1179 2344 1297 2397 nostrae
1316 2335 1419 2398 obser-

135 2435 297 2497 vationibus
320 2444 421 2516 captus
445 2442 505 2509 est,
524 2435 625 2515 paucis
647 2435 802 2496 admodum
822 2434 952 2514 partibus
970 2435 1109 2498 orationis
1131 2457 1249 2499 normae
1268 2432 1339 2498 suae
1360 2437 1419 2499 dis·

136 2537 342 2609 sentientibus,
364 2536 523 2616 regendum
545 2557 578 2598 se
597 2536 713 2614 regulae
732 2535 849 2599 tradidit
872 2545 902 2597 et
929 2536 1006 2598 illam
1028 2537 1164 2616 loquendi
1187 2539 1333 2601 licentiam
1355 2559 1417 2602 ser·

135 2637 215 2700 vituti
243 2637 361 2700 rationis
388 2637 503 2699 addixit.
547 2638 622 2716 quiae
648 2639 721 2700 ratio
748 2639 820 2698 adeo
840 2657 906 2699 cum
933 2639 995 2719 ipsa
1017 2639 1142 2718 loqueba
1162 2650 1297 2720 generata
1320 2650 1366 2702 est
1386 2651 1419 2702 ut

134 2740 221 2801 bodie
248 2738 320 2799 nibil
345 2739 381 2800 de
403 2757 455 2799 suo
483 2737 614 2817 analogia
640 2739 752 2800 inferat.
797 2740 831 2800 ea
850 2739 926 2800 enim
948 2759 1022 2819 quae
1044 2742 1079 2803 ad
1104 2742 1301 2823 explicandam
1320 2745 1418 2806 elocu-

135 2841 243 2903 tionem
266 2840 321 2902 iarn
343 2840 420 2920 apud
442 2858 546 2901 sensus
567 2848 684 2902 nostros
707 2840 808 2902 educta
830 2851 898 2903 sunt
921 2860 937 2902 a
957 2844 1127 2905 confusione
1147 2845 1340 2907 universitatis
1359 2847 1418 2907 dis-

136 2944 295 3026 semiluarit
306 2951 336 3004 et
348 2962 365 3003 a
379 2940 543 3021 disparibus
557 2943 636 3021 paria
655 2940 769 3002 coaluit.
814 2943 990 3023 adprobatur·
1011 2953 1108 3005 autent
1129 2946 1300 3007 delectionis
1319 2947 1417 3024 regida

134 3053 303 3124 argumento
325 3041 470 3105 similium.
521 3052 637 3105 coristat
656 3062 725 3122 ergo
753 3044 872 3106 Latinus
893 3066 987 3106 sermo
1014 3056 1115 3108 natura
1137 3047 1267 3126 analogia
1292 3068 1416 3108 consue-

136 3146 235 3208 tudine
256 3144 433 3210 auctoritate.
478 3154 579 3207 natura
602 3146 755 3207 verborum
777 3147 984 3226 nominumque
1006 3149 1181 3211 inmutabilis
1200 3158 1245 3211 est
1267 3169 1321 3211 nec
1337 3152 1415 3253 qutie-

135 3355 168 3405 td
202 3357 228 3405 N
245 3357 332 3412 ¹⁵2²
366 3354 529 3421 uelpropter
568 3350 574 3359 '

135 3467 464 3478 ...—-.-.-——-

205 3550 220 3597 2
236 3549 267 3597 ab
286 3565 315 3599 eo
334 3545 402 3610 quod
417 3553 455 3594 est
473 3543 514 3593 liic
530 3544 679 3609 interpetatur
695 3539 712 3589 lt
731 3542 877 3608 interptator
898 3559 930 3592 ex
952 3546 1054 3597 diuerso
1077 3561 1169 3611 genere
1194 3500 1409 3613 interptutrixmer

138 3636 318 3684 communiente
337 3633 404 3698 intpis
421 3631 447 3679 N
466 3632 497 3679 ab
516 3645 545 3680 eo
564 3630 632 3693 quod
650 3635 688 3678 est
707 3630 856 3694 interpretor
871 3629 913 3678 liic
931 3632 1105 3696 interpretator
1120 3632 1195 3681 liuius
1209 3634 1408 3699 interpretatoris

139 3720 170 3754 cx
190 3706 290 3755 diuerso
309 3718 401 3769 genere
418 3701 605 3766 iuterpretutrix
622 3707 646 3749 et
666 3714 698 3747 ex
715 3699 841 3749 communi
854 3700 977 3764 interpres
990 3701 1121 3751 Fabricius
1191 3700 1262 3751 7XV
1272 3720 1317 3753 orn.
1328 3705 1369 3753 N:
1382 3709 1407 3768 ef

138 3769 469 3835 exe.Puris.f.llil-104*
527 3769 581 3819 8ut
593 3770 705 3818 diximus
717 3784 765 3818 non
775 3770 839 3832 satis
849 3771 874 3820 in
887 3770 971 3820 codiee
984 3771 1119 3833 adparuit:
1131 3771 1204 3821 uxms
1214 3773 1332 3823 ueldoms
1340 3790 1405 3838 supe

137 3846 232 3910 scripto
244 3853 271 3891 ut
284 3859 339 3894 ease
353 3841 498 3892 uidebatur:
515 3855 549 3888 on
564 3848 590 3889 ut
602 3837 765 3887 Cominianus
778 3839 855 3889 dicit?
873 3840 1140 3890 nobisauuuissimunr
1157 3858 1178 3890 ω
1195 3842 1268 3892 nobis
1282 3845 1405 3894 terminus

138 3914 303 3964 nouissimum
322 3912 505 3962 Lindemannus
581 3907 613 3958 10
630 3907 776 3958 sui..citN
792 3910 899 3974 suspicit
916 3924 937 3958 ω
1014 3909 1044 3958 te
1068 3925 1113 3974 pro
1131 3910 1269 3960 subtilitate
1285 3913 1404 3965 Putscbiu

138 3991 242 4052 propter
254 3982 416 4032 subtilitatem
428 3981 453 4028 N
524 3977 554 4029 13
565 3976 635 4043 nullp
649 3978 674 4025 N
678 3992 684 4025 ε
699 3977 782 4026 nullae
793 3987 860 4044 sunt,
880 3979 939 4041 quia
954 3978 1011 4027 illus
1029 3979 1134 4029 subinde
1153 3980 1339 4032 adiectionibus
1351 3992 1403 4034 tntu

138 4068 187 4104 uon
203 4055 313 4119 patimur
328 4050 461 4101 mucuns
541 4047 572 4097 14
590 4048 670 4098 simus
684 4046 816 4098 rusentio
891 4046 969 4113 artes]
989 4056 1073 4114 partes
1088 4049 1113 4097 N
1192 4049 1224 4100 lu
1242 4051 1402 4102 uideamurt

88 4158 92 4167 ·
137 4124 254 4174 uideatur
272 4120 418 4172 Pietacbius:
440 4134 485 4168 nec
503 4118 603 4168 omniuo
621 4116 760 4182 perlectum
779 4132 836 4168 esse
853 4117 987 4168 uideamus
1004 4120 1106 4168 coniecit
1123 4119 1308 4173 Lindemmincs
1387 4124 1400 4175 l

138 4208 187 4260 sup
192 4229 284 4243 ......
290 4189 465 4257 significandis
482 4188 508 4237 N
523 4203 585 4237 strae
602 4194 675 4235 natus
693 4185 867 4251 significandis
884 4202 906 4236 ω
996 4187 1027 4238 li
1046 4188 1092 4237 sed
1109 4204 1155 4240 oni.
1176 4188 1216 4239 N:
1242 4191 1327 4242 dicere
1344 4208 1399 4258 prm

138 4265 210 4319 stitit.
229 4271 398 4330 postquamtu
468 4257 500 4308 18
517 4258 613 4321 aceepit
630 4255 761 4306 Fabricius
778 4258 911 4323 accipiiN
979 4254 1011 4308 19
1028 4259 1117 4322 paucis
1132 4257 1172 4307 N:
1189 4259 1224 4321 cf.
1234 4259 1398 4325 Diom.p.2fi

204 4336 238 4385 22
256 4332 374 4399 analogio
391 4329 417 4378 N
484 4326 693 4392 explicaudnmui
713 4325 891 4391 explicandum
908 4325 934 4374 N
1000 4326 1033 4378 23
1052 4328 1143 4376 educta
1160 4334 1248 4378 sunta
1268 4332 1397 4382 contnstor

138 4419 269 4470 Paucum
287 4418 376 4470 educta
392 4400 431 4467 s't:
451 4415 467 4463 ῐι
485 4411 632 4462 cotriusioue
650 4412 676 4460 N
699 4412 804 4462 educata
822 4414 947 4464 santiam
967 4412 1152 4462 conluuionem
1237 4417 1393 4468 2ioti1di

139 4489 243 4554 paribus
259 4488 288 4538 N
301 4496 326 4537 ct
343 4496 370 4536 ut
386 4483 532 4550 disparibus
549 4497 587 4530 w:
614 4489 638 4530 et
656 4481 800 4551 disparibus
819 4484 890 4548 paria
907 4481 1035 4546 copnluuit
1051 4480 1192 4531 Putaelriru.
1220 4485 1312 4535 coaluit
1331 4488 1394 4550 dese

138 4559 175 4608 dit
189 4561 266 4624 plora.
286 4558 374 4608 Paris.
393 4555 433 4607 ed.
453 4550 568 4605 Hildebr·
585 4566 613 4613 p.
634 4548 668 4601 56
690 4553 828 4612 ‘coalescit‚
847 4552 985 4601 macrescit
999 4552 1038 4600 cel
1055 4553 1228 4614 conpletinat‘.
1259 4556 1377 4618 fortasse

140 4641 157 4675 n
174 4627 318 4692 disparibus
335 4626 407 4693 paria
423 4622 569 4675 dissociauit
585 4628 610 4670 et
626 4618 719 4670 coaluit
787 4621 940 4687 adprobatur
956 4622 973 4669 ai
990 4619 1025 4683 (lt.
1045 4636 1067 4669 e.
1086 4620 1142 4684 etit)
1164 4622 1308 4675 dilectionis
1328 4627 1354 4675 N

139 4698 173 4747 25
192 4696 344 4746 Constat-
360 4696 408 4756 el,
428 4694 460 4745 12
483 4692 657 4743 confiterentur
672 4690 751 4741 Dium.
769 4706 796 4754 p.
818 4691 884 4742 434„
901 4699 929 4739 ut
947 4690 1134 4738 comminianus
1158 4691 1218 4741 dicit
1239 4705 1338 4746 constet
1358 4713 1391 4760 erp

139 4764 233 4815 latitius
250 4781 333 4815 sermo
349 4793 381 4802 -
397 4764 444 4825 51,
466 4765 497 4815 14
514 4760 625 4827 depellat
641 4767 763 4821 excerpta
780 4761 871 4811 codicis
888 4760 1026 4810 Beruenses
1046 4758 1093 4810 123
1108 4761 1131 4822 f.
1151 4762 1181 4810 ‘21
1272 4766 1306 4816 26
1328 4768 1390 4816 ueri)

140 4848 194 4883 rum
214 4829 405 4898 'nominumque
422 4831 590 4896 inmutabilis,
609 4829 634 4880 in
651 4843 729 4894 maru.
743 4825 821 4879 *clius
837 4828 971 4880 uerborum
990 4829 1101 4878 omnium
1119 4829 1144 4878 N
