3114 5356
208 246 272 312 teo
769 249 952 314 ntouunts

209 362 425 516 &aaa
448 434 495 495 dis
513 435 695 497 inferebatur
715 444 745 497 et
768 455 784 497 a
806 436 890 517 copia
915 456 950 498 ac
973 436 1125 500 saturitate
1147 438 1191 500 rei
1215 370 1528 519 ntugssossbdmd

209 537 295 599 cuius
317 535 434 614 generis
456 535 585 597 lancium
606 545 636 597 ct
656 534 800 614 Vergilius
823 537 853 597 in
882 537 1028 615 georgicis
1055 537 1208 613 meminit,
1243 560 1319 603 curn
1349 541 1412 603 hoc
1438 543 1512 604 modo

208 637 289 711 dicit,

372 735 551 799 lancibus
572 745 608 798 et
629 736 764 816 pandis
786 738 972 801 fumantia
990 738 1185 803 reddimus
1206 750 1299 804 exta

163 882 167 889 -
208 850 240 902 et
1515 881 1524 918 ,

748 937 957 1019 lancesque
977 950 1013 1003 et
1030 941 1107 1004 liha
1123 942 1320 1003 'teremust

169 1066 188 1134 p
208 1043 270 1106 sire
291 1062 308 1104 a
330 1040 457 1121 quodam
479 1055 587 1115 genere
609 1037 786 1111 farciminis,
807 1039 887 1115 quod
907 1042 1008 1104 multis
1029 1042 1119 1105 rebus
1138 1043 1285 1105 refertum
1300 1052 1435 1106 murnai
1448 1042 1506 1105 tlirit

209 1145 299 1206 Varro
329 1142 496 1205 vocitatum.
540 1147 587 1200 ost
614 1146 713 1200 autem
745 1138 804 1199 hoc
832 1139 962 1218 positum
989 1140 1019 1201 in
1045 1143 1175 1205 seeundo
1203 1143 1283 1205 libro
1316 1144 1505 1206 Plautinum

210 1243 433 1325 quaestionum,
455 1243 607 1301 ‘satura
627 1248 686 1301 est
708 1258 775 1303 uva
795 1258 905 1319 passa
926 1250 962 1302 et
982 1241 1138 1322 polenta
1159 1251 1196 1304 et
1217 1243 1353 1305 nuclei
1375 1244 1453 1323 pirri
1470 1261 1504 1303 er

209 1346 330 1408 mulso
353 1340 583 1422 consparsi'.
621 1341 658 1401 ad
684 1342 758 1402 haec
785 1341 834 1402 alii
861 1343 972 1405 addtmt
993 1350 1023 1404 ct
1042 1342 1079 1404 de
1097 1342 1175 1404 mdo
1197 1344 1311 1424 punico
1330 1363 1433 1425 grana.
1463 1342 1530 1404 aliit·

209 1454 309 1508 autem
330 1445 439 1504 dicum
461 1448 566 1521 putant
585 1460 602 1502 a
623 1441 688 1519 lege
708 1449 825 1517 satana,
853 1461 928 1522 quae
957 1461 1015 1504 uno
1036 1452 1142 1523 rogatu
1159 1444 1253 1505 multa
1277 1444 1371 1507 simul
1391 1462 1504 1524 canpe

210 1546 335 1619 hendat,
366 1542 446 1621 quod
471 1541 582 1603 scilicet
609 1551 638 1602 et
667 1553 765 1605 satura
791 1544 921 1606 carmine
944 1544 1036 1605 multa
1058 1543 1145 1605 simul
1165 1554 1305 1626 poemata
1330 1546 1502 1627 conprehen

210 1647 329 1708 duntur.
374 1643 458 1706 cuius
481 1653 597 1705 saturae
617 1643 691 1722 legis
715 1645 844 1707 Lucilius
861 1646 993 1707 meminit
1013 1646 1043 1706 in
1065 1644 1170 1724 primo,

375 1764 441 1826 per
462 1754 632 1807 saturam
652 1744 813 1807 aedilem
836 1747 976 1809 lactum
997 1748 1060 1826 qui
1079 1745 1231 1824 legibus
1252 1747 1396 1824 solvat,
1414 1746 1421 1832 Ι

211 1858 241 1912 et
263 1847 419 1911 Sallustius
441 1848 471 1908 in
496 1848 650 1927 lugurtha,
684 1845 840 1908 ‘deinde
871 1847 979 1927 quasi
1009 1866 1076 1928 par
1104 1854 1270 1909 saturam
1303 1848 1529 1913 sententiisu

211 1950 417 2031 exquisitis
442 1949 478 2009 in
502 1949 735 2010 deditionem
755 1946 974 2028 accipitur’.

295 2067 434 2131 Bucolica
455 2065 595 2128 dicuntru
614 2073 749 2146 poemata
770 2065 933 2127 secundum
954 2084 1072 2128 carmen
1092 2066 1241 2146 pastorale
1264 2069 1431 2149 conposita
1464 2068 1502 2128 in·

211 2171 313 2233 stituta
332 2176 432 2230 autem
453 2174 540 2242 suut,
562 2166 640 2227 sicut
656 2165 773 2243 quidam
789 2173 909 2245 putant,
929 2166 961 2227 in
976 2167 1121 2228 Laconica
1139 2165 1200 2241 vel,
1221 2176 1254 2228 ut
1267 2166 1335 2246 alii,
1356 2171 1388 2232 in
1405 2169 1506 2233 Sicilia.

212 2290 281 2334 nam
306 2270 383 2331 inter
407 2267 656 2330 Lacedaemonios
684 2274 712 2327 et
741 2265 856 2346 Sindos
884 2266 998 2329 diversa
1027 2267 1082 2329 luit
1109 2271 1246 2333 conditio.
1293 2273 1349 2333 sed
1376 2272 1452 2352 quod
1471 2270 1502 2332 ad

212 2374 345 2435 laconas
365 2370 507 2450 pertinet,
529 2368 603 2430 haec
629 2386 730 2429 eorum
753 2367 807 2429 luit
831 2367 922 2446 origo.
967 2385 1027 2447 quo
1054 2377 1186 2450 tempore
1213 2372 1393 2435 adventante
1418 2375 1530 2435 Xerxes

212 2474 241 2561 in
266 2471 418 2533 Graeciam
436 2488 539 2530 omnes
563 2469 678 2530 deserta
700 2469 845 2530 Laconica
866 2477 948 2530 metu
973 2468 1166 2533 harbarorum
1192 2473 1343 2551 perterriti
1366 2475 1397 2536 in
1419 2476 1504 2537 direr-

212 2595 260 2638 sas
282 2583 381 2655 partes
403 2571 514 2649 fugisse
536 2570 709 2646 creduntur,
733 2578 762 2632 et
784 2589 850 2632 cum
872 2570 997 2649 virgines
1019 2571 1123 2633 timore
1144 2572 1284 2649 laterent,
1309 2594 1346 2635 ex
1368 2577 1426 2638 hoc
1446 2594 1504 2636 ere·

212 2677 292 2738 nisse
315 2682 402 2734 uteo
423 2671 470 2732 dic
493 2688 551 2748 quo
572 2671 676 2733 solitus
699 2679 761 2733 erat
782 2673 892 2734 chorus
913 2671 1056 2750 virginum
1073 2672 1183 2734 Dianae
1202 2673 1349 2754 Caryatidi
1372 2678 1503 2756 hpmnum

212 2795 319 2839 canere
341 2791 427 2833 nenio
447 2772 484 2832 ad
507 2771 636 2833 solemne
660 2773 833 2834 sacrificium
857 2773 1043 2835 inveniretur.
1088 2782 1159 2835 tunc
1187 2775 1285 2853 itaque
1313 2787 1450 2857 pastores
1474 2795 1504 2836 en

212 2897 281 2939 rure
302 2879 332 2936 in
355 2873 456 2937 urbem
478 2882 677 2933 convenerunt
701 2881 745 2948 et,
778 2893 816 2935 ne
839 2858 913 2935 ritus
935 2895 1086 2936 sacrorum
1108 2875 1390 2956 interrumperetur,
1412 2888 1531 2962 pastos

212 2978 265 3038 rali
288 2976 417 3036 carmine
440 2972 593 3051 conposito
615 2972 687 3034 ‹toac
709 2976 852 3038 honorem
878 2975 1113 3051 celebraverunt,
1147 2977 1225 3038 unde
1251 2986 1297 3039 est
1325 2978 1503 3041 bucolismus

212 3078 318 3140 dictus.
354 3075 493 3137 aSiculis
514 3083 611 3134 autem
633 3074 714 3153 origo
735 3094 811 3154 quae
834 3064 976 3161 trallhitur
996 3078 1069 3139 haec
1089 3087 1142 3138 est.
1179 3087 1338 3156 antequam
1352 3082 1442 3142 Hiero
1460 3099 1503 3141 res

213 3179 373 3258 Syracusas
396 3182 591 3256 expugnaret,
613 3176 716 3237 morbo
740 3176 837 3238 Sicilia
860 3177 1020 3239 laborabat.
1058 3179 1145 3239 uariis
1164 3187 1193 3239 ct
1213 3178 1346 3242 adsiduis
1370 3183 1503 3244 caerimo

212 3280 269 3341 niis
291 3279 413 3340 Dianam
435 3279 585 3360 placantes
608 3278 695 3338 linem
722 3277 806 3340 malis
827 3266 1001 3341 invenenant
1023 3298 1146 3358 eamque
1170 3280 1296 3359 Lyacam
1321 3284 1504 3361 cognomina·

210 3391 330 3455 renmt,
353 3380 436 3458 qrrasi
455 3378 622 3441 solutricem
644 3381 795 3442 malorum.
840 3382 908 3442 inde
937 3401 984 3442 res
1009 3381 1039 3442 in
1067 3382 1310 3442 consuetudinem
1338 3391 1431 3445 tracta
1454 3391 1531 3459 ests

212 3491 244 3545 ut
257 3481 367 3561 ¹greges
389 3480 566 3542 rusticorum
587 3480 731 3542 theatrum
750 3482 972 3560 ingrederentur
992 3489 1021 3541 et
1042 3482 1078 3542 de
1096 3481 1215 3543 victoria
1238 3492 1390 3544 canerent.
1428 3483 1503 3543 hahi-

212 3592 260 3644 tus
279 3592 375 3645 autern
398 3581 584 3642 huiusmodi
607 3581 767 3644 ridebatur.
800 3591 863 3643 erat
884 3583 969 3662 pranis
990 3601 1114 3660 magnus
1137 3582 1266 3642 omnium
1287 3585 1416 3645 serarum
1439 3585 1503 3644 inra-

211 3684 279 3762 gine
298 3683 451 3764 conpletus
472 3691 501 3743 et
524 3692 588 3744 uter
609 3702 675 3745 cum
698 3682 764 3770 rino
784 3682 788 3764 l
808 3692 837 3744 et
852 3683 929 3745 sollis
948 3702 1015 3743 cum
1032 3683 1161 3744 omnium
1183 3683 1367 3761 leguminum
1386 3701 1503 3764 genere3

220 3896 228 3915 ‘
285 3906 413 3971 lpriscos
432 3905 481 3954 diis
498 3903 555 3953 ΒΜ
578 3904 716 3969 priscordis
735 3905 760 3953 Α
846 3920 875 3953 ar
900 3923 947 3956 orn.
966 3906 1027 3955 ΒΜ
1109 3913 1195 3970 satyra
1209 3904 1269 3954 ΑΜ
1287 3905 1368 3954 satira
1383 3904 1409 3954 B
1487 3903 1502 3951 4

214 3973 345 4039 lancibus]
372 3973 451 4038 Verg.
467 3989 556 4038 georg.
575 3975 597 4022 ll
617 3973 667 4026 tut
751 3975 768 4024 o
791 3972 941 4039 lancesque]
971 3978 1157 4039 Veronam.
1177 3972 1268 4025 11394
1357 3974 1373 4022 7
1397 3981 1501 4035 satyram

213 4042 297 4092 ΑΒΜ
382 4042 556 4092 8uooitatam
581 4044 665 4094 codex
688 4044 802 4107 Scioppti
823 4048 967 4107 simplest.
988 4045 1008 4091 l'
1029 4042 1062 4093 10
1148 4042 1275 4106 osanna
1293 4040 1380 4091 ΑΒΜ
1447 4037 1502 4102 ura]

212 4112 291 4166 athis
361 4112 463 4177 polenta
486 4112 584 4161 mucleo
602 4116 683 4176 (eom.
705 4112 799 4173 irrrclci)
819 4112 852 4160 Μ
927 4114 980 4177 pini
1000 4122 1024 4161 ct
1042 4112 1125 4162 mulso
1143 4111 1274 4177 conspersi
1292 4112 1378 4162 ceder
1394 4112 1504 4175 Scioppir'

212 4181 281 4246 pinei
302 4179 383 4228 nrtrlso
406 4183 536 4245 eorrspersi
561 4182 693 4232 Puteohioe
781 4181 810 4230 11
837 4181 895 4247 lege
918 4189 1003 4245 stutgra
1019 4181 1106 4230 ΑΒΜ
1192 4183 1223 4231 12
1249 4179 1377 4229 carminse
1397 4180 1430 4229 Μ
1452 4194 1502 4228 oar·

212 4251 281 4298 mina
299 4248 339 4297 A:
359 4250 469 4297 connino
486 4251 563 4299 inulta
581 4250 655 4299 simul
674 4260 699 4298 et
717 4260 833 4315 poemata
851 4264 868 4306 ς
954 4250 986 4301 13
1008 4257 1108 4314 satyrae
1123 4251 1175 4301 ΑΒ
1192 4258 1278 4313 satyra
1291 4249 1326 4299 Μ
1413 4248 1445 4297 14
1462 4263 1500 4312 pet

213 4328 323 4380 satyram
343 4318 429 4367 ΑΒΜ
513 4320 571 4382 quis
592 4320 696 4371 coniecit
714 4320 738 4369 Ι.
758 4321 846 4370 Doara
860 4321 1009 4370 Lucitsat.
1030 4322 1077 4370 ret.
1098 4319 1189 4384 1912.
1208 4320 1242 4368 24
1331 4317 1366 4368 15
1392 4326 1416 4367 et
1439 4318 1504 4365 salu·

212 4389 276 4436 stine
296 4387 334 4445 M,
352 4404 397 4437 om.
416 4387 441 4435 B
511 4389 536 4436 in
557 4385 686 4453 Iugurtha]
709 4405 730 4438 r.
748 4390 783 4438 29
858 4397 969 4453 sauram
988 4388 1073 4438 ΑΒΜ
1149 4387 1183 4438 18
1201 4386 1298 4436 laconis
1312 4387 1345 4436 M
1358 4386 1448 4436 laeena
1457 4384 1505 4434 ΑΒ

280 4457 315 4505 20
335 4456 451 4518 fortasse
471 4457 574 4518 antiqno
598 4466 722 4523 tempore,
748 4461 798 4508 nisi
815 4461 902 4522 potitos
922 4462 1002 4522 ptura
1025 4461 1052 4507 in
1066 4460 1156 4521 priore
1174 4465 1251 4520 porte
1268 4459 1408 4507 sententiae
1421 4458 1504 4519 perie-

211 4533 269 4574 runt
337 4525 369 4573 24
388 4525 513 4574 desertam
531 4525 643 4575 laconica
660 4526 721 4575 ΑΜ
736 4528 860 4576 desertam
881 4528 1017 4576 laconicam
1033 4527 1059 4574 Β
1135 4527 1169 4575 22
1186 4528 1292 4574 laterent
1307 4536 1331 4575 et
1350 4541 1383 4574 ex
1397 4523 1444 4573 hoc
1456 4521 1505 4572 ΑΒ

280 4592 314 4642 23
332 4594 455 4655 ‹·nrgatidi
476 4597 505 4642 Μ
530 4595 653 4658 curiatgdi
672 4596 697 4644 B
720 4597 826 4645 carratidi
843 4597 868 4645 Β
892 4597 1007 4646 carriatidi
1025 4614 1042 4646 a
1128 4598 1162 4645 24
1186 4609 1277 4643 caracae
1295 4611 1341 4645 om.
1362 4593 1388 4642 Β
1474 4591 1505 4640 26

213 4659 367 4711 buculisnrus
387 4662 471 4711 ΑΒΜ
538 4663 572 4711 27
587 4665 674 4713 siculis
691 4665 717 4712 B
734 4665 843 4729 singulis
862 4666 921 4715 ΑΜ
988 4666 1022 4715 29
1044 4665 1173 4730 placentes
1193 4664 1245 4714 ΑΒ
1317 4662 1399 4730 lyaeui
1413 4660 1437 4708 Α
1458 4662 1504 4710 lieu

212 4728 269 4776 ΒΜ
287 4731 409 4792 lgnracam
428 4733 529 4782 codices
547 4732 630 4784 Probi
645 4736 672 4783 la
694 4736 771 4798 Verg.
790 4734 872 4784 lacot.
887 4751 915 4798 p.
935 4736 960 4789 2.
978 4733 1012 4783 28
1086 4732 1121 4783 30
1139 4742 1164 4782 et
1181 4732 1239 4783 inde
1258 4731 1282 4779 B
