<?xml version="1.0" encoding="UTF-8"?>
<!DOCTYPE html PUBLIC "-//W3C//DTD XHTML 1.0 Transitional//EN"
    "http://www.w3.org/TR/xhtml1/DTD/xhtml1-transitional.dtd">
<html xmlns="http://www.w3.org/1999/xhtml" xml:lang="en" lang="en">
 <head>
  <title>
</title>
<meta http-equiv="Content-Type" content="text/html;charset=utf-8" />
  <meta name='ocr-system' content='tesseract 3.04.00' />
  <meta name='ocr-capabilities' content='ocr_page ocr_carea ocr_par ocr_line ocrx_word'/>
</head>
<body>
  <div class='ocr_page' id='page_1' title='image "./grammaticilatin02keilgoog_0276.png"; bbox 0 0 3114 5356; ppageno 0'>
   <div class='ocr_carea' id='block_1_1' title="bbox 616 290 1464 379">
    <p class='ocr_par' dir='ltr' id='par_1_1' title="bbox 616 290 1464 379">
     <span class='ocr_line' id='line_1_1' title="bbox 616 290 1464 379; baseline 0.006 -6"><span class='ocrx_word' id='word_1_1' title='bbox 616 311 748 373; x_wconf 83' lang='lat' dir='ltr'>usur.</span> <span class='ocrx_word' id='word_1_2' title='bbox 772 290 882 374; x_wconf 83' lang='lat' dir='ltr'>omn.</span> <span class='ocrx_word' id='word_1_3' title='bbox 906 312 977 373; x_wconf 82' lang='lat' dir='ltr'>nra.</span> <span class='ocrx_word' id='word_1_4' title='bbox 1001 313 1027 374; x_wconf 94' lang='lat' dir='ltr'>u</span> <span class='ocrx_word' id='word_1_5' title='bbox 1403 315 1464 379; x_wconf 76' lang='lat' dir='ltr'>noo</span> 
     </span>
    </p>
   </div>
   <div class='ocr_carea' id='block_1_2' title="bbox 221 426 1411 580">
    <p class='ocr_par' dir='ltr' id='par_1_2' title="bbox 221 426 1411 580">
     <span class='ocr_line' id='line_1_2' title="bbox 221 426 1411 483; baseline 0 -13"><span class='ocrx_word' id='word_1_6' title='bbox 221 441 245 481; x_wconf 69' lang='grc' dir='ltr'>ρ.</span> <span class='ocrx_word' id='word_1_7' title='bbox 263 427 308 470; x_wconf 82' lang='lat' dir='ltr'>raa</span> <span class='ocrx_word' id='word_1_8' title='bbox 322 428 349 469; x_wconf 78' lang='lat' dir='ltr'>aa</span> <span class='ocrx_word' id='word_1_9' title='bbox 362 426 387 468; x_wconf 83' lang='lat' dir='ltr'>r.</span> <span class='ocrx_word' id='word_1_10' title='bbox 1298 442 1320 483; x_wconf 70' lang='lat' dir='ltr'>p.</span> <span class='ocrx_word' id='word_1_11' title='bbox 1336 430 1374 471; x_wconf 80' lang='lat' dir='ltr'>rm</span> <span class='ocrx_word' id='word_1_12' title='bbox 1389 428 1411 470; x_wconf 69' lang='lat'>1„</span> 
     </span>
     <span class='ocr_line' id='line_1_3' title="bbox 256 497 929 580; baseline 0.001 -21"><span class='ocrx_word' id='word_1_13' title='bbox 256 499 379 561; x_wconf 86' lang='lat' dir='ltr'>Occulto</span> <span class='ocrx_word' id='word_1_14' title='bbox 404 508 433 561; x_wconf 91' lang='lat' dir='ltr'>ut</span> <span class='ocrx_word' id='word_1_15' title='bbox 455 497 529 559; x_wconf 82' lang='lat' dir='ltr'>falso</span> <span class='ocrx_word' id='word_1_16' title='bbox 550 497 684 562; x_wconf 77' lang='lat' dir='ltr'>Afranius</span> <span class='ocrx_word' id='word_1_17' title='bbox 706 501 736 561; x_wconf 93' lang='lat' dir='ltr'>in</span> <span class='ocrx_word' id='word_1_18' title='bbox 757 500 929 580; x_wconf 75' lang='lat' dir='ltr'>Repudiato,</span> 
     </span>
    </p>
   </div>
   <div class='ocr_carea' id='block_1_3' title="bbox 108 601 1462 3230">
    <p class='ocr_par' dir='ltr' id='par_1_3' title="bbox 336 601 1300 787">
     <span class='ocr_line' id='line_1_4' title="bbox 645 601 1300 679; baseline 0.005 -18"><span class='ocrx_word' id='word_1_19' title='bbox 645 619 710 679; x_wconf 77' lang='lat' dir='ltr'>age</span> <span class='ocrx_word' id='word_1_20' title='bbox 734 620 844 663; x_wconf 87' lang='lat' dir='ltr'>curre</span> <span class='ocrx_word' id='word_1_21' title='bbox 866 602 1003 662; x_wconf 91' lang='lat' dir='ltr'>cursim</span> <span class='ocrx_word' id='word_1_22' title='bbox 1027 601 1069 661; x_wconf 90' lang='lat' dir='ltr'>ad</span> <span class='ocrx_word' id='word_1_23' title='bbox 1091 601 1300 664; x_wconf 85' lang='lat' dir='ltr'><strong>Numisium</strong></span> 
     </span>
     <span class='ocr_line' id='line_1_5' title="bbox 336 699 525 787; baseline -0.016 -21"><span class='ocrx_word' id='word_1_24' title='bbox 336 703 495 766; x_wconf 90' lang='lat' dir='ltr'>occulto.</span> <span class='ocrx_word' id='word_1_25' title='bbox 512 699 525 787; x_wconf 80' lang='grc' dir='ltr'>ΙΙ</span> 
     </span>
    </p>

    <p class='ocr_par' dir='ltr' id='par_1_4' title="bbox 257 804 1462 887">
     <span class='ocr_line' id='line_1_6' title="bbox 257 804 1462 887; baseline 0.006 -20"><span class='ocrx_word' id='word_1_26' title='bbox 257 805 434 867; x_wconf 89' lang='lat' dir='ltr'>Ostiatim</span> <span class='ocrx_word' id='word_1_27' title='bbox 461 806 611 867; x_wconf 88' lang='lat' dir='ltr'>vicatim</span> <span class='ocrx_word' id='word_1_28' title='bbox 636 805 755 880; x_wconf 84' lang='lat' dir='ltr'>Cicero,</span> <span class='ocrx_word' id='word_1_29' title='bbox 784 804 861 882; x_wconf 86' lang='lat' dir='ltr'>quod</span> <span class='ocrx_word' id='word_1_30' title='bbox 892 804 1024 875; x_wconf 75' lang='lat' dir='ltr'>Statilius</span> <span class='ocrx_word' id='word_1_31' title='bbox 1041 804 1183 866; x_wconf 77' lang='lat' dir='ltr'>Maximus</span> <span class='ocrx_word' id='word_1_32' title='bbox 1208 816 1290 869; x_wconf 91' lang='lat' dir='ltr'>notat</span> <span class='ocrx_word' id='word_1_33' title='bbox 1317 812 1462 887; x_wconf 86' lang='lat' dir='ltr'>nesciens,</span> 
     </span>
    </p>

    <p class='ocr_par' dir='ltr' id='par_1_5' title="bbox 136 905 1148 988">
     <span class='ocr_line' id='line_1_7' title="bbox 136 905 1148 988; baseline 0.001 -21"><span class='ocrx_word' id='word_1_34' title='bbox 136 909 236 988; x_wconf 75' lang='lat' dir='ltr'>aquia</span> <span class='ocrx_word' id='word_1_35' title='bbox 259 917 291 970; x_wconf 92' lang='lat' dir='ltr'>ut</span> <span class='ocrx_word' id='word_1_36' title='bbox 313 909 452 970; x_wconf 84' lang='lat' dir='ltr'>continuo</span> <span class='ocrx_word' id='word_1_37' title='bbox 475 907 572 967; x_wconf 85' lang='lat' dir='ltr'>statim</span> <span class='ocrx_word' id='word_1_38' title='bbox 594 913 655 978; x_wconf 90' lang='lat' dir='ltr'>est,</span> <span class='ocrx_word' id='word_1_39' title='bbox 685 905 875 966; x_wconf 82' lang='lat' dir='ltr'><strong>continuatim</strong></span> <span class='ocrx_word' id='word_1_40' title='bbox 897 906 1148 984; x_wconf 78' lang='lat' dir='ltr'>frequentativum.</span> 
     </span>
    </p>

    <p class='ocr_par' dir='ltr' id='par_1_6' title="bbox 164 1006 1462 1394">
     <span class='ocr_line' id='line_1_8' title="bbox 256 1006 1461 1092; baseline 0.005 -21"><span class='ocrx_word' id='word_1_41' title='bbox 256 1010 378 1073; x_wconf 73' lang='lat' dir='ltr'>Obviam</span> <span class='ocrx_word' id='word_1_42' title='bbox 401 1029 455 1090; x_wconf 91' lang='lat' dir='ltr'>pro</span> <span class='ocrx_word' id='word_1_43' title='bbox 481 1008 584 1069; x_wconf 85' lang='lat' dir='ltr'>obvius</span> <span class='ocrx_word' id='word_1_44' title='bbox 610 1006 767 1069; x_wconf 74' lang='lat' dir='ltr'>Sallustius</span> <span class='ocrx_word' id='word_1_45' title='bbox 793 1007 981 1070; x_wconf 76' lang='lat' dir='ltr'>historiarum</span> <span class='ocrx_word' id='word_1_46' title='bbox 1002 1008 1044 1083; x_wconf 87' lang='lat' dir='ltr'>ll;</span> <span class='ocrx_word' id='word_1_47' title='bbox 1075 1009 1124 1069; x_wconf 93' lang='lat' dir='ltr'>ubi</span> <span class='ocrx_word' id='word_1_48' title='bbox 1147 1012 1240 1092; x_wconf 77' lang='lat' dir='ltr'>Asper</span> <span class='ocrx_word' id='word_1_49' title='bbox 1269 1013 1308 1073; x_wconf 86' lang='lat' dir='ltr'>ait</span> <span class='ocrx_word' id='word_1_50' title='bbox 1330 1015 1461 1077; x_wconf 73' lang='lat' dir='ltr'>‘vetuste</span> 
     </span>
     <span class='ocr_line' id='line_1_9' title="bbox 165 1108 1461 1188; baseline 0.006 -17"><span class='ocrx_word' id='word_1_51' title='bbox 165 1110 333 1173; x_wconf 76' lang='lat' dir='ltr'>‘obviam</span> <span class='ocrx_word' id='word_1_52' title='bbox 365 1113 499 1185; x_wconf 84' lang='lat' dir='ltr'>luere’,</span> <span class='ocrx_word' id='word_1_53' title='bbox 532 1109 669 1171; x_wconf 84' lang='lat' dir='ltr'>adverbio</span> <span class='ocrx_word' id='word_1_54' title='bbox 695 1108 796 1169; x_wconf 91' lang='lat' dir='ltr'>maluit</span> <span class='ocrx_word' id='word_1_55' title='bbox 812 1111 865 1171; x_wconf 79' lang='lat' dir='ltr'>uti</span> <span class='ocrx_word' id='word_1_56' title='bbox 889 1129 977 1188; x_wconf 81' lang='lat' dir='ltr'>quam</span> <span class='ocrx_word' id='word_1_57' title='bbox 999 1110 1152 1172; x_wconf 88' lang='lat' dir='ltr'>nomine&#39;:</span> <span class='ocrx_word' id='word_1_58' title='bbox 1191 1113 1313 1175; x_wconf 82' lang='lat' dir='ltr'>Sisenna</span> <span class='ocrx_word' id='word_1_59' title='bbox 1335 1116 1461 1179; x_wconf 87' lang='lat' dir='ltr'>blilesia·</span> 
     </span>
     <span class='ocr_line' id='line_1_10' title="bbox 164 1210 1461 1287; baseline 0.005 -13"><span class='ocrx_word' id='word_1_60' title='bbox 164 1232 234 1274; x_wconf 83' lang='lat' dir='ltr'>nrm</span> <span class='ocrx_word' id='word_1_61' title='bbox 261 1212 331 1275; x_wconf 88' lang='lat' dir='ltr'>lIIII</span> <span class='ocrx_word' id='word_1_62' title='bbox 356 1212 516 1274; x_wconf 71' lang='lat' dir='ltr'>‘obviarn</span> <span class='ocrx_word' id='word_1_63' title='bbox 542 1212 671 1287; x_wconf 80' lang='lat' dir='ltr'>venit’,</span> <span class='ocrx_word' id='word_1_64' title='bbox 700 1210 737 1271; x_wconf 89' lang='lat' dir='ltr'>N.</span> <span class='ocrx_word' id='word_1_65' title='bbox 759 1211 830 1272; x_wconf 84' lang='lat' dir='ltr'>Cato</span> <span class='ocrx_word' id='word_1_66' title='bbox 852 1212 965 1274; x_wconf 88' lang='lat' dir='ltr'>diemm</span> <span class='ocrx_word' id='word_1_67' title='bbox 987 1212 1128 1274; x_wconf 91' lang='lat' dir='ltr'>dictarum</span> <span class='ocrx_word' id='word_1_68' title='bbox 1157 1214 1194 1275; x_wconf 88' lang='lat' dir='ltr'>de</span> <span class='ocrx_word' id='word_1_69' title='bbox 1222 1217 1378 1279; x_wconf 77' lang='lat' dir='ltr'>consulatu</span> <span class='ocrx_word' id='word_1_70' title='bbox 1407 1239 1461 1281; x_wconf 92' lang='lat' dir='ltr'>suo</span> 
     </span>
     <span class='ocr_line' id='line_1_11' title="bbox 164 1314 1462 1394; baseline 0.006 -19"><span class='ocrx_word' id='word_1_71' title='bbox 164 1315 277 1376; x_wconf 76' lang='lat' dir='ltr'>‘mihi</span> <span class='ocrx_word' id='word_1_72' title='bbox 313 1324 424 1394; x_wconf 81' lang='lat' dir='ltr'>atque</span> <span class='ocrx_word' id='word_1_73' title='bbox 459 1314 576 1376; x_wconf 84' lang='lat' dir='ltr'>classi</span> <span class='ocrx_word' id='word_1_74' title='bbox 611 1314 752 1374; x_wconf 76' lang='lat' dir='ltr'>obuiam</span> <span class='ocrx_word' id='word_1_75' title='bbox 784 1314 910 1389; x_wconf 86' lang='lat' dir='ltr'>liunt’,</span> <span class='ocrx_word' id='word_1_76' title='bbox 945 1314 1063 1377; x_wconf 87' lang='lat' dir='ltr'>Plautus</span> <span class='ocrx_word' id='word_1_77' title='bbox 1089 1315 1119 1376; x_wconf 94' lang='lat' dir='ltr'>in</span> <span class='ocrx_word' id='word_1_78' title='bbox 1148 1315 1342 1382; x_wconf 82' lang='lat' dir='ltr'>Bacchidibus</span> <span class='ocrx_word' id='word_1_79' title='bbox 1372 1323 1462 1383; x_wconf 78' lang='lat' dir='ltr'>‘cho</span> 
     </span>
    </p>

    <p class='ocr_par' dir='ltr' id='par_1_7' title="bbox 125 1417 1042 1497">
     <span class='ocr_line' id='line_1_12' title="bbox 125 1417 1042 1497; baseline 0.005 -21"><span class='ocrx_word' id='word_1_80' title='bbox 125 1425 354 1497; x_wconf 71' lang='lat' dir='ltr'>inoportuna</span> <span class='ocrx_word' id='word_1_81' title='bbox 375 1417 464 1478; x_wconf 91' lang='lat' dir='ltr'>mihi</span> <span class='ocrx_word' id='word_1_82' title='bbox 488 1426 544 1479; x_wconf 88' lang='lat' dir='ltr'>est</span> <span class='ocrx_word' id='word_1_83' title='bbox 565 1417 736 1478; x_wconf 84' lang='lat' dir='ltr'>obriam’.</span> <span class='ocrx_word' id='word_1_84' title='bbox 1038 1476 1042 1481; x_wconf 91' lang='lat'>.</span> 
     </span>
    </p>

    <p class='ocr_par' dir='ltr' id='par_1_8' title="bbox 255 1503 1228 1599">
     <span class='ocr_line' id='line_1_13' title="bbox 255 1503 1228 1599; baseline 0.004 -22"><span class='ocrx_word' id='word_1_85' title='bbox 255 1509 355 1599; x_wconf 63' lang='grc' dir='ltr'><em>Οὐδὲν</em></span> <span class='ocrx_word' id='word_1_86' title='bbox 376 1503 465 1595; x_wconf 75' lang='grc' dir='ltr'><strong><em>ἦττον</em></strong></span> <span class='ocrx_word' id='word_1_87' title='bbox 487 1520 578 1581; x_wconf 86' lang='lat' dir='ltr'>nihilo</span> <span class='ocrx_word' id='word_1_88' title='bbox 599 1520 708 1592; x_wconf 90' lang='lat' dir='ltr'>setius,</span> <span class='ocrx_word' id='word_1_89' title='bbox 729 1517 819 1581; x_wconf 82' lang='lat' dir='ltr'>ndr&#39;do</span> <span class='ocrx_word' id='word_1_90' title='bbox 842 1517 988 1594; x_wconf 76' lang='lat' dir='ltr'>deteriuS,</span> <span class='ocrx_word' id='word_1_91' title='bbox 1010 1519 1100 1581; x_wconf 92' lang='lat' dir='ltr'>nihilo</span> <span class='ocrx_word' id='word_1_92' title='bbox 1121 1522 1228 1584; x_wconf 86' lang='lat' dir='ltr'>minus.</span> 
     </span>
    </p>

    <p class='ocr_par' dir='ltr' id='par_1_9' title="bbox 179 1619 1461 1703">
     <span class='ocr_line' id='line_1_14' title="bbox 179 1619 1461 1703; baseline 0.004 -21"><span class='ocrx_word' id='word_1_93' title='bbox 179 1674 192 1695; x_wconf 82' lang='grc'>,</span> <span class='ocrx_word' id='word_1_94' title='bbox 254 1622 358 1684; x_wconf 86' lang='lat' dir='ltr'>Obiter</span> <span class='ocrx_word' id='word_1_95' title='bbox 377 1622 459 1685; x_wconf 85' lang='lat' dir='ltr'>dirus</span> <span class='ocrx_word' id='word_1_96' title='bbox 482 1621 646 1683; x_wconf 80' lang='lat' dir='ltr'>Harhianus</span> <span class='ocrx_word' id='word_1_97' title='bbox 666 1638 834 1681; x_wconf 84' lang='lat' dir='ltr'>sermonum</span> <span class='ocrx_word' id='word_1_98' title='bbox 854 1619 867 1680; x_wconf 97' lang='lat' dir='ltr'>l</span> <span class='ocrx_word' id='word_1_99' title='bbox 889 1621 1002 1700; x_wconf 87' lang='lat' dir='ltr'>quaerit</span> <span class='ocrx_word' id='word_1_100' title='bbox 1024 1641 1061 1682; x_wconf 92' lang='lat' dir='ltr'>an</span> <span class='ocrx_word' id='word_1_101' title='bbox 1083 1623 1218 1685; x_wconf 88' lang='lat' dir='ltr'>Latinum</span> <span class='ocrx_word' id='word_1_102' title='bbox 1239 1624 1292 1685; x_wconf 90' lang='lat' dir='ltr'>sit:</span> <span class='ocrx_word' id='word_1_103' title='bbox 1319 1628 1461 1703; x_wconf 76' lang='lat' dir='ltr'>‘quam&#39;-</span> 
     </span>
    </p>

    <p class='ocr_par' dir='ltr' id='par_1_10' title="bbox 108 1721 1460 1903">
     <span class='ocr_line' id='line_1_15' title="bbox 108 1721 1459 1805; baseline 0.004 -22"><span class='ocrx_word' id='word_1_104' title='bbox 108 1792 115 1805; x_wconf 44' lang='grc'><strong>,</strong></span> <span class='ocrx_word' id='word_1_105' title='bbox 163 1726 294 1802; x_wconf 88' lang='lat' dir='ltr'>quam&#39;</span> <span class='ocrx_word' id='word_1_106' title='bbox 322 1723 417 1801; x_wconf 83' lang='lat' dir='ltr'>inquit</span> <span class='ocrx_word' id='word_1_107' title='bbox 444 1724 558 1805; x_wconf 72' lang='lat' dir='ltr'>‘apud</span> <span class='ocrx_word' id='word_1_108' title='bbox 587 1721 785 1784; x_wconf 84' lang='lat' dir='ltr'>Laberium</span> <span class='ocrx_word' id='word_1_109' title='bbox 813 1722 904 1782; x_wconf 90' lang='lat' dir='ltr'>haec</span> <span class='ocrx_word' id='word_1_110' title='bbox 933 1741 999 1783; x_wconf 80' lang='lat' dir='ltr'>vox</span> <span class='ocrx_word' id='word_1_111' title='bbox 1027 1742 1111 1787; x_wconf 88' lang='lat' dir='ltr'>esse</span> <span class='ocrx_word' id='word_1_112' title='bbox 1137 1726 1314 1801; x_wconf 90' lang='lat' dir='ltr'>dicatur&#39;,</span> <span class='ocrx_word' id='word_1_113' title='bbox 1346 1734 1459 1788; x_wconf 88' lang='lat' dir='ltr'>etcum</span> 
     </span>
     <span class='ocr_line' id='line_1_16' title="bbox 163 1823 1460 1903; baseline 0.003 -18"><span class='ocrx_word' id='word_1_114' title='bbox 163 1827 298 1887; x_wconf 87' lang='lat' dir='ltr'>Scaums</span> <span class='ocrx_word' id='word_1_115' title='bbox 320 1825 455 1888; x_wconf 86' lang='lat' dir='ltr'>Latinum</span> <span class='ocrx_word' id='word_1_116' title='bbox 477 1846 543 1888; x_wconf 88' lang='lat' dir='ltr'>csse</span> <span class='ocrx_word' id='word_1_117' title='bbox 572 1832 673 1903; x_wconf 83' lang='lat' dir='ltr'>neget,</span> <span class='ocrx_word' id='word_1_118' title='bbox 700 1823 779 1885; x_wconf 91' lang='lat' dir='ltr'>addit</span> <span class='ocrx_word' id='word_1_119' title='bbox 802 1823 870 1903; x_wconf 89' lang='lat' dir='ltr'>quia</span> <span class='ocrx_word' id='word_1_120' title='bbox 896 1831 1008 1886; x_wconf 86' lang='lat' dir='ltr'>rotercs</span> <span class='ocrx_word' id='word_1_121' title='bbox 1034 1825 1135 1886; x_wconf 90' lang='lat' dir='ltr'>eadem</span> <span class='ocrx_word' id='word_1_122' title='bbox 1165 1827 1242 1888; x_wconf 91' lang='lat' dir='ltr'>soliti</span> <span class='ocrx_word' id='word_1_123' title='bbox 1271 1829 1330 1889; x_wconf 92' lang='lat' dir='ltr'>sint</span> <span class='ocrx_word' id='word_1_124' title='bbox 1353 1828 1460 1903; x_wconf 89' lang='lat' dir='ltr'>dicere,</span> 
     </span>
    </p>

    <p class='ocr_par' dir='ltr' id='par_1_11' title="bbox 125 1915 1460 2415">
     <span class='ocr_line' id='line_1_17' title="bbox 125 1915 1460 2006; baseline 0.001 -17"><span class='ocrx_word' id='word_1_125' title='bbox 125 1947 151 1989; x_wconf 79' lang='lat' dir='ltr'>ts</span> <span class='ocrx_word' id='word_1_126' title='bbox 164 1947 228 1989; x_wconf 91' lang='lat' dir='ltr'>non</span> <span class='ocrx_word' id='word_1_127' title='bbox 248 1927 390 1988; x_wconf 76' lang='lat' dir='ltr'>addentes</span> <span class='ocrx_word' id='word_1_128' title='bbox 412 1928 472 2002; x_wconf 88' lang='lat' dir='ltr'>via,</span> <span class='ocrx_word' id='word_1_129' title='bbox 501 1937 533 1988; x_wconf 90' lang='lat' dir='ltr'>ut</span> <span class='ocrx_word' id='word_1_130' title='bbox 553 1928 591 1988; x_wconf 91' lang='lat' dir='ltr'>sit</span> <span class='ocrx_word' id='word_1_131' title='bbox 610 1915 686 1985; x_wconf 74' lang='grc' dir='ltr'>κατὰ</span> <span class='ocrx_word' id='word_1_132' title='bbox 707 1922 856 2002; x_wconf 76' lang='grc' dir='ltr'><strong><em>ἔλλειψιν,</em></strong></span> <span class='ocrx_word' id='word_1_133' title='bbox 882 1933 913 1987; x_wconf 92' lang='lat' dir='ltr'>nt</span> <span class='ocrx_word' id='word_1_134' title='bbox 936 1926 1074 2000; x_wconf 88' lang='lat' dir='ltr'>Plautus,</span> <span class='ocrx_word' id='word_1_135' title='bbox 1096 1928 1204 2006; x_wconf 87' lang='lat' dir='ltr'>inquit,</span> <span class='ocrx_word' id='word_1_136' title='bbox 1234 1930 1378 1991; x_wconf 73' lang='lat' dir='ltr'>‘eadem</span> <span class='ocrx_word' id='word_1_137' title='bbox 1403 1930 1460 1990; x_wconf 93' lang='lat' dir='ltr'>bi·</span> 
     </span>
     <span class='ocr_line' id='line_1_18' title="bbox 162 2027 1460 2112; baseline 0.002 -22"><span class='ocrx_word' id='word_1_138' title='bbox 162 2030 249 2103; x_wconf 90' lang='lat' dir='ltr'>bes,</span> <span class='ocrx_word' id='word_1_139' title='bbox 276 2029 402 2090; x_wconf 87' lang='lat' dir='ltr'>eadem</span> <span class='ocrx_word' id='word_1_140' title='bbox 423 2029 492 2090; x_wconf 90' lang='lat' dir='ltr'>tihi</span> <span class='ocrx_word' id='word_1_141' title='bbox 518 2030 655 2090; x_wconf 88' lang='lat' dir='ltr'>dedero</span> <span class='ocrx_word' id='word_1_142' title='bbox 677 2028 844 2090; x_wconf 84' lang='lat' dir='ltr'>savium’.</span> <span class='ocrx_word' id='word_1_143' title='bbox 890 2044 1064 2107; x_wconf 87' lang='lat' dir='ltr'>quamquam</span> <span class='ocrx_word' id='word_1_144' title='bbox 1086 2027 1169 2090; x_wconf 87' lang='lat' dir='ltr'>dirus</span> <span class='ocrx_word' id='word_1_145' title='bbox 1189 2033 1338 2108; x_wconf 78' lang='lat' dir='ltr'>hugtrstus</span> <span class='ocrx_word' id='word_1_146' title='bbox 1359 2050 1460 2112; x_wconf 85' lang='lat' dir='ltr'>repre·</span> 
     </span>
     <span class='ocr_line' id='line_1_19' title="bbox 164 2119 1459 2209; baseline 0.001 -18"><span class='ocrx_word' id='word_1_147' title='bbox 164 2131 300 2192; x_wconf 89' lang='lat' dir='ltr'>bendens</span> <span class='ocrx_word' id='word_1_148' title='bbox 322 2131 365 2192; x_wconf 85' lang='lat' dir='ltr'>Ti.</span> <span class='ocrx_word' id='word_1_149' title='bbox 392 2131 543 2193; x_wconf 85' lang='lat' dir='ltr'>Claudium</span> <span class='ocrx_word' id='word_1_150' title='bbox 565 2131 604 2192; x_wconf 92' lang='lat' dir='ltr'>ita</span> <span class='ocrx_word' id='word_1_151' title='bbox 626 2129 770 2208; x_wconf 89' lang='lat' dir='ltr'>loquitur,</span> <span class='ocrx_word' id='word_1_152' title='bbox 796 2128 952 2190; x_wconf 72' lang='lat' dir='ltr'>‘scribis</span> <span class='ocrx_word' id='word_1_153' title='bbox 972 2129 1068 2189; x_wconf 90' lang='lat' dir='ltr'>enim</span> <span class='ocrx_word' id='word_1_154' title='bbox 1089 2133 1252 2209; x_wconf 85' lang='lat' dir='ltr'>perviam</span> <span class='ocrx_word' id='word_1_155' title='bbox 1281 2119 1365 2192; x_wconf 72' lang='grc' dir='ltr'>ἀντὶ</span> <span class='ocrx_word' id='word_1_156' title='bbox 1392 2133 1459 2192; x_wconf 80' lang='grc' dir='ltr'>τοῦ</span> 
     </span>
     <span class='ocr_line' id='line_1_20' title="bbox 163 2229 1459 2314; baseline 0 -20"><span class='ocrx_word' id='word_1_157' title='bbox 163 2232 320 2294; x_wconf 88' lang='lat' dir='ltr'>obiter’.</span> <span class='ocrx_word' id='word_1_158' title='bbox 365 2233 417 2293; x_wconf 90' lang='lat' dir='ltr'>sed</span> <span class='ocrx_word' id='word_1_159' title='bbox 437 2232 521 2294; x_wconf 78' lang='lat' dir='ltr'>dirus</span> <span class='ocrx_word' id='word_1_160' title='bbox 543 2233 708 2294; x_wconf 77' lang='lat' dir='ltr'>Harhianus</span> <span class='ocrx_word' id='word_1_161' title='bbox 727 2229 914 2293; x_wconf 83' lang='lat' dir='ltr'>‘tametsi&#39;</span> <span class='ocrx_word' id='word_1_162' title='bbox 937 2230 1031 2308; x_wconf 87' lang='lat' dir='ltr'>inquit</span> <span class='ocrx_word' id='word_1_163' title='bbox 1052 2233 1259 2310; x_wconf 79' lang='lat' dir='ltr'>‘Augustus</span> <span class='ocrx_word' id='word_1_164' title='bbox 1281 2252 1352 2294; x_wconf 94' lang='lat' dir='ltr'>non</span> <span class='ocrx_word' id='word_1_165' title='bbox 1374 2253 1459 2314; x_wconf 88' lang='lat' dir='ltr'>per-</span> 
     </span>
     <span class='ocr_line' id='line_1_21' title="bbox 163 2330 1457 2415; baseline 0.001 -20"><span class='ocrx_word' id='word_1_166' title='bbox 163 2334 344 2397; x_wconf 82' lang='lat' dir='ltr'>eruditus</span> <span class='ocrx_word' id='word_1_167' title='bbox 367 2336 472 2396; x_wconf 89' lang='lat' dir='ltr'>homo</span> <span class='ocrx_word' id='word_1_168' title='bbox 493 2335 624 2408; x_wconf 87' lang='lat' dir='ltr'>luerit,</span> <span class='ocrx_word' id='word_1_169' title='bbox 652 2344 692 2395; x_wconf 92' lang='lat' dir='ltr'>ut</span> <span class='ocrx_word' id='word_1_170' title='bbox 712 2334 744 2394; x_wconf 92' lang='lat' dir='ltr'>id</span> <span class='ocrx_word' id='word_1_171' title='bbox 768 2330 983 2395; x_wconf 77' lang='lat' dir='ltr'>adverbium</span> <span class='ocrx_word' id='word_1_172' title='bbox 1010 2351 1082 2393; x_wconf 93' lang='lat' dir='ltr'>non</span> <span class='ocrx_word' id='word_1_173' title='bbox 1113 2354 1180 2397; x_wconf 90' lang='lat' dir='ltr'>usu</span> <span class='ocrx_word' id='word_1_174' title='bbox 1201 2335 1328 2415; x_wconf 93' lang='lat' dir='ltr'>potius</span> <span class='ocrx_word' id='word_1_175' title='bbox 1351 2353 1457 2414; x_wconf 91' lang='lat' dir='ltr'>quam</span> 
     </span>
    </p>

    <p class='ocr_par' dir='ltr' id='par_1_12' title="bbox 123 2433 1458 2718">
     <span class='ocr_line' id='line_1_22' title="bbox 123 2433 1458 2523; baseline -0.001 -25"><span class='ocrx_word' id='word_1_176' title='bbox 123 2436 338 2499; x_wconf 77' lang='lat' dir='ltr'>mlectione</span> <span class='ocrx_word' id='word_1_177' title='bbox 376 2436 611 2516; x_wconf 85' lang='lat' dir='ltr'>protulerit’.</span> <span class='ocrx_word' id='word_1_178' title='bbox 665 2461 684 2496; x_wconf 65' lang='lat' dir='ltr'>a</span> <span class='ocrx_word' id='word_1_179' title='bbox 714 2435 856 2523; x_wconf 82' lang='lat' dir='ltr'>rationem</span> <span class='ocrx_word' id='word_1_180' title='bbox 894 2433 1030 2513; x_wconf 88' lang='lat' dir='ltr'>paenitus</span> <span class='ocrx_word' id='word_1_181' title='bbox 1060 2435 1199 2511; x_wconf 62' lang='lat' dir='ltr'>inrisere,</span> <span class='ocrx_word' id='word_1_182' title='bbox 1232 2436 1268 2498; x_wconf 88' lang='lat' dir='ltr'>do</span> <span class='ocrx_word' id='word_1_183' title='bbox 1310 2437 1458 2498; x_wconf 92' lang='lat' dir='ltr'>consortio</span> 
     </span>
     <span class='ocr_line' id='line_1_23' title="bbox 162 2526 1457 2618; baseline 0 -20"><span class='ocrx_word' id='word_1_184' title='bbox 162 2538 433 2618; x_wconf 81' lang='lat' dir='ltr'>praepositionum,</span> <span class='ocrx_word' id='word_1_185' title='bbox 460 2557 547 2618; x_wconf 87' lang='lat' dir='ltr'>quem</span> <span class='ocrx_word' id='word_1_186' title='bbox 564 2538 695 2618; x_wconf 90' lang='lat' dir='ltr'>adaeque</span> <span class='ocrx_word' id='word_1_187' title='bbox 722 2537 777 2599; x_wconf 95' lang='lat' dir='ltr'>sub</span> <span class='ocrx_word' id='word_1_188' title='bbox 805 2535 889 2597; x_wconf 90' lang='lat' dir='ltr'>titulo</span> <span class='ocrx_word' id='word_1_189' title='bbox 915 2526 1061 2614; x_wconf 74' lang='grc' dir='ltr'><strong><em>ἀφορμῶν</em></strong></span> <span class='ocrx_word' id='word_1_190' title='bbox 1089 2536 1238 2612; x_wconf 87' lang='lat' dir='ltr'>dedimus,</span> <span class='ocrx_word' id='word_1_191' title='bbox 1269 2537 1367 2618; x_wconf 81' lang='lat' dir='ltr'>legere</span> <span class='ocrx_word' id='word_1_192' title='bbox 1398 2558 1457 2601; x_wconf 90' lang='lat' dir='ltr'>non</span> 
     </span>
     <span class='ocr_line' id='line_1_24' title="bbox 162 2647 309 2718; baseline 0.007 -19"><span class='ocrx_word' id='word_1_193' title='bbox 162 2647 309 2718; x_wconf 78' lang='lat' dir='ltr'>gravetur.</span> 
     </span>
    </p>

    <p class='ocr_par' dir='ltr' id='par_1_13' title="bbox 251 2739 1339 2822">
     <span class='ocr_line' id='line_1_25' title="bbox 251 2739 1339 2822; baseline 0.001 -21"><span class='ocrx_word' id='word_1_194' title='bbox 251 2740 361 2803; x_wconf 77' lang='lat' dir='ltr'>Odiosa</span> <span class='ocrx_word' id='word_1_195' title='bbox 378 2741 497 2803; x_wconf 87' lang='lat' dir='ltr'>Plautus</span> <span class='ocrx_word' id='word_1_196' title='bbox 518 2741 549 2802; x_wconf 93' lang='lat' dir='ltr'>in</span> <span class='ocrx_word' id='word_1_197' title='bbox 570 2739 779 2814; x_wconf 78' lang='lat' dir='ltr'>bacchidibus,</span> <span class='ocrx_word' id='word_1_198' title='bbox 802 2739 956 2802; x_wconf 77' lang='lat' dir='ltr'>‘odiose</span> <span class='ocrx_word' id='word_1_199' title='bbox 977 2741 1090 2814; x_wconf 86' lang='lat' dir='ltr'>lacis,</span> <span class='ocrx_word' id='word_1_200' title='bbox 1113 2759 1206 2822; x_wconf 89' lang='lat' dir='ltr'>cape</span> <span class='ocrx_word' id='word_1_201' title='bbox 1227 2746 1339 2803; x_wconf 84' lang='lat' dir='ltr'>vcro&#39;.</span> 
     </span>
    </p>

    <p class='ocr_par' dir='ltr' id='par_1_14' title="bbox 253 2841 1073 2923">
     <span class='ocr_line' id='line_1_26' title="bbox 253 2841 1073 2923; baseline -0.001 -20"><span class='ocrx_word' id='word_1_202' title='bbox 253 2842 415 2923; x_wconf 87' lang='lat' dir='ltr'>0pulenter</span> <span class='ocrx_word' id='word_1_203' title='bbox 433 2843 553 2904; x_wconf 81' lang='lat' dir='ltr'>l’lautus</span> <span class='ocrx_word' id='word_1_204' title='bbox 575 2844 606 2905; x_wconf 91' lang='lat' dir='ltr'>in</span> <span class='ocrx_word' id='word_1_205' title='bbox 627 2843 721 2903; x_wconf 85' lang='lat' dir='ltr'>Caeco</span> <span class='ocrx_word' id='word_1_206' title='bbox 742 2841 787 2902; x_wconf 84' lang='lat' dir='ltr'>vel</span> <span class='ocrx_word' id='word_1_207' title='bbox 808 2841 838 2902; x_wconf 94' lang='lat' dir='ltr'>in</span> <span class='ocrx_word' id='word_1_208' title='bbox 860 2841 1073 2922; x_wconf 90' lang='lat' dir='ltr'>praedonibus,</span> 
     </span>
    </p>

    <p class='ocr_par' dir='ltr' id='par_1_15' title="bbox 123 2943 1218 3025">
     <span class='ocr_line' id='line_1_27' title="bbox 123 2943 1218 3025; baseline 0 -19"><span class='ocrx_word' id='word_1_209' title='bbox 123 2978 151 3019; x_wconf 60' lang='grc' dir='ltr'><strong>ς</strong></span> <span class='ocrx_word' id='word_1_210' title='bbox 331 2945 499 3025; x_wconf 84' lang='lat' dir='ltr'>spectavi</span> <span class='ocrx_word' id='word_1_211' title='bbox 521 2945 631 3006; x_wconf 80' lang='lat' dir='ltr'>ludos</span> <span class='ocrx_word' id='word_1_212' title='bbox 654 2943 854 3022; x_wconf 82' lang='lat' dir='ltr'>magnifice</span> <span class='ocrx_word' id='word_1_213' title='bbox 877 2951 987 3022; x_wconf 88' lang='lat' dir='ltr'>atque</span> <span class='ocrx_word' id='word_1_214' title='bbox 1009 2945 1218 3023; x_wconf 85' lang='lat' dir='ltr'>opulenter.</span> 
     </span>
    </p>

    <p class='ocr_par' dir='ltr' id='par_1_16' title="bbox 162 3044 1459 3230">
     <span class='ocr_line' id='line_1_28' title="bbox 252 3044 1459 3127; baseline 0 -20"><span class='ocrx_word' id='word_1_215' title='bbox 252 3046 367 3127; x_wconf 84' lang='lat' dir='ltr'>Oppido</span> <span class='ocrx_word' id='word_1_216' title='bbox 392 3067 445 3127; x_wconf 88' lang='lat' dir='ltr'>pro</span> <span class='ocrx_word' id='word_1_217' title='bbox 473 3064 542 3108; x_wconf 79' lang='lat' dir='ltr'>raro</span> <span class='ocrx_word' id='word_1_218' title='bbox 563 3046 607 3107; x_wconf 84' lang='lat' dir='ltr'>rel</span> <span class='ocrx_word' id='word_1_219' title='bbox 630 3048 728 3108; x_wconf 90' lang='lat' dir='ltr'>statim</span> <span class='ocrx_word' id='word_1_220' title='bbox 749 3045 869 3106; x_wconf 90' lang='lat' dir='ltr'>Plautus</span> <span class='ocrx_word' id='word_1_221' title='bbox 890 3045 919 3105; x_wconf 90' lang='lat' dir='ltr'>iu</span> <span class='ocrx_word' id='word_1_222' title='bbox 945 3044 1154 3122; x_wconf 81' lang='lat' dir='ltr'>bacchidibus,</span> <span class='ocrx_word' id='word_1_223' title='bbox 1193 3047 1358 3109; x_wconf 77' lang='lat' dir='ltr'>‘reddidi</span> <span class='ocrx_word' id='word_1_224' title='bbox 1396 3068 1459 3108; x_wconf 85' lang='lat' dir='ltr'>arr·</span> 
     </span>
     <span class='ocr_line' id='line_1_29' title="bbox 162 3149 551 3230; baseline 0 -21"><span class='ocrx_word' id='word_1_225' title='bbox 162 3168 242 3210; x_wconf 90' lang='lat' dir='ltr'>rum</span> <span class='ocrx_word' id='word_1_226' title='bbox 262 3168 366 3210; x_wconf 86' lang='lat' dir='ltr'>omno</span> <span class='ocrx_word' id='word_1_227' title='bbox 388 3149 551 3230; x_wconf 91' lang='lat' dir='ltr'>oppido’.</span> 
     </span>
    </p>
   </div>
   <div class='ocr_carea' id='block_1_4' title="bbox 160 3371 1321 3523">
    <p class='ocr_par' dir='ltr' id='par_1_17' title="bbox 160 3371 1321 3523">
     <span class='ocr_line' id='line_1_30' title="bbox 161 3371 338 3423; baseline 0.028 -8"><span class='ocrx_word' id='word_1_228' title='bbox 161 3375 178 3423; x_wconf 77' lang='lat'>2)</span> <span class='ocrx_word' id='word_1_229' title='bbox 213 3398 248 3408; x_wconf 85' lang='lat'><em>-</em></span> <span class='ocrx_word' id='word_1_230' title='bbox 314 3371 338 3420; x_wconf 87' lang='lat' dir='ltr'><strong><em>N</em></strong></span> 
     </span>
     <span class='ocr_line' id='line_1_31' title="bbox 160 3373 1321 3523; baseline 0.072 -107"><span class='ocrx_word' id='word_1_231' title='bbox 160 3374 197 3508; x_wconf 43' lang='lat' dir='ltr'>ml)</span> <span class='ocrx_word' id='word_1_232' title='bbox 261 3373 294 3421; x_wconf 75' lang='grc'>27</span> <span class='ocrx_word' id='word_1_233' title='bbox 303 3457 387 3523; x_wconf 68' lang='lat' dir='ltr'>{egere</span> <span class='ocrx_word' id='word_1_234' title='bbox 398 3457 414 3506; x_wconf 62' lang='lat' dir='ltr'>fi</span> <span class='ocrx_word' id='word_1_235' title='bbox 425 3465 545 3523; x_wconf 48' lang='lat' dir='ltr'>mamm</span> <span class='ocrx_word' id='word_1_236' title='bbox 555 3472 571 3505; x_wconf 92' lang='lat'>:·</span> <span class='ocrx_word' id='word_1_237' title='bbox 583 3454 607 3522; x_wconf 66' lang='lat' dir='ltr'>sl</span> <span class='ocrx_word' id='word_1_238' title='bbox 616 3456 641 3504; x_wconf 69' lang='lat' dir='ltr'>pn</span> <span class='ocrx_word' id='word_1_239' title='bbox 649 3454 777 3520; x_wconf 67' lang='lat' dir='ltr'>pitonibus</span> <span class='ocrx_word' id='word_1_240' title='bbox 789 3453 905 3518; x_wconf 85' lang='lat' dir='ltr'>spectaui</span> <span class='ocrx_word' id='word_1_241' title='bbox 922 3450 996 3500; x_wconf 87' lang='lat' dir='ltr'>ludos</span> <span class='ocrx_word' id='word_1_242' title='bbox 1009 3448 1141 3513; x_wconf 80' lang='lat' dir='ltr'>magnifice</span> <span class='ocrx_word' id='word_1_243' title='bbox 1151 3460 1203 3513; x_wconf 82' lang='lat' dir='ltr'>atq,</span> <span class='ocrx_word' id='word_1_244' title='bbox 1213 3437 1321 3516; x_wconf 61' lang='lat' dir='ltr'>opulens</span> 
     </span>
    </p>
   </div>
   <div class='ocr_carea' id='block_1_5' title="bbox 325 3536 1317 3728">
    <p class='ocr_par' dir='ltr' id='par_1_18' title="bbox 325 3536 1317 3728">
     <span class='ocr_line' id='line_1_32' title="bbox 440 3536 1317 3642; baseline -0.01 -16"><span class='ocrx_word' id='word_1_245' title='bbox 440 3578 501 3642; x_wconf 76' lang='lat' dir='ltr'>plaia</span> <span class='ocrx_word' id='word_1_246' title='bbox 523 3580 547 3626; x_wconf 91' lang='lat' dir='ltr'>iu</span> <span class='ocrx_word' id='word_1_247' title='bbox 565 3536 639 3626; x_wconf 63' lang='lat' dir='ltr'>belchi</span> <span class='ocrx_word' id='word_1_248' title='bbox 657 3574 746 3626; x_wconf 87' lang='lat' dir='ltr'>odiose</span> <span class='ocrx_word' id='word_1_249' title='bbox 759 3572 821 3622; x_wconf 86' lang='lat' dir='ltr'>lacis</span> <span class='ocrx_word' id='word_1_250' title='bbox 834 3587 892 3620; x_wconf 87' lang='lat' dir='ltr'>carc</span> <span class='ocrx_word' id='word_1_251' title='bbox 905 3587 974 3620; x_wconf 74' lang='lat' dir='ltr'>turo.</span> <span class='ocrx_word' id='word_1_252' title='bbox 992 3555 1106 3636; x_wconf 66' lang='lat' dir='ltr'>Opulenl</span> <span class='ocrx_word' id='word_1_253' title='bbox 1114 3570 1173 3636; x_wconf 78' lang='lat' dir='ltr'>plati</span> <span class='ocrx_word' id='word_1_254' title='bbox 1187 3571 1211 3618; x_wconf 91' lang='lat' dir='ltr'>in</span> <span class='ocrx_word' id='word_1_255' title='bbox 1227 3586 1288 3636; x_wconf 65' lang='lat' dir='ltr'>ceco</span> <span class='ocrx_word' id='word_1_256' title='bbox 1302 3572 1317 3617; x_wconf 83' lang='lat' dir='ltr'>ir</span> 
     </span>
     <span class='ocr_line' id='line_1_33' title="bbox 325 3646 1315 3728; baseline -0.008 -15"><span class='ocrx_word' id='word_1_257' title='bbox 325 3646 404 3728; x_wconf 82' lang='lat' dir='ltr'>ppido</span> <span class='ocrx_word' id='word_1_258' title='bbox 430 3679 450 3728; x_wconf 79' lang='lat' dir='ltr'>p</span> <span class='ocrx_word' id='word_1_259' title='bbox 472 3651 488 3715; x_wconf 79' lang='lat' dir='ltr'>ii</span> <span class='ocrx_word' id='word_1_260' title='bbox 513 3665 528 3712; x_wconf 81' lang='lat' dir='ltr'>d</span> <span class='ocrx_word' id='word_1_261' title='bbox 552 3665 637 3712; x_wconf 85' lang='lat' dir='ltr'>statim</span> <span class='ocrx_word' id='word_1_262' title='bbox 657 3662 718 3728; x_wconf 80' lang='lat' dir='ltr'>plari</span> <span class='ocrx_word' id='word_1_263' title='bbox 744 3662 769 3710; x_wconf 90' lang='lat' dir='ltr'>in</span> <span class='ocrx_word' id='word_1_264' title='bbox 793 3658 883 3709; x_wconf 86' lang='lat' dir='ltr'>bacchi</span> <span class='ocrx_word' id='word_1_265' title='bbox 905 3657 1005 3707; x_wconf 87' lang='lat' dir='ltr'>reddidi</span> <span class='ocrx_word' id='word_1_266' title='bbox 1029 3657 1093 3705; x_wconf 80' lang='lat' dir='ltr'>auria</span> <span class='ocrx_word' id='word_1_267' title='bbox 1121 3670 1195 3706; x_wconf 86' lang='lat' dir='ltr'>omne</span> <span class='ocrx_word' id='word_1_268' title='bbox 1220 3656 1315 3722; x_wconf 89' lang='lat' dir='ltr'>oppido</span> 
     </span>
    </p>
   </div>
   <div class='ocr_carea' id='block_1_6' title="bbox 234 3791 821 3857">
    <p class='ocr_par' dir='ltr' id='par_1_19' title="bbox 234 3791 821 3857">
     <span class='ocr_line' id='line_1_34' title="bbox 234 3791 821 3857; baseline -0.012 -13"><span class='ocrx_word' id='word_1_269' title='bbox 234 3792 267 3844; x_wconf 78' lang='grc'>23</span> <span class='ocrx_word' id='word_1_270' title='bbox 286 3792 389 3845; x_wconf 75' lang='lat' dir='ltr'>otiose.</span> <span class='ocrx_word' id='word_1_271' title='bbox 410 3791 514 3842; x_wconf 82' lang='lat' dir='ltr'>Plautus</span> <span class='ocrx_word' id='word_1_272' title='bbox 531 3808 552 3841; x_wconf 91' lang='grc' dir='ltr'>ω</span> <span class='ocrx_word' id='word_1_273' title='bbox 631 3791 666 3843; x_wconf 80' lang='grc'>26</span> <span class='ocrx_word' id='word_1_274' title='bbox 684 3791 784 3857; x_wconf 86' lang='lat' dir='ltr'>ttppido</span> <span class='ocrx_word' id='word_1_275' title='bbox 799 3806 821 3837; x_wconf 91' lang='grc' dir='ltr'>ω</span> 
     </span>
    </p>
   </div>
   <div class='ocr_carea' id='block_1_7' title="bbox 165 3984 1449 4178">
    <p class='ocr_par' dir='ltr' id='par_1_20' title="bbox 165 3984 1449 4178">
     <span class='ocr_line' id='line_1_35' title="bbox 231 3984 1449 4070; baseline -0.012 -23"><span class='ocrx_word' id='word_1_276' title='bbox 231 3999 248 4047; x_wconf 83' lang='grc'>4</span> <span class='ocrx_word' id='word_1_277' title='bbox 271 3998 382 4048; x_wconf 75' lang='lat' dir='ltr'>ostiatim</span> <span class='ocrx_word' id='word_1_278' title='bbox 399 3997 465 4047; x_wconf 76' lang='lat' dir='ltr'>dtzu</span> <span class='ocrx_word' id='word_1_279' title='bbox 477 3997 564 4047; x_wconf 83' lang='lat' dir='ltr'>Cicero</span> <span class='ocrx_word' id='word_1_280' title='bbox 580 3997 697 4046; x_wconf 71' lang='lat' dir='ltr'>tarVerr.</span> <span class='ocrx_word' id='word_1_281' title='bbox 716 4003 764 4044; x_wconf 83' lang='lat' dir='ltr'>act.</span> <span class='ocrx_word' id='word_1_282' title='bbox 783 4008 833 4047; x_wconf 76' lang='lat' dir='ltr'>sec.</span> <span class='ocrx_word' id='word_1_283' title='bbox 852 3992 898 4043; x_wconf 92' lang='lat' dir='ltr'>llll</span> <span class='ocrx_word' id='word_1_284' title='bbox 915 3994 958 4056; x_wconf 78' lang='lat'>22,</span> <span class='ocrx_word' id='word_1_285' title='bbox 974 3991 1052 4070; x_wconf 65' lang='lat'>4831</span> <span class='ocrx_word' id='word_1_286' title='bbox 1067 3993 1111 4054; x_wconf 78' lang='lat'>24,</span> <span class='ocrx_word' id='word_1_287' title='bbox 1128 3988 1176 4053; x_wconf 76' lang='grc'>53,</span> <span class='ocrx_word' id='word_1_288' title='bbox 1192 3991 1294 4039; x_wconf 84' lang='lat' dir='ltr'>ricatlm</span> <span class='ocrx_word' id='word_1_289' title='bbox 1319 4001 1369 4051; x_wconf 79' lang='lat' dir='ltr'>pro</span> <span class='ocrx_word' id='word_1_290' title='bbox 1384 3984 1449 4034; x_wconf 72' lang='lat' dir='ltr'>Seu.</span> 
     </span>
     <span class='ocr_line' id='line_1_36' title="bbox 165 4069 1448 4178; baseline -0.012 -42"><span class='ocrx_word' id='word_1_291' title='bbox 165 4086 206 4144; x_wconf 77' lang='grc'>15,</span> <span class='ocrx_word' id='word_1_292' title='bbox 224 4082 257 4136; x_wconf 67' lang='lat' dir='ltr'>Nl</span> <span class='ocrx_word' id='word_1_293' title='bbox 344 4082 431 4133; x_wconf 77' lang='lat' dir='ltr'>notam</span> <span class='ocrx_word' id='word_1_294' title='bbox 448 4083 474 4130; x_wconf 87' lang='lat' dir='ltr'><em>N</em></span> <span class='ocrx_word' id='word_1_295' title='bbox 556 4081 655 4133; x_wconf 78' lang='lat' dir='ltr'>baali.</span> <span class='ocrx_word' id='word_1_296' title='bbox 673 4082 732 4134; x_wconf 87' lang='lat' dir='ltr'>hist.</span> <span class='ocrx_word' id='word_1_297' title='bbox 752 4083 784 4131; x_wconf 94' lang='lat' dir='ltr'>ll.</span> <span class='ocrx_word' id='word_1_298' title='bbox 804 4080 830 4129; x_wconf 92' lang='lat' dir='ltr'><strong><em>N</em></strong></span> <span class='ocrx_word' id='word_1_299' title='bbox 915 4079 932 4128; x_wconf 83' lang='lat' dir='ltr'>u</span> <span class='ocrx_word' id='word_1_300' title='bbox 954 4078 1032 4144; x_wconf 84' lang='lat' dir='ltr'>plaut.</span> <span class='ocrx_word' id='word_1_301' title='bbox 1052 4079 1077 4127; x_wconf 91' lang='lat' dir='ltr'>in</span> <span class='ocrx_word' id='word_1_302' title='bbox 1094 4074 1176 4127; x_wconf 86' lang='lat' dir='ltr'>baccli</span> <span class='ocrx_word' id='word_1_303' title='bbox 1190 4075 1227 4124; x_wconf 88' lang='lat' dir='ltr'>N:</span> <span class='ocrx_word' id='word_1_304' title='bbox 1250 4074 1335 4178; x_wconf 51' lang='lat' dir='ltr'>stant.</span> <span class='ocrx_word' id='word_1_305' title='bbox 1354 4069 1448 4122; x_wconf 81' lang='lat' dir='ltr'>Bacch.</span> 
     </span>
    </p>
   </div>
   <div class='ocr_carea' id='block_1_8' title="bbox 162 4189 1453 4891">
    <p class='ocr_par' dir='ltr' id='par_1_21' title="bbox 162 4189 1453 4891">
     <span class='ocr_line' id='line_1_37' title="bbox 162 4189 1449 4267; baseline -0.013 -13"><span class='ocrx_word' id='word_1_306' title='bbox 162 4204 250 4264; x_wconf 81' lang='grc'>11114,</span> <span class='ocrx_word' id='word_1_307' title='bbox 270 4204 303 4254; x_wconf 83' lang='lat' dir='ltr'>lu</span> <span class='ocrx_word' id='word_1_308' title='bbox 320 4202 384 4266; x_wconf 81' lang='grc'>(1167</span> <span class='ocrx_word' id='word_1_309' title='bbox 403 4203 439 4265; x_wconf 81' lang='grc' dir='ltr'>Ν)</span> <span class='ocrx_word' id='word_1_310' title='bbox 456 4211 494 4252; x_wconf 84' lang='lat' dir='ltr'>set</span> <span class='ocrx_word' id='word_1_311' title='bbox 511 4218 585 4265; x_wconf 87' lang='lat' dir='ltr'>quem</span> <span class='ocrx_word' id='word_1_312' title='bbox 604 4218 707 4266; x_wconf 80' lang='lat' dir='ltr'>quaero,</span> <span class='ocrx_word' id='word_1_313' title='bbox 727 4210 831 4267; x_wconf 85' lang='lat' dir='ltr'>optume</span> <span class='ocrx_word' id='word_1_314' title='bbox 844 4214 904 4251; x_wconf 84' lang='lat' dir='ltr'>ecce</span> <span class='ocrx_word' id='word_1_315' title='bbox 922 4199 1025 4249; x_wconf 89' lang='lat' dir='ltr'>obuiam</span> <span class='ocrx_word' id='word_1_316' title='bbox 1040 4196 1126 4246; x_wconf 86' lang='lat' dir='ltr'>mihist</span> <span class='ocrx_word' id='word_1_317' title='bbox 1197 4194 1228 4246; x_wconf 86' lang='grc'>10</span> <span class='ocrx_word' id='word_1_318' title='bbox 1245 4210 1270 4243; x_wconf 93' lang='lat' dir='ltr'>m</span> <span class='ocrx_word' id='word_1_319' title='bbox 1286 4195 1300 4240; x_wconf 82' lang='grc' dir='ltr'>ἰ·</span> <span class='ocrx_word' id='word_1_320' title='bbox 1319 4192 1395 4241; x_wconf 79' lang='lat' dir='ltr'>obuia</span> <span class='ocrx_word' id='word_1_321' title='bbox 1413 4189 1449 4237; x_wconf 84' lang='lat' dir='ltr'>N:</span> 
     </span>
     <span class='ocr_line' id='line_1_38' title="bbox 162 4258 1453 4324; baseline -0.013 -1"><span class='ocrx_word' id='word_1_322' title='bbox 162 4274 263 4324; x_wconf 81' lang='lat' dir='ltr'>obuiam</span> <span class='ocrx_word' id='word_1_323' title='bbox 280 4288 303 4323; x_wconf 82' lang='grc' dir='ltr'>ω</span> <span class='ocrx_word' id='word_1_324' title='bbox 391 4271 419 4321; x_wconf 97' lang='grc'>11</span> <span class='ocrx_word' id='word_1_325' title='bbox 440 4271 503 4321; x_wconf 88' lang='lat' dir='ltr'>nibil</span> <span class='ocrx_word' id='word_1_326' title='bbox 520 4275 626 4323; x_wconf 75' lang='lat' dir='ltr'>ostethrs</span> <span class='ocrx_word' id='word_1_327' title='bbox 645 4273 671 4322; x_wconf 87' lang='lat' dir='ltr'><strong><em>N</em></strong></span> <span class='ocrx_word' id='word_1_328' title='bbox 686 4272 766 4322; x_wconf 84' lang='lat' dir='ltr'>uihdo</span> <span class='ocrx_word' id='word_1_329' title='bbox 782 4270 867 4319; x_wconf 82' lang='lat' dir='ltr'>secius</span> <span class='ocrx_word' id='word_1_330' title='bbox 885 4286 906 4319; x_wconf 88' lang='grc' dir='ltr'>ω</span> <span class='ocrx_word' id='word_1_331' title='bbox 995 4265 1187 4319; x_wconf 65' lang='lat' dir='ltr'>ianuarino</span> <span class='ocrx_word' id='word_1_332' title='bbox 1272 4262 1303 4312; x_wconf 85' lang='lat'>13</span> <span class='ocrx_word' id='word_1_333' title='bbox 1319 4260 1407 4322; x_wconf 83' lang='lat' dir='ltr'>inquid</span> <span class='ocrx_word' id='word_1_334' title='bbox 1427 4258 1453 4306; x_wconf 91' lang='lat' dir='ltr'><strong><em>N</em></strong></span> 
     </span>
     <span class='ocr_line' id='line_1_39' title="bbox 229 4327 1449 4409; baseline -0.011 -17"><span class='ocrx_word' id='word_1_335' title='bbox 229 4344 338 4402; x_wconf 81' lang='lat' dir='ltr'>dicator,</span> <span class='ocrx_word' id='word_1_336' title='bbox 352 4353 442 4401; x_wconf 71' lang='lat' dir='ltr'>,umen</span> <span class='ocrx_word' id='word_1_337' title='bbox 459 4367 494 4376; x_wconf 89' lang='lat'>-</span> <span class='ocrx_word' id='word_1_338' title='bbox 510 4351 585 4408; x_wconf 80' lang='lat' dir='ltr'>negat</span> <span class='ocrx_word' id='word_1_339' title='bbox 601 4345 705 4394; x_wconf 79' lang='lat' dir='ltr'>coniecit</span> <span class='ocrx_word' id='word_1_340' title='bbox 722 4339 871 4390; x_wconf 75' lang='lat' dir='ltr'>Niebahn&#39;us</span> <span class='ocrx_word' id='word_1_341' title='bbox 950 4334 1156 4389; x_wconf 62' lang='lat' dir='ltr'>locauerunt</span> <span class='ocrx_word' id='word_1_342' title='bbox 1222 4328 1335 4394; x_wconf 79' lang='lat' dir='ltr'>Plamus]</span> <span class='ocrx_word' id='word_1_343' title='bbox 1355 4327 1449 4409; x_wconf 65' lang='lat' dir='ltr'>Bacch.</span> 
     </span>
     <span class='ocr_line' id='line_1_40' title="bbox 163 4398 1450 4477; baseline -0.016 -15"><span class='ocrx_word' id='word_1_344' title='bbox 163 4412 220 4473; x_wconf 89' lang='lat' dir='ltr'>ll,</span> <span class='ocrx_word' id='word_1_345' title='bbox 237 4414 270 4465; x_wconf 78' lang='lat'>15</span> <span class='ocrx_word' id='word_1_346' title='bbox 287 4413 340 4477; x_wconf 80' lang='lat'>(49</span> <span class='ocrx_word' id='word_1_347' title='bbox 355 4411 398 4475; x_wconf 80' lang='lat' dir='ltr'>rt)</span> <span class='ocrx_word' id='word_1_348' title='bbox 421 4410 510 4460; x_wconf 80' lang='lat' dir='ltr'>eadem</span> <span class='ocrx_word' id='word_1_349' title='bbox 528 4412 635 4475; x_wconf 87' lang='lat' dir='ltr'>biberis,</span> <span class='ocrx_word' id='word_1_350' title='bbox 661 4412 748 4461; x_wconf 76' lang='lat' dir='ltr'>eadem</span> <span class='ocrx_word' id='word_1_351' title='bbox 767 4410 861 4461; x_wconf 85' lang='lat' dir='ltr'>dedero</span> <span class='ocrx_word' id='word_1_352' title='bbox 876 4410 925 4460; x_wconf 89' lang='lat' dir='ltr'>tibi</span> <span class='ocrx_word' id='word_1_353' title='bbox 943 4408 986 4457; x_wconf 90' lang='lat' dir='ltr'>ubi</span> <span class='ocrx_word' id='word_1_354' title='bbox 1004 4406 1098 4457; x_wconf 78' lang='lat' dir='ltr'>biberis</span> <span class='ocrx_word' id='word_1_355' title='bbox 1116 4405 1232 4453; x_wconf 83' lang='lat' dir='ltr'>suacium</span> <span class='ocrx_word' id='word_1_356' title='bbox 1320 4398 1352 4449; x_wconf 85' lang='lat' dir='ltr'>lb</span> <span class='ocrx_word' id='word_1_357' title='bbox 1375 4399 1450 4446; x_wconf 77' lang='lat' dir='ltr'>dirim</span> 
     </span>
     <span class='ocr_line' id='line_1_41' title="bbox 163 4464 1451 4548; baseline -0.014 -18"><span class='ocrx_word' id='word_1_358' title='bbox 163 4484 213 4548; x_wconf 66' lang='grc' dir='ltr'>ιιιξ</span> <span class='ocrx_word' id='word_1_359' title='bbox 225 4482 253 4530; x_wconf 90' lang='grc' dir='ltr'><em>Ν</em></span> <span class='ocrx_word' id='word_1_360' title='bbox 339 4480 372 4530; x_wconf 87' lang='grc'>17</span> <span class='ocrx_word' id='word_1_361' title='bbox 397 4488 416 4533; x_wconf 83' lang='grc'>1.</span> <span class='ocrx_word' id='word_1_362' title='bbox 441 4480 568 4531; x_wconf 84' lang='lat' dir='ltr'>claudium</span> <span class='ocrx_word' id='word_1_363' title='bbox 593 4481 617 4530; x_wconf 93' lang='lat' dir='ltr'><strong><em>N</em></strong></span> <span class='ocrx_word' id='word_1_364' title='bbox 643 4482 701 4530; x_wconf 88' lang='lat' dir='ltr'>Tib.</span> <span class='ocrx_word' id='word_1_365' title='bbox 719 4479 852 4530; x_wconf 80' lang='lat' dir='ltr'>Claudiurn</span> <span class='ocrx_word' id='word_1_366' title='bbox 878 4479 1013 4530; x_wconf 70' lang='lat' dir='ltr'>Fabricius</span> <span class='ocrx_word' id='word_1_367' title='bbox 1097 4475 1193 4537; x_wconf 72' lang='lat' dir='ltr'>antitop</span> <span class='ocrx_word' id='word_1_368' title='bbox 1210 4470 1290 4521; x_wconf 86' lang='lat' dir='ltr'>obiter</span> <span class='ocrx_word' id='word_1_369' title='bbox 1302 4467 1332 4548; x_wconf 34' lang='lat' dir='ltr'>&#39;N</span> <span class='ocrx_word' id='word_1_370' title='bbox 1419 4464 1451 4513; x_wconf 86' lang='grc'>18</span> 
     </span>
     <span class='ocr_line' id='line_1_42' title="bbox 163 4532 1451 4617; baseline -0.013 -18"><span class='ocrx_word' id='word_1_371' title='bbox 163 4552 259 4601; x_wconf 75' lang='lat' dir='ltr'>adrian:</span> <span class='ocrx_word' id='word_1_372' title='bbox 279 4552 307 4601; x_wconf 88' lang='lat' dir='ltr'><strong><em>N</em></strong></span> <span class='ocrx_word' id='word_1_373' title='bbox 387 4548 438 4617; x_wconf 59' lang='lat' dir='ltr'>cufi</span> <span class='ocrx_word' id='word_1_374' title='bbox 454 4550 481 4599; x_wconf 91' lang='grc' dir='ltr'><em>Ν</em></span> <span class='ocrx_word' id='word_1_375' title='bbox 563 4551 596 4601; x_wconf 83' lang='grc'>19</span> <span class='ocrx_word' id='word_1_376' title='bbox 613 4549 762 4600; x_wconf 87' lang='lat' dir='ltr'>aduerbium</span> <span class='ocrx_word' id='word_1_377' title='bbox 782 4565 814 4598; x_wconf 82' lang='lat' dir='ltr'>ex</span> <span class='ocrx_word' id='word_1_378' title='bbox 831 4563 880 4599; x_wconf 73' lang='lat' dir='ltr'>risu</span> <span class='ocrx_word' id='word_1_379' title='bbox 898 4550 984 4614; x_wconf 76' lang='lat' dir='ltr'>potitis</span> <span class='ocrx_word' id='word_1_380' title='bbox 1002 4559 1077 4609; x_wconf 83' lang='lat' dir='ltr'>quam</span> <span class='ocrx_word' id='word_1_381' title='bbox 1093 4544 1188 4593; x_wconf 82' lang='lat' dir='ltr'>ratione</span> <span class='ocrx_word' id='word_1_382' title='bbox 1205 4536 1337 4616; x_wconf 68' lang='lat' dir='ltr'>Pmcduua</span> <span class='ocrx_word' id='word_1_383' title='bbox 1416 4532 1451 4614; x_wconf 68' lang='lat' dir='ltr'>‘td</span> 
     </span>
     <span class='ocr_line' id='line_1_43' title="bbox 163 4601 1452 4686; baseline -0.016 -15"><span class='ocrx_word' id='word_1_384' title='bbox 163 4624 275 4672; x_wconf 68' lang='lat' dir='ltr'>lma</span> <span class='ocrx_word' id='word_1_385' title='bbox 292 4636 366 4686; x_wconf 76' lang='lat' dir='ltr'>quart</span> <span class='ocrx_word' id='word_1_386' title='bbox 380 4618 489 4670; x_wconf 70' lang='lat' dir='ltr'>tumeant</span> <span class='ocrx_word' id='word_1_387' title='bbox 501 4622 537 4670; x_wconf 83' lang='lat' dir='ltr'>ita</span> <span class='ocrx_word' id='word_1_388' title='bbox 560 4621 684 4682; x_wconf 75' lang='lat' dir='ltr'>supplevit</span> <span class='ocrx_word' id='word_1_389' title='bbox 703 4619 851 4675; x_wconf 74' lang='lat' dir='ltr'>Patrobios,</span> <span class='ocrx_word' id='word_1_390' title='bbox 879 4618 979 4680; x_wconf 84' lang='lat' dir='ltr'>siquis</span> <span class='ocrx_word' id='word_1_391' title='bbox 1002 4623 1084 4664; x_wconf 75' lang='lat' dir='ltr'>atatem</span> <span class='ocrx_word' id='word_1_392' title='bbox 1107 4613 1162 4661; x_wconf 83' lang='lat' dir='ltr'>clus</span> <span class='ocrx_word' id='word_1_393' title='bbox 1182 4609 1219 4656; x_wconf 85' lang='lat' dir='ltr'>rel</span> <span class='ocrx_word' id='word_1_394' title='bbox 1241 4616 1363 4686; x_wconf 72' lang='lat' dir='ltr'>rationem</span> <span class='ocrx_word' id='word_1_395' title='bbox 1389 4601 1452 4651; x_wconf 80' lang='lat' dir='ltr'>uelit</span> 
     </span>
     <span class='ocr_line' id='line_1_44' title="bbox 163 4669 1449 4816; baseline -0.016 -75"><span class='ocrx_word' id='word_1_396' title='bbox 163 4689 437 4816; x_wconf 49' lang='grc' dir='ltr'>ῗῧίιῗοὲξυῗζίψο</span> <span class='ocrx_word' id='word_1_397' title='bbox 475 4774 481 4785; x_wconf 85' lang='lat'><strong>.</strong></span> <span class='ocrx_word' id='word_1_398' title='bbox 521 4690 698 4808; x_wconf 50' lang='lat' dir='ltr'>popinitusfl&#39;¹</span> <span class='ocrx_word' id='word_1_399' title='bbox 767 4669 1449 4805; x_wconf 43' lang='grc' dir='ltr'>21ιφοριοκῗώήάίἳίιιΒῖιὲοζιὲᾱίζὴιυὲῂὶᾞῦυῗί</span> 
     </span>
     <span class='ocr_line' id='line_1_45' title="bbox 165 4762 1418 4891; baseline -0.019 -11"><span class='ocrx_word' id='word_1_400' title='bbox 165 4794 208 4879; x_wconf 82' lang='grc'>1111</span> <span class='ocrx_word' id='word_1_401' title='bbox 225 4762 251 4891; x_wconf 55' lang='lat' dir='ltr'>l,</span> <span class='ocrx_word' id='word_1_402' title='bbox 270 4830 305 4879; x_wconf 75' lang='lat'>30</span> <span class='ocrx_word' id='word_1_403' title='bbox 324 4773 448 4889; x_wconf 49' lang='grc' dir='ltr'>(ΝΒΙΝΝξ</span> <span class='ocrx_word' id='word_1_404' title='bbox 461 4771 988 4879; x_wconf 50' lang='lat' dir='ltr'>ieedd&#39;irllslile-acrlesdilidi.m-ueodrerlgoe?</span> <span class='ocrx_word' id='word_1_405' title='bbox 1005 4844 1040 4856; x_wconf 88' lang='lat'>-</span> <span class='ocrx_word' id='word_1_406' title='bbox 1058 4817 1162 4884; x_wconf 88' lang='lat' dir='ltr'>oppido.</span> <span class='ocrx_word' id='word_1_407' title='bbox 1178 4840 1213 4852; x_wconf 90' lang='lat'>-</span> <span class='ocrx_word' id='word_1_408' title='bbox 1230 4812 1307 4862; x_wconf 81' lang='lat' dir='ltr'>occisi</span> <span class='ocrx_word' id='word_1_409' title='bbox 1330 4824 1418 4858; x_wconf 80' lang='lat' dir='ltr'>sumus</span> 
     </span>
    </p>
   </div>
   <div class='ocr_carea' id='block_1_9' title="bbox 205 4899 1244 4976">
    <p class='ocr_par' dir='ltr' id='par_1_22' title="bbox 205 4899 1244 4976">
     <span class='ocr_line' id='line_1_46' title="bbox 205 4899 1244 4976; baseline -0.019 0"><span class='ocrx_word' id='word_1_410' title='bbox 205 4931 409 4976; x_wconf 72' lang='lat' dir='ltr'>onuunrrcr</span> <span class='ocrx_word' id='word_1_411' title='bbox 431 4932 542 4974; x_wconf 69' lang='lat' dir='ltr'>numm</span> <span class='ocrx_word' id='word_1_412' title='bbox 564 4933 587 4973; x_wconf 89' lang='lat'>1.</span> <span class='ocrx_word' id='word_1_413' title='bbox 1207 4899 1244 4957; x_wconf 85' lang='grc'>14</span> 
     </span>
    </p>
   </div>
   <div class='ocr_carea' id='block_1_10' title="bbox 0 0 1562 5356">
    <p class='ocr_par' dir='ltr' id='par_1_23' title="bbox 0 0 1562 5356">
     <span class='ocr_line' id='line_1_47' title="bbox 0 0 1562 5356; baseline 0 0"><span class='ocrx_word' id='word_1_414' title='bbox 0 0 1562 5356; x_wconf 95' lang='lat' dir='ltr'> </span> 
     </span>
    </p>
   </div>
  </div>
 </body>
</html>
