<?xml version="1.0" encoding="UTF-8"?>
<!DOCTYPE html PUBLIC "-//W3C//DTD XHTML 1.0 Transitional//EN"
    "http://www.w3.org/TR/xhtml1/DTD/xhtml1-transitional.dtd">
<html xmlns="http://www.w3.org/1999/xhtml" xml:lang="en" lang="en">
 <head>
  <title>
</title>
<meta http-equiv="Content-Type" content="text/html;charset=utf-8" />
  <meta name='ocr-system' content='tesseract 3.04.00' />
  <meta name='ocr-capabilities' content='ocr_page ocr_carea ocr_par ocr_line ocrx_word'/>
</head>
<body>
  <div class='ocr_page' id='page_1' title='image "./grammaticilatin02keilgoog_0492.png"; bbox 0 0 3114 5356; ppageno 0'>
   <div class='ocr_carea' id='block_1_1' title="bbox 619 224 1468 360">
    <p class='ocr_par' dir='ltr' id='par_1_1' title="bbox 619 224 1468 360">
     <span class='ocr_line' id='line_1_1' title="bbox 619 224 1468 360; baseline 0.012 -12"><span class='ocrx_word' id='word_1_1' title='bbox 619 290 701 349; x_wconf 80' lang='lat' dir='ltr'>aar.</span> <span class='ocrx_word' id='word_1_2' title='bbox 726 288 866 350; x_wconf 84' lang='lat' dir='ltr'>cnamt.</span> <span class='ocrx_word' id='word_1_3' title='bbox 883 224 964 351; x_wconf 76' lang='lat' dir='ltr'>hta.</span> <span class='ocrx_word' id='word_1_4' title='bbox 990 291 1016 353; x_wconf 95' lang='lat' dir='ltr'>u</span> <span class='ocrx_word' id='word_1_5' title='bbox 1308 250 1313 261; x_wconf 48' lang='lat'><strong>⁴</strong></span> <span class='ocrx_word' id='word_1_6' title='bbox 1406 299 1468 360; x_wconf 79' lang='lat' dir='ltr'>tas</span> 
     </span>
    </p>
   </div>
   <div class='ocr_carea' id='block_1_2' title="bbox 164 411 1469 565">
    <p class='ocr_par' dir='ltr' id='par_1_2' title="bbox 164 411 1469 565">
     <span class='ocr_line' id='line_1_2' title="bbox 164 411 1469 565; baseline 0.008 -30"><span class='ocrx_word' id='word_1_7' title='bbox 164 474 351 535; x_wconf 84' lang='lat' dir='ltr'><strong>semivocalis</strong></span> <span class='ocrx_word' id='word_1_8' title='bbox 367 473 491 551; x_wconf 90' lang='lat' dir='ltr'>liquida,</span> <span class='ocrx_word' id='word_1_9' title='bbox 508 492 584 552; x_wconf 85' lang='lat' dir='ltr'>qttae</span> <span class='ocrx_word' id='word_1_10' title='bbox 599 483 657 535; x_wconf 89' lang='lat' dir='ltr'>tatu</span> <span class='ocrx_word' id='word_1_11' title='bbox 674 458 865 555; x_wconf 67' lang='lat' dir='ltr'>praeponitur</span> <span class='ocrx_word' id='word_1_12' title='bbox 885 476 1034 538; x_wconf 88' lang='lat' dir='ltr'>vocalibus</span> <span class='ocrx_word' id='word_1_13' title='bbox 1050 494 1139 554; x_wconf 87' lang='lat' dir='ltr'>quam</span> <span class='ocrx_word' id='word_1_14' title='bbox 1158 411 1344 559; x_wconf 53' lang='lat' dir='ltr'>strbtuiptiii</span> <span class='ocrx_word' id='word_1_15' title='bbox 1352 413 1469 565; x_wconf 52' lang='lat' dir='ltr'>iopirae·</span> 
     </span>
    </p>
   </div>
   <div class='ocr_carea' id='block_1_3' title="bbox 114 573 1467 3979">
    <p class='ocr_par' dir='ltr' id='par_1_3' title="bbox 114 573 1467 3979">
     <span class='ocr_line' id='line_1_3' title="bbox 164 573 1467 658; baseline 0.008 -22"><span class='ocrx_word' id='word_1_16' title='bbox 164 576 301 656; x_wconf 90' lang='lat' dir='ltr'>ponitur,</span> <span class='ocrx_word' id='word_1_17' title='bbox 331 593 398 636; x_wconf 93' lang='lat' dir='ltr'>cum</span> <span class='ocrx_word' id='word_1_18' title='bbox 421 573 537 635; x_wconf 89' lang='lat' dir='ltr'>laudem</span> <span class='ocrx_word' id='word_1_19' title='bbox 557 575 650 653; x_wconf 81' lang='lat' dir='ltr'>legem</span> <span class='ocrx_word' id='word_1_20' title='bbox 674 577 739 638; x_wconf 92' lang='lat' dir='ltr'>lites</span> <span class='ocrx_word' id='word_1_21' title='bbox 762 576 859 638; x_wconf 91' lang='lat' dir='ltr'>locum</span> <span class='ocrx_word' id='word_1_22' title='bbox 888 585 916 636; x_wconf 88' lang='lat' dir='ltr'>et</span> <span class='ocrx_word' id='word_1_23' title='bbox 938 577 984 637; x_wconf 87' lang='lat' dir='ltr'>his</span> <span class='ocrx_word' id='word_1_24' title='bbox 1009 576 1113 637; x_wconf 81' lang='lat' dir='ltr'>similia</span> <span class='ocrx_word' id='word_1_25' title='bbox 1142 579 1313 658; x_wconf 87' lang='lat' dir='ltr'>scribimus;</span> <span class='ocrx_word' id='word_1_26' title='bbox 1345 584 1467 646; x_wconf 91' lang='lat' dir='ltr'>subiun-</span> 
     </span>
     <span class='ocr_line' id='line_1_4' title="bbox 163 675 1464 755; baseline 0.009 -20"><span class='ocrx_word' id='word_1_27' title='bbox 163 677 258 754; x_wconf 80' lang='lat' dir='ltr'>gitur,</span> <span class='ocrx_word' id='word_1_28' title='bbox 290 683 347 735; x_wconf 91' lang='lat' dir='ltr'>tata</span> <span class='ocrx_word' id='word_1_29' title='bbox 376 695 464 754; x_wconf 83' lang='lat' dir='ltr'>quam</span> <span class='ocrx_word' id='word_1_30' title='bbox 494 675 585 737; x_wconf 92' lang='lat' dir='ltr'>alma:</span> <span class='ocrx_word' id='word_1_31' title='bbox 614 677 683 737; x_wconf 90' lang='lat' dir='ltr'>item</span> <span class='ocrx_word' id='word_1_32' title='bbox 716 676 903 755; x_wconf 84' lang='lat' dir='ltr'>subiungitur</span> <span class='ocrx_word' id='word_1_33' title='bbox 933 678 1181 754; x_wconf 71' lang='lat' dir='ltr'>consonantibus,</span> <span class='ocrx_word' id='word_1_34' title='bbox 1220 701 1287 742; x_wconf 88' lang='lat' dir='ltr'>cum</span> <span class='ocrx_word' id='word_1_35' title='bbox 1311 683 1464 748; x_wconf 82' lang='lat' dir='ltr'>Claudium</span> 
     </span>
     <span class='ocr_line' id='line_1_5' title="bbox 164 775 1465 865; baseline 0.011 -31"><span class='ocrx_word' id='word_1_36' title='bbox 164 775 340 835; x_wconf 89' lang='lat' dir='ltr'>clementem</span> <span class='ocrx_word' id='word_1_37' title='bbox 363 775 556 854; x_wconf 84' lang='lat' dir='ltr'>clientemque</span> <span class='ocrx_word' id='word_1_38' title='bbox 585 786 615 838; x_wconf 92' lang='lat' dir='ltr'>et</span> <span class='ocrx_word' id='word_1_39' title='bbox 637 778 771 840; x_wconf 83' lang='lat' dir='ltr'>Clodium</span> <span class='ocrx_word' id='word_1_40' title='bbox 794 777 983 857; x_wconf 84' lang='lat' dir='ltr'>Clusiumque</span> <span class='ocrx_word' id='word_1_41' title='bbox 1006 780 1205 841; x_wconf 78' lang='lat' dir='ltr'>nominamus:</span> <span class='ocrx_word' id='word_1_42' title='bbox 1243 792 1312 845; x_wconf 84' lang='lat' dir='ltr'>nota</span> <span class='ocrx_word' id='word_1_43' title='bbox 1339 804 1465 865; x_wconf 90' lang='lat' dir='ltr'>praeno-</span> 
     </span>
     <span class='ocr_line' id='line_1_6' title="bbox 116 876 1465 964; baseline 0.005 -25"><span class='ocrx_word' id='word_1_44' title='bbox 116 877 270 950; x_wconf 82' lang='lat' dir='ltr'>·amiuis,</span> <span class='ocrx_word' id='word_1_45' title='bbox 294 896 360 937; x_wconf 85' lang='lat' dir='ltr'>curu</span> <span class='ocrx_word' id='word_1_46' title='bbox 386 876 448 938; x_wconf 90' lang='lat' dir='ltr'>sola</span> <span class='ocrx_word' id='word_1_47' title='bbox 471 878 565 958; x_wconf 91' lang='lat' dir='ltr'>posita</span> <span class='ocrx_word' id='word_1_48' title='bbox 584 878 707 941; x_wconf 85' lang='lat' dir='ltr'>Lucium</span> <span class='ocrx_word' id='word_1_49' title='bbox 728 879 888 958; x_wconf 65' lang='lat' dir='ltr'>significat:</span> <span class='ocrx_word' id='word_1_50' title='bbox 914 879 983 939; x_wconf 90' lang='lat' dir='ltr'>itent</span> <span class='ocrx_word' id='word_1_51' title='bbox 1003 882 1134 955; x_wconf 93' lang='lat' dir='ltr'>numeri,</span> <span class='ocrx_word' id='word_1_52' title='bbox 1156 902 1223 943; x_wconf 89' lang='lat' dir='ltr'>catu</span> <span class='ocrx_word' id='word_1_53' title='bbox 1248 903 1301 963; x_wconf 92' lang='lat' dir='ltr'>pro</span> <span class='ocrx_word' id='word_1_54' title='bbox 1320 885 1465 964; x_wconf 83' lang='lat' dir='ltr'>quinqua-</span> 
     </span>
     <span class='ocr_line' id='line_1_7' title="bbox 164 977 1465 1062; baseline 0.009 -27"><span class='ocrx_word' id='word_1_55' title='bbox 164 977 245 1053; x_wconf 84' lang='lat' dir='ltr'>ginta</span> <span class='ocrx_word' id='word_1_56' title='bbox 267 977 395 1055; x_wconf 87' lang='lat' dir='ltr'>ponitur.</span> <span class='ocrx_word' id='word_1_57' title='bbox 440 1000 469 1040; x_wconf 93' lang='lat' dir='ltr'>m</span> <span class='ocrx_word' id='word_1_58' title='bbox 492 998 660 1041; x_wconf 86' lang='lat' dir='ltr'>consonans</span> <span class='ocrx_word' id='word_1_59' title='bbox 687 980 869 1042; x_wconf 81' lang='lat' dir='ltr'>semivocalis</span> <span class='ocrx_word' id='word_1_60' title='bbox 890 979 1002 1058; x_wconf 84' lang='lat' dir='ltr'>liquida</span> <span class='ocrx_word' id='word_1_61' title='bbox 1024 989 1082 1042; x_wconf 67' lang='lat' dir='ltr'>mm</span> <span class='ocrx_word' id='word_1_62' title='bbox 1106 984 1296 1062; x_wconf 76' lang='lat' dir='ltr'>praeponitur</span> <span class='ocrx_word' id='word_1_63' title='bbox 1316 985 1465 1047; x_wconf 82' lang='lat' dir='ltr'>vocalibus</span> 
     </span>
     <span class='ocr_line' id='line_1_8' title="bbox 163 1074 1465 1165; baseline 0.007 -27"><span class='ocrx_word' id='word_1_64' title='bbox 163 1096 253 1155; x_wconf 92' lang='lat' dir='ltr'>quam</span> <span class='ocrx_word' id='word_1_65' title='bbox 269 1077 471 1156; x_wconf 80' lang='lat' dir='ltr'>subiungitur,</span> <span class='ocrx_word' id='word_1_66' title='bbox 493 1074 552 1140; x_wconf 89' lang='lat' dir='ltr'>tam</span> <span class='ocrx_word' id='word_1_67' title='bbox 570 1098 656 1158; x_wconf 89' lang='lat' dir='ltr'>quam</span> <span class='ocrx_word' id='word_1_68' title='bbox 679 1090 779 1141; x_wconf 85' lang='lat' dir='ltr'>mouet</span> <span class='ocrx_word' id='word_1_69' title='bbox 796 1088 888 1155; x_wconf 80' lang='lat' dir='ltr'>amat:</span> <span class='ocrx_word' id='word_1_70' title='bbox 912 1081 981 1141; x_wconf 90' lang='lat' dir='ltr'>item</span> <span class='ocrx_word' id='word_1_71' title='bbox 1002 1084 1177 1143; x_wconf 79' lang='lat' dir='ltr'>consonanti</span> <span class='ocrx_word' id='word_1_72' title='bbox 1198 1083 1327 1162; x_wconf 87' lang='lat' dir='ltr'>liquidae</span> <span class='ocrx_word' id='word_1_73' title='bbox 1342 1104 1363 1144; x_wconf 84' lang='lat' dir='ltr'>n</span> <span class='ocrx_word' id='word_1_74' title='bbox 1380 1106 1465 1165; x_wconf 81' lang='lat' dir='ltr'>prae·</span> 
     </span>
     <span class='ocr_line' id='line_1_9' title="bbox 163 1177 1464 1261; baseline 0.007 -23"><span class='ocrx_word' id='word_1_75' title='bbox 163 1177 300 1258; x_wconf 88' lang='lat' dir='ltr'>ponitur,</span> <span class='ocrx_word' id='word_1_76' title='bbox 323 1188 356 1240; x_wconf 91' lang='lat' dir='ltr'>ut</span> <span class='ocrx_word' id='word_1_77' title='bbox 376 1179 563 1256; x_wconf 87' lang='lat' dir='ltr'>Mnestheus;</span> <span class='ocrx_word' id='word_1_78' title='bbox 596 1182 797 1261; x_wconf 82' lang='lat' dir='ltr'>subiungitur,</span> <span class='ocrx_word' id='word_1_79' title='bbox 819 1201 885 1241; x_wconf 90' lang='lat' dir='ltr'>cum</span> <span class='ocrx_word' id='word_1_80' title='bbox 908 1182 1023 1261; x_wconf 84' lang='lat' dir='ltr'>agmina</span> <span class='ocrx_word' id='word_1_81' title='bbox 1045 1183 1206 1261; x_wconf 78' lang='lat' dir='ltr'>fragmenta</span> <span class='ocrx_word' id='word_1_82' title='bbox 1230 1183 1372 1247; x_wconf 90' lang='lat' dir='ltr'>dicimus:</span> <span class='ocrx_word' id='word_1_83' title='bbox 1394 1196 1464 1247; x_wconf 90' lang='lat' dir='ltr'>nota</span> 
     </span>
     <span class='ocr_line' id='line_1_10' title="bbox 162 1280 1463 1362; baseline 0.005 -21"><span class='ocrx_word' id='word_1_84' title='bbox 162 1281 379 1360; x_wconf 77' lang='lat' dir='ltr'>praenominis,</span> <span class='ocrx_word' id='word_1_85' title='bbox 418 1300 485 1342; x_wconf 91' lang='lat' dir='ltr'>cum</span> <span class='ocrx_word' id='word_1_86' title='bbox 511 1280 574 1342; x_wconf 88' lang='lat' dir='ltr'>sola</span> <span class='ocrx_word' id='word_1_87' title='bbox 596 1283 704 1362; x_wconf 91' lang='lat' dir='ltr'>scripta</span> <span class='ocrx_word' id='word_1_88' title='bbox 730 1283 859 1345; x_wconf 84' lang='lat' dir='ltr'>Marcum</span> <span class='ocrx_word' id='word_1_89' title='bbox 888 1283 1033 1360; x_wconf 79' lang='lat' dir='ltr'>siguificat</span> <span class='ocrx_word' id='word_1_90' title='bbox 1056 1292 1085 1344; x_wconf 91' lang='lat' dir='ltr'>et</span> <span class='ocrx_word' id='word_1_91' title='bbox 1108 1282 1220 1345; x_wconf 88' lang='lat' dir='ltr'>adiecta</span> <span class='ocrx_word' id='word_1_92' title='bbox 1246 1285 1282 1346; x_wconf 91' lang='lat' dir='ltr'>ad</span> <span class='ocrx_word' id='word_1_93' title='bbox 1304 1294 1463 1347; x_wconf 81' lang='lat' dir='ltr'>extremam</span> 
     </span>
     <span class='ocr_line' id='line_1_11' title="bbox 121 1380 1465 1467; baseline 0.007 -27"><span class='ocrx_word' id='word_1_94' title='bbox 121 1402 149 1441; x_wconf 86' lang='lat' dir='ltr'>ro</span> <span class='ocrx_word' id='word_1_95' title='bbox 163 1381 270 1443; x_wconf 89' lang='lat' dir='ltr'>lineam</span> <span class='ocrx_word' id='word_1_96' title='bbox 290 1380 400 1459; x_wconf 82' lang='lat' dir='ltr'>virgula</span> <span class='ocrx_word' id='word_1_97' title='bbox 423 1382 559 1443; x_wconf 87' lang='lat' dir='ltr'>Manium.</span> <span class='ocrx_word' id='word_1_98' title='bbox 605 1403 624 1444; x_wconf 94' lang='lat' dir='ltr'>n</span> <span class='ocrx_word' id='word_1_99' title='bbox 650 1402 818 1446; x_wconf 83' lang='lat' dir='ltr'>consonans</span> <span class='ocrx_word' id='word_1_100' title='bbox 844 1385 1026 1446; x_wconf 80' lang='lat' dir='ltr'>semivocalis</span> <span class='ocrx_word' id='word_1_101' title='bbox 1053 1384 1161 1462; x_wconf 82' lang='lat' dir='ltr'>liquida</span> <span class='ocrx_word' id='word_1_102' title='bbox 1191 1394 1251 1445; x_wconf 90' lang='lat' dir='ltr'>tam</span> <span class='ocrx_word' id='word_1_103' title='bbox 1274 1389 1465 1467; x_wconf 87' lang='lat' dir='ltr'>praeponitur</span> 
     </span>
     <span class='ocr_line' id='line_1_12' title="bbox 162 1482 1465 1562; baseline 0.005 -21"><span class='ocrx_word' id='word_1_104' title='bbox 162 1501 251 1560; x_wconf 86' lang='lat' dir='ltr'>quam</span> <span class='ocrx_word' id='word_1_105' title='bbox 274 1482 459 1560; x_wconf 82' lang='lat' dir='ltr'>subiungitur</span> <span class='ocrx_word' id='word_1_106' title='bbox 487 1484 652 1557; x_wconf 88' lang='lat' dir='ltr'>vocalibus,</span> <span class='ocrx_word' id='word_1_107' title='bbox 687 1493 720 1544; x_wconf 94' lang='lat' dir='ltr'>ut</span> <span class='ocrx_word' id='word_1_108' title='bbox 747 1493 834 1545; x_wconf 85' lang='lat' dir='ltr'>natus</span> <span class='ocrx_word' id='word_1_109' title='bbox 862 1493 946 1560; x_wconf 90' lang='lat' dir='ltr'>ante;</span> <span class='ocrx_word' id='word_1_110' title='bbox 981 1487 1051 1546; x_wconf 90' lang='lat' dir='ltr'>item</span> <span class='ocrx_word' id='word_1_111' title='bbox 1079 1485 1265 1562; x_wconf 84' lang='lat' dir='ltr'>subiungitur</span> <span class='ocrx_word' id='word_1_112' title='bbox 1291 1488 1397 1561; x_wconf 88' lang='lat' dir='ltr'>mutis,</span> <span class='ocrx_word' id='word_1_113' title='bbox 1433 1498 1465 1549; x_wconf 93' lang='lat' dir='ltr'>ut</span> 
     </span>
     <span class='ocr_line' id='line_1_13' title="bbox 163 1581 1464 1669; baseline 0.006 -27"><span class='ocrx_word' id='word_1_114' title='bbox 163 1582 286 1644; x_wconf 86' lang='lat' dir='ltr'>Cnidius</span> <span class='ocrx_word' id='word_1_115' title='bbox 310 1581 461 1664; x_wconf 73' lang='lat' dir='ltr'>Potnllias:</span> <span class='ocrx_word' id='word_1_116' title='bbox 498 1595 566 1644; x_wconf 90' lang='lat' dir='ltr'>nota</span> <span class='ocrx_word' id='word_1_117' title='bbox 590 1585 788 1664; x_wconf 88' lang='lat' dir='ltr'>praenominis</span> <span class='ocrx_word' id='word_1_118' title='bbox 808 1584 870 1646; x_wconf 91' lang='lat' dir='ltr'>sola</span> <span class='ocrx_word' id='word_1_119' title='bbox 893 1586 1064 1647; x_wconf 88' lang='lat' dir='ltr'>Numerium</span> <span class='ocrx_word' id='word_1_120' title='bbox 1093 1587 1253 1664; x_wconf 85' lang='lat' dir='ltr'>siguificat,</span> <span class='ocrx_word' id='word_1_121' title='bbox 1286 1588 1355 1648; x_wconf 92' lang='lat' dir='ltr'>item</span> <span class='ocrx_word' id='word_1_122' title='bbox 1381 1609 1464 1669; x_wconf 91' lang='lat' dir='ltr'>prae-</span> 
     </span>
     <span class='ocr_line' id='line_1_14' title="bbox 162 1683 1463 1769; baseline 0.008 -29"><span class='ocrx_word' id='word_1_123' title='bbox 162 1683 294 1761; x_wconf 85' lang='lat' dir='ltr'>positae</span> <span class='ocrx_word' id='word_1_124' title='bbox 317 1684 456 1759; x_wconf 85' lang='lat' dir='ltr'>Gneium,</span> <span class='ocrx_word' id='word_1_125' title='bbox 480 1705 567 1764; x_wconf 86' lang='lat' dir='ltr'>quem</span> <span class='ocrx_word' id='word_1_126' title='bbox 590 1687 700 1764; x_wconf 91' lang='lat' dir='ltr'>antiqui</span> <span class='ocrx_word' id='word_1_127' title='bbox 717 1686 846 1747; x_wconf 81' lang='lat' dir='ltr'>Gnaeum</span> <span class='ocrx_word' id='word_1_128' title='bbox 870 1687 980 1749; x_wconf 85' lang='lat' dir='ltr'>dicunt.</span> <span class='ocrx_word' id='word_1_129' title='bbox 1008 1687 1152 1748; x_wconf 87' lang='lat' dir='ltr'>ovocalis</span> <span class='ocrx_word' id='word_1_130' title='bbox 1168 1687 1302 1765; x_wconf 80' lang='grc' dir='ltr'><strong><em>δίχρονος</em></strong></span> <span class='ocrx_word' id='word_1_131' title='bbox 1317 1697 1375 1748; x_wconf 90' lang='lat' dir='ltr'>tam</span> <span class='ocrx_word' id='word_1_132' title='bbox 1395 1710 1463 1769; x_wconf 92' lang='lat' dir='ltr'>pro-</span> 
     </span>
     <span class='ocr_line' id='line_1_15' title="bbox 161 1783 1462 1869; baseline 0.008 -28"><span class='ocrx_word' id='word_1_133' title='bbox 161 1783 281 1844; x_wconf 92' lang='lat' dir='ltr'>ducitur</span> <span class='ocrx_word' id='word_1_134' title='bbox 302 1803 389 1862; x_wconf 84' lang='lat' dir='ltr'>quam</span> <span class='ocrx_word' id='word_1_135' title='bbox 420 1787 576 1867; x_wconf 89' lang='lat' dir='ltr'>corripitur</span> <span class='ocrx_word' id='word_1_136' title='bbox 597 1797 625 1849; x_wconf 90' lang='lat' dir='ltr'>et</span> <span class='ocrx_word' id='word_1_137' title='bbox 651 1787 807 1866; x_wconf 83' lang='lat' dir='ltr'>singularis</span> <span class='ocrx_word' id='word_1_138' title='bbox 834 1796 953 1849; x_wconf 90' lang='lat' dir='ltr'>etcum</span> <span class='ocrx_word' id='word_1_139' title='bbox 982 1788 1045 1849; x_wconf 92' lang='lat' dir='ltr'>aliis</span> <span class='ocrx_word' id='word_1_140' title='bbox 1065 1789 1209 1867; x_wconf 89' lang='lat' dir='ltr'>copulata.</span> <span class='ocrx_word' id='word_1_141' title='bbox 1254 1809 1273 1869; x_wconf 94' lang='lat' dir='ltr'>p</span> <span class='ocrx_word' id='word_1_142' title='bbox 1295 1807 1462 1852; x_wconf 88' lang='lat' dir='ltr'>consonans</span> 
     </span>
     <span class='ocr_line' id='line_1_16' title="bbox 123 1888 1462 1970; baseline 0.008 -28"><span class='ocrx_word' id='word_1_143' title='bbox 123 1904 149 1943; x_wconf 79' lang='lat' dir='ltr'>ts</span> <span class='ocrx_word' id='word_1_144' title='bbox 162 1892 244 1944; x_wconf 91' lang='lat' dir='ltr'>muta</span> <span class='ocrx_word' id='word_1_145' title='bbox 267 1893 326 1945; x_wconf 92' lang='lat' dir='ltr'>tam</span> <span class='ocrx_word' id='word_1_146' title='bbox 348 1889 541 1968; x_wconf 85' lang='lat' dir='ltr'>praeponitur</span> <span class='ocrx_word' id='word_1_147' title='bbox 561 1889 711 1950; x_wconf 89' lang='lat' dir='ltr'>vocalibus</span> <span class='ocrx_word' id='word_1_148' title='bbox 732 1907 818 1967; x_wconf 87' lang='lat' dir='ltr'>quatu</span> <span class='ocrx_word' id='word_1_149' title='bbox 839 1890 1039 1968; x_wconf 81' lang='lat' dir='ltr'>subiungitur,</span> <span class='ocrx_word' id='word_1_150' title='bbox 1070 1897 1102 1948; x_wconf 91' lang='lat' dir='ltr'>ut</span> <span class='ocrx_word' id='word_1_151' title='bbox 1124 1889 1153 1949; x_wconf 93' lang='lat' dir='ltr'>in</span> <span class='ocrx_word' id='word_1_152' title='bbox 1175 1889 1237 1964; x_wconf 93' lang='lat' dir='ltr'>his,</span> <span class='ocrx_word' id='word_1_153' title='bbox 1263 1888 1347 1967; x_wconf 90' lang='lat' dir='ltr'>ponit</span> <span class='ocrx_word' id='word_1_154' title='bbox 1371 1890 1462 1970; x_wconf 70' lang='lat' dir='ltr'>derto-</span> 
     </span>
     <span class='ocr_line' id='line_1_17' title="bbox 161 1985 1459 2071; baseline 0.005 -26"><span class='ocrx_word' id='word_1_155' title='bbox 161 1986 220 2046; x_wconf 92' lang='lat' dir='ltr'>nit:</span> <span class='ocrx_word' id='word_1_156' title='bbox 241 1990 431 2068; x_wconf 90' lang='lat' dir='ltr'>praeponitur</span> <span class='ocrx_word' id='word_1_157' title='bbox 452 1999 481 2050; x_wconf 91' lang='lat' dir='ltr'>ot</span> <span class='ocrx_word' id='word_1_158' title='bbox 503 1991 752 2062; x_wconf 84' lang='lat' dir='ltr'>consonantibus,</span> <span class='ocrx_word' id='word_1_159' title='bbox 776 1997 808 2050; x_wconf 93' lang='lat' dir='ltr'>ut</span> <span class='ocrx_word' id='word_1_160' title='bbox 827 1990 953 2071; x_wconf 83' lang='lat' dir='ltr'>plaudit:</span> <span class='ocrx_word' id='word_1_161' title='bbox 980 1997 1048 2050; x_wconf 90' lang='lat' dir='ltr'>nota</span> <span class='ocrx_word' id='word_1_162' title='bbox 1070 1985 1284 2067; x_wconf 87' lang='lat' dir='ltr'>praenominis,</span> <span class='ocrx_word' id='word_1_163' title='bbox 1307 2005 1374 2049; x_wconf 87' lang='lat' dir='ltr'>cum</span> <span class='ocrx_word' id='word_1_164' title='bbox 1396 1990 1459 2051; x_wconf 91' lang='lat' dir='ltr'>sola</span> 
     </span>
     <span class='ocr_line' id='line_1_18' title="bbox 160 2086 1461 2171; baseline 0.004 -25"><span class='ocrx_word' id='word_1_165' title='bbox 160 2087 297 2148; x_wconf 88' lang='lat' dir='ltr'>Publium</span> <span class='ocrx_word' id='word_1_166' title='bbox 318 2090 478 2167; x_wconf 81' lang='lat' dir='ltr'>significat,</span> <span class='ocrx_word' id='word_1_167' title='bbox 507 2099 625 2153; x_wconf 89' lang='lat' dir='ltr'>etcum</span> <span class='ocrx_word' id='word_1_168' title='bbox 648 2111 662 2151; x_wconf 95' lang='lat' dir='ltr'>r</span> <span class='ocrx_word' id='word_1_169' title='bbox 685 2091 779 2170; x_wconf 91' lang='lat' dir='ltr'>posita</span> <span class='ocrx_word' id='word_1_170' title='bbox 801 2091 942 2171; x_wconf 93' lang='lat' dir='ltr'>populum</span> <span class='ocrx_word' id='word_1_171' title='bbox 964 2090 1143 2158; x_wconf 86' lang='lat' dir='ltr'>Romanum,</span> <span class='ocrx_word' id='word_1_172' title='bbox 1172 2094 1201 2146; x_wconf 86' lang='lat' dir='ltr'>ct</span> <span class='ocrx_word' id='word_1_173' title='bbox 1224 2086 1353 2149; x_wconf 88' lang='lat' dir='ltr'>subiecta</span> <span class='ocrx_word' id='word_1_174' title='bbox 1375 2109 1391 2149; x_wconf 90' lang='lat' dir='ltr'>t·</span> <span class='ocrx_word' id='word_1_175' title='bbox 1413 2091 1461 2151; x_wconf 92' lang='lat' dir='ltr'>lit-</span> 
     </span>
     <span class='ocr_line' id='line_1_19' title="bbox 161 2185 1460 2271; baseline 0.005 -26"><span class='ocrx_word' id='word_1_176' title='bbox 161 2196 242 2246; x_wconf 87' lang='lat' dir='ltr'>terae</span> <span class='ocrx_word' id='word_1_177' title='bbox 263 2190 505 2268; x_wconf 86' lang='lat' dir='ltr'>rempublicam,</span> <span class='ocrx_word' id='word_1_178' title='bbox 540 2201 569 2252; x_wconf 90' lang='lat' dir='ltr'>et</span> <span class='ocrx_word' id='word_1_179' title='bbox 589 2192 756 2271; x_wconf 87' lang='lat' dir='ltr'>praeposita</span> <span class='ocrx_word' id='word_1_180' title='bbox 780 2212 796 2253; x_wconf 91' lang='lat' dir='ltr'>c</span> <span class='ocrx_word' id='word_1_181' title='bbox 818 2192 931 2253; x_wconf 86' lang='lat' dir='ltr'>litterae</span> <span class='ocrx_word' id='word_1_182' title='bbox 954 2198 1051 2270; x_wconf 85' lang='lat' dir='ltr'>patres</span> <span class='ocrx_word' id='word_1_183' title='bbox 1074 2185 1267 2265; x_wconf 89' lang='lat' dir='ltr'>conscriptos.</span> <span class='ocrx_word' id='word_1_184' title='bbox 1311 2206 1331 2267; x_wconf 90' lang='lat' dir='ltr'><strong>q</strong></span> <span class='ocrx_word' id='word_1_185' title='bbox 1353 2202 1460 2252; x_wconf 74' lang='lat' dir='ltr'>conso&#39;</span> 
     </span>
     <span class='ocr_line' id='line_1_20' title="bbox 159 2282 1458 2372; baseline 0.005 -25"><span class='ocrx_word' id='word_1_186' title='bbox 159 2307 236 2349; x_wconf 91' lang='lat' dir='ltr'>nans</span> <span class='ocrx_word' id='word_1_187' title='bbox 260 2297 339 2349; x_wconf 88' lang='lat' dir='ltr'>muta</span> <span class='ocrx_word' id='word_1_188' title='bbox 362 2309 396 2350; x_wconf 82' lang='lat' dir='ltr'>cx</span> <span class='ocrx_word' id='word_1_189' title='bbox 418 2311 434 2351; x_wconf 93' lang='lat' dir='ltr'>c</span> <span class='ocrx_word' id='word_1_190' title='bbox 458 2295 524 2353; x_wconf 68' lang='lat' dir='ltr'>et&#39;u</span> <span class='ocrx_word' id='word_1_191' title='bbox 546 2292 651 2354; x_wconf 91' lang='lat' dir='ltr'>litteris</span> <span class='ocrx_word' id='word_1_192' title='bbox 670 2293 822 2372; x_wconf 89' lang='lat' dir='ltr'>conposita</span> <span class='ocrx_word' id='word_1_193' title='bbox 845 2307 1039 2372; x_wconf 88' lang='lat' dir='ltr'>supervacua,</span> <span class='ocrx_word' id='word_1_194' title='bbox 1068 2303 1124 2363; x_wconf 85' lang='lat' dir='ltr'>qua</span> <span class='ocrx_word' id='word_1_195' title='bbox 1148 2282 1272 2363; x_wconf 88' lang='lat' dir='ltr'>utimur,</span> <span class='ocrx_word' id='word_1_196' title='bbox 1300 2291 1417 2367; x_wconf 87' lang='lat' dir='ltr'>quaudo</span> <span class='ocrx_word' id='word_1_197' title='bbox 1440 2311 1458 2353; x_wconf 94' lang='grc' dir='ltr'>ιι</span> 
     </span>
     <span class='ocr_line' id='line_1_21' title="bbox 119 2384 1459 2474; baseline 0.001 -23"><span class='ocrx_word' id='word_1_198' title='bbox 119 2413 146 2451; x_wconf 82' lang='lat' dir='ltr'>ao</span> <span class='ocrx_word' id='word_1_199' title='bbox 161 2398 191 2449; x_wconf 89' lang='lat' dir='ltr'>et</span> <span class='ocrx_word' id='word_1_200' title='bbox 215 2389 306 2449; x_wconf 91' lang='lat' dir='ltr'>altera</span> <span class='ocrx_word' id='word_1_201' title='bbox 328 2391 436 2452; x_wconf 86' lang='lat' dir='ltr'>vocalis</span> <span class='ocrx_word' id='word_1_202' title='bbox 458 2394 488 2453; x_wconf 91' lang='lat' dir='ltr'>in</span> <span class='ocrx_word' id='word_1_203' title='bbox 508 2414 566 2455; x_wconf 91' lang='lat' dir='ltr'>una</span> <span class='ocrx_word' id='word_1_204' title='bbox 584 2393 693 2474; x_wconf 78' lang='lat' dir='ltr'>syllaba</span> <span class='ocrx_word' id='word_1_205' title='bbox 716 2394 891 2470; x_wconf 82' lang='lat' dir='ltr'>imtguntur,</span> <span class='ocrx_word' id='word_1_206' title='bbox 924 2397 955 2448; x_wconf 92' lang='lat' dir='ltr'>ut</span> <span class='ocrx_word' id='word_1_207' title='bbox 981 2384 1135 2461; x_wconf 80' lang='lat' dir='ltr'>Quirinus:</span> <span class='ocrx_word' id='word_1_208' title='bbox 1169 2396 1237 2448; x_wconf 89' lang='lat' dir='ltr'>nota</span> <span class='ocrx_word' id='word_1_209' title='bbox 1259 2392 1459 2470; x_wconf 85' lang='lat' dir='ltr'>praenominis</span> 
     </span>
     <span class='ocr_line' id='line_1_22' title="bbox 160 2477 1457 2571; baseline 0.002 -21"><span class='ocrx_word' id='word_1_210' title='bbox 160 2492 303 2561; x_wconf 76' lang='lat' dir='ltr'>Quintum</span> <span class='ocrx_word' id='word_1_211' title='bbox 325 2491 486 2570; x_wconf 83' lang='lat' dir='ltr'>significat,</span> <span class='ocrx_word' id='word_1_212' title='bbox 509 2477 578 2554; x_wconf 88' lang='lat' dir='ltr'>item</span> <span class='ocrx_word' id='word_1_213' title='bbox 599 2494 719 2555; x_wconf 86' lang='lat' dir='ltr'>lionoris</span> <span class='ocrx_word' id='word_1_214' title='bbox 737 2498 920 2570; x_wconf 82' lang='lat' dir='ltr'>quaestorem</span> <span class='ocrx_word' id='word_1_215' title='bbox 942 2485 1091 2560; x_wconf 85' lang='lat' dir='ltr'>indicans,</span> <span class='ocrx_word' id='word_1_216' title='bbox 1114 2506 1169 2548; x_wconf 90' lang='lat' dir='ltr'>nec</span> <span class='ocrx_word' id='word_1_217' title='bbox 1187 2488 1284 2549; x_wconf 90' lang='lat' dir='ltr'>miuus</span> <span class='ocrx_word' id='word_1_218' title='bbox 1303 2491 1457 2571; x_wconf 90' lang='lat' dir='ltr'>populum,</span> 
     </span>
     <span class='ocr_line' id='line_1_23' title="bbox 159 2586 1457 2670; baseline 0.002 -19"><span class='ocrx_word' id='word_1_219' title='bbox 159 2611 226 2652; x_wconf 86' lang='lat' dir='ltr'>eum</span> <span class='ocrx_word' id='word_1_220' title='bbox 251 2612 285 2651; x_wconf 89' lang='lat' dir='ltr'>ea</span> <span class='ocrx_word' id='word_1_221' title='bbox 307 2600 442 2654; x_wconf 91' lang='lat' dir='ltr'>notamus</span> <span class='ocrx_word' id='word_1_222' title='bbox 465 2593 601 2664; x_wconf 84' lang='lat' dir='ltr'>Quirites.</span> <span class='ocrx_word' id='word_1_223' title='bbox 645 2615 660 2655; x_wconf 92' lang='lat' dir='ltr'>r</span> <span class='ocrx_word' id='word_1_224' title='bbox 684 2608 849 2654; x_wconf 88' lang='lat' dir='ltr'>consonans</span> <span class='ocrx_word' id='word_1_225' title='bbox 878 2586 1060 2650; x_wconf 78' lang='lat' dir='ltr'>semivocalis</span> <span class='ocrx_word' id='word_1_226' title='bbox 1082 2586 1190 2664; x_wconf 89' lang='lat' dir='ltr'>liquida</span> <span class='ocrx_word' id='word_1_227' title='bbox 1212 2591 1404 2670; x_wconf 82' lang='lat' dir='ltr'>praepositiva</span> <span class='ocrx_word' id='word_1_228' title='bbox 1428 2603 1457 2654; x_wconf 92' lang='lat' dir='ltr'>et</span> 
     </span>
     <span class='ocr_line' id='line_1_24' title="bbox 160 2688 1456 2766; baseline 0.002 -14"><span class='ocrx_word' id='word_1_229' title='bbox 160 2693 263 2754; x_wconf 80' lang='lat' dir='ltr'>eadem</span> <span class='ocrx_word' id='word_1_230' title='bbox 283 2693 465 2754; x_wconf 87' lang='lat' dir='ltr'>subiunctiva</span> <span class='ocrx_word' id='word_1_231' title='bbox 487 2695 651 2766; x_wconf 89' lang='lat' dir='ltr'>vocalibus,</span> <span class='ocrx_word' id='word_1_232' title='bbox 681 2700 713 2752; x_wconf 91' lang='lat' dir='ltr'>ut</span> <span class='ocrx_word' id='word_1_233' title='bbox 730 2691 820 2751; x_wconf 84' lang='lat' dir='ltr'>Roma</span> <span class='ocrx_word' id='word_1_234' title='bbox 842 2689 942 2751; x_wconf 85' lang='lat' dir='ltr'>ramus</span> <span class='ocrx_word' id='word_1_235' title='bbox 964 2707 1044 2749; x_wconf 89' lang='lat' dir='ltr'>arma</span> <span class='ocrx_word' id='word_1_236' title='bbox 1066 2688 1162 2764; x_wconf 88' lang='lat' dir='ltr'>urhis;</span> <span class='ocrx_word' id='word_1_237' title='bbox 1200 2688 1271 2750; x_wconf 90' lang='lat' dir='ltr'>item</span> <span class='ocrx_word' id='word_1_238' title='bbox 1290 2710 1456 2755; x_wconf 90' lang='lat' dir='ltr'>consonan-</span> 
     </span>
     <span class='ocr_line' id='line_1_25' title="bbox 160 2788 1453 2872; baseline 0.002 -20"><span class='ocrx_word' id='word_1_239' title='bbox 160 2793 238 2854; x_wconf 82' lang='lat' dir='ltr'>tibus</span> <span class='ocrx_word' id='word_1_240' title='bbox 260 2794 460 2872; x_wconf 84' lang='lat' dir='ltr'>suhiungitur,</span> <span class='ocrx_word' id='word_1_241' title='bbox 496 2803 528 2854; x_wconf 91' lang='lat' dir='ltr'>ut</span> <span class='ocrx_word' id='word_1_242' title='bbox 548 2795 578 2855; x_wconf 94' lang='lat' dir='ltr'>iu</span> <span class='ocrx_word' id='word_1_243' title='bbox 599 2794 705 2854; x_wconf 88' lang='lat' dir='ltr'>Crasso</span> <span class='ocrx_word' id='word_1_244' title='bbox 729 2810 814 2852; x_wconf 90' lang='lat' dir='ltr'>crure</span> <span class='ocrx_word' id='word_1_245' title='bbox 836 2790 996 2869; x_wconf 89' lang='lat' dir='ltr'>prudente;</span> <span class='ocrx_word' id='word_1_246' title='bbox 1033 2788 1052 2848; x_wconf 85' lang='lat' dir='ltr'>lt</span> <span class='ocrx_word' id='word_1_247' title='bbox 1078 2808 1195 2867; x_wconf 83' lang='lat' dir='ltr'>quoque</span> <span class='ocrx_word' id='word_1_248' title='bbox 1217 2795 1389 2855; x_wconf 90' lang='lat' dir='ltr'>consonanti</span> <span class='ocrx_word' id='word_1_249' title='bbox 1410 2794 1453 2855; x_wconf 89' lang='lat' dir='ltr'>vel</span> 
     </span>
     <span class='ocr_line' id='line_1_26' title="bbox 118 2888 1454 2974; baseline 0.007 -25"><span class='ocrx_word' id='word_1_250' title='bbox 118 2894 366 2974; x_wconf 77' lang='lat' dir='ltr'>aarlspirationis</span> <span class='ocrx_word' id='word_1_251' title='bbox 391 2902 491 2967; x_wconf 89' lang='lat' dir='ltr'>notae,</span> <span class='ocrx_word' id='word_1_252' title='bbox 524 2901 555 2952; x_wconf 88' lang='lat' dir='ltr'>ut</span> <span class='ocrx_word' id='word_1_253' title='bbox 582 2893 728 2967; x_wconf 85' lang='lat' dir='ltr'>Rhodius,</span> <span class='ocrx_word' id='word_1_254' title='bbox 763 2892 815 2952; x_wconf 87' lang='lat' dir='ltr'>sed</span> <span class='ocrx_word' id='word_1_255' title='bbox 843 2891 873 2951; x_wconf 94' lang='lat' dir='ltr'>in</span> <span class='ocrx_word' id='word_1_256' title='bbox 896 2890 1015 2951; x_wconf 87' lang='lat' dir='ltr'>Graecis</span> <span class='ocrx_word' id='word_1_257' title='bbox 1042 2888 1191 2951; x_wconf 84' lang='lat' dir='ltr'>dumtaxat</span> <span class='ocrx_word' id='word_1_258' title='bbox 1216 2892 1393 2957; x_wconf 88' lang='lat' dir='ltr'>nominihus.</span> <span class='ocrx_word' id='word_1_259' title='bbox 1438 2918 1454 2958; x_wconf 90' lang='lat' dir='ltr'>s</span> 
     </span>
     <span class='ocr_line' id='line_1_27' title="bbox 158 2990 1454 3072; baseline 0.004 -19"><span class='ocrx_word' id='word_1_260' title='bbox 158 3013 327 3056; x_wconf 81' lang='lat' dir='ltr'>consonans</span> <span class='ocrx_word' id='word_1_261' title='bbox 354 2992 534 3055; x_wconf 75' lang='lat' dir='ltr'>semivocalis</span> <span class='ocrx_word' id='word_1_262' title='bbox 562 3013 633 3053; x_wconf 89' lang='lat' dir='ltr'>suae</span> <span class='ocrx_word' id='word_1_263' title='bbox 664 2993 816 3054; x_wconf 92' lang='lat' dir='ltr'>cuiusdam</span> <span class='ocrx_word' id='word_1_264' title='bbox 841 2990 994 3072; x_wconf 89' lang='lat' dir='ltr'>potestatis</span> <span class='ocrx_word' id='word_1_265' title='bbox 1025 2991 1218 3070; x_wconf 85' lang='lat' dir='ltr'>praepositiva</span> <span class='ocrx_word' id='word_1_266' title='bbox 1248 2995 1396 3058; x_wconf 86' lang='lat' dir='ltr'>vocalibus</span> <span class='ocrx_word' id='word_1_267' title='bbox 1425 3009 1454 3058; x_wconf 93' lang='lat' dir='ltr'>et</span> 
     </span>
     <span class='ocr_line' id='line_1_28' title="bbox 157 3091 1454 3175; baseline 0.003 -20"><span class='ocrx_word' id='word_1_268' title='bbox 157 3094 356 3169; x_wconf 89' lang='lat' dir='ltr'>subiunctiva,</span> <span class='ocrx_word' id='word_1_269' title='bbox 375 3102 407 3154; x_wconf 92' lang='lat' dir='ltr'>ut</span> <span class='ocrx_word' id='word_1_270' title='bbox 428 3093 499 3153; x_wconf 93' lang='lat' dir='ltr'>satis</span> <span class='ocrx_word' id='word_1_271' title='bbox 522 3113 626 3173; x_wconf 88' lang='lat' dir='ltr'>asper;</span> <span class='ocrx_word' id='word_1_272' title='bbox 653 3095 722 3155; x_wconf 88' lang='lat' dir='ltr'>item</span> <span class='ocrx_word' id='word_1_273' title='bbox 744 3091 938 3175; x_wconf 87' lang='lat' dir='ltr'>praepositiva</span> <span class='ocrx_word' id='word_1_274' title='bbox 962 3099 973 3150; x_wconf 97' lang='lat' dir='ltr'>t</span> <span class='ocrx_word' id='word_1_275' title='bbox 995 3093 1168 3153; x_wconf 86' lang='lat' dir='ltr'>consonanti</span> <span class='ocrx_word' id='word_1_276' title='bbox 1190 3101 1319 3171; x_wconf 85' lang='lat' dir='ltr'>tantum,</span> <span class='ocrx_word' id='word_1_277' title='bbox 1343 3106 1375 3157; x_wconf 92' lang='lat' dir='ltr'>ut</span> <span class='ocrx_word' id='word_1_278' title='bbox 1395 3108 1454 3160; x_wconf 88' lang='lat' dir='ltr'>sta-</span> 
     </span>
     <span class='ocr_line' id='line_1_29' title="bbox 157 3191 1453 3275; baseline 0.003 -20"><span class='ocrx_word' id='word_1_279' title='bbox 157 3204 215 3255; x_wconf 88' lang='lat' dir='ltr'>tus.</span> <span class='ocrx_word' id='word_1_280' title='bbox 260 3203 458 3254; x_wconf 76' lang='lat' dir='ltr'>:consonans</span> <span class='ocrx_word' id='word_1_281' title='bbox 481 3203 559 3254; x_wconf 89' lang='lat' dir='ltr'>muta</span> <span class='ocrx_word' id='word_1_282' title='bbox 579 3194 774 3275; x_wconf 88' lang='lat' dir='ltr'>praepositiva</span> <span class='ocrx_word' id='word_1_283' title='bbox 795 3193 969 3272; x_wconf 86' lang='lat' dir='ltr'>liquidarum</span> <span class='ocrx_word' id='word_1_284' title='bbox 992 3203 1021 3252; x_wconf 92' lang='lat' dir='ltr'>ct</span> <span class='ocrx_word' id='word_1_285' title='bbox 1042 3191 1185 3254; x_wconf 91' lang='lat' dir='ltr'>vocalium</span> <span class='ocrx_word' id='word_1_286' title='bbox 1207 3203 1236 3254; x_wconf 92' lang='lat' dir='ltr'>et</span> <span class='ocrx_word' id='word_1_287' title='bbox 1258 3195 1359 3257; x_wconf 87' lang='lat' dir='ltr'>eadem</span> <span class='ocrx_word' id='word_1_288' title='bbox 1383 3198 1453 3259; x_wconf 91' lang='lat' dir='ltr'>suh·</span> 
     </span>
     <span class='ocr_line' id='line_1_30' title="bbox 156 3286 1453 3378; baseline 0.002 -20"><span class='ocrx_word' id='word_1_289' title='bbox 156 3298 282 3358; x_wconf 90' lang='lat' dir='ltr'>inactiva</span> <span class='ocrx_word' id='word_1_290' title='bbox 301 3314 320 3374; x_wconf 92' lang='lat' dir='ltr'>p</span> <span class='ocrx_word' id='word_1_291' title='bbox 343 3313 359 3353; x_wconf 92' lang='lat' dir='ltr'>c</span> <span class='ocrx_word' id='word_1_292' title='bbox 381 3314 395 3353; x_wconf 92' lang='lat' dir='ltr'>s</span> <span class='ocrx_word' id='word_1_293' title='bbox 416 3286 658 3370; x_wconf 88' lang='lat' dir='ltr'>consonantium,</span> <span class='ocrx_word' id='word_1_294' title='bbox 681 3307 714 3359; x_wconf 91' lang='lat' dir='ltr'>ut</span> <span class='ocrx_word' id='word_1_295' title='bbox 737 3294 876 3376; x_wconf 87' lang='lat' dir='ltr'>Ctesipho</span> <span class='ocrx_word' id='word_1_296' title='bbox 894 3292 1012 3354; x_wconf 91' lang='lat' dir='ltr'>Sticlurs</span> <span class='ocrx_word' id='word_1_297' title='bbox 1035 3293 1134 3354; x_wconf 88' lang='lat' dir='ltr'>trabea</span> <span class='ocrx_word' id='word_1_298' title='bbox 1151 3295 1261 3356; x_wconf 81' lang='lat' dir='ltr'>Aetna:</span> <span class='ocrx_word' id='word_1_299' title='bbox 1284 3306 1353 3358; x_wconf 91' lang='lat' dir='ltr'>uota</span> <span class='ocrx_word' id='word_1_300' title='bbox 1367 3318 1453 3378; x_wconf 89' lang='lat' dir='ltr'>prae-</span> 
     </span>
     <span class='ocr_line' id='line_1_31' title="bbox 117 3394 1452 3477; baseline 0 -19"><span class='ocrx_word' id='word_1_301' title='bbox 117 3396 298 3469; x_wconf 79' lang='lat' dir='ltr'>annotinis,</span> <span class='ocrx_word' id='word_1_302' title='bbox 334 3413 400 3454; x_wconf 91' lang='lat' dir='ltr'>cum</span> <span class='ocrx_word' id='word_1_303' title='bbox 431 3394 493 3455; x_wconf 89' lang='lat' dir='ltr'>sola</span> <span class='ocrx_word' id='word_1_304' title='bbox 518 3396 615 3456; x_wconf 88' lang='lat' dir='ltr'>Titum</span> <span class='ocrx_word' id='word_1_305' title='bbox 642 3399 795 3477; x_wconf 81' lang='lat' dir='ltr'>siguificat.</span> <span class='ocrx_word' id='word_1_306' title='bbox 840 3404 852 3455; x_wconf 91' lang='lat' dir='ltr'>t</span> <span class='ocrx_word' id='word_1_307' title='bbox 879 3394 973 3455; x_wconf 92' lang='lat' dir='ltr'>littera</span> <span class='ocrx_word' id='word_1_308' title='bbox 1000 3401 1059 3455; x_wconf 91' lang='lat' dir='ltr'>tam</span> <span class='ocrx_word' id='word_1_309' title='bbox 1090 3396 1281 3475; x_wconf 88' lang='lat' dir='ltr'>praeponitur</span> <span class='ocrx_word' id='word_1_310' title='bbox 1303 3397 1452 3458; x_wconf 89' lang='lat' dir='ltr'>vocalibus</span> 
     </span>
     <span class='ocr_line' id='line_1_32' title="bbox 154 3494 1449 3577; baseline 0.001 -21"><span class='ocrx_word' id='word_1_311' title='bbox 154 3514 242 3574; x_wconf 89' lang='lat' dir='ltr'>quam</span> <span class='ocrx_word' id='word_1_312' title='bbox 264 3494 465 3572; x_wconf 82' lang='lat' dir='ltr'>subiungitur,</span> <span class='ocrx_word' id='word_1_313' title='bbox 497 3505 528 3557; x_wconf 90' lang='lat' dir='ltr'>ut</span> <span class='ocrx_word' id='word_1_314' title='bbox 551 3498 615 3558; x_wconf 89' lang='lat' dir='ltr'>tulit</span> <span class='ocrx_word' id='word_1_315' title='bbox 637 3499 747 3575; x_wconf 90' lang='lat' dir='ltr'>attulit;</span> <span class='ocrx_word' id='word_1_316' title='bbox 772 3497 962 3577; x_wconf 91' lang='lat' dir='ltr'>praeponitur</span> <span class='ocrx_word' id='word_1_317' title='bbox 983 3505 1012 3557; x_wconf 94' lang='lat' dir='ltr'>et</span> <span class='ocrx_word' id='word_1_318' title='bbox 1034 3497 1279 3572; x_wconf 88' lang='lat' dir='ltr'>consonantibus,</span> <span class='ocrx_word' id='word_1_319' title='bbox 1307 3507 1339 3558; x_wconf 92' lang='lat' dir='ltr'>ut</span> <span class='ocrx_word' id='word_1_320' title='bbox 1359 3497 1449 3559; x_wconf 87' lang='lat' dir='ltr'>trabe.</span> 
     </span>
     <span class='ocr_line' id='line_1_33' title="bbox 153 3593 1449 3677; baseline 0.002 -22"><span class='ocrx_word' id='word_1_321' title='bbox 153 3616 171 3655; x_wconf 95' lang='lat' dir='ltr'>u</span> <span class='ocrx_word' id='word_1_322' title='bbox 194 3594 303 3656; x_wconf 86' lang='lat' dir='ltr'>vocalis</span> <span class='ocrx_word' id='word_1_323' title='bbox 326 3593 459 3673; x_wconf 81' lang='grc' dir='ltr'><strong><em>δίχρονος</em></strong></span> <span class='ocrx_word' id='word_1_324' title='bbox 482 3599 592 3672; x_wconf 89' lang='lat' dir='ltr'>media,</span> <span class='ocrx_word' id='word_1_325' title='bbox 629 3618 704 3677; x_wconf 89' lang='lat' dir='ltr'>quae</span> <span class='ocrx_word' id='word_1_326' title='bbox 732 3598 877 3677; x_wconf 76' lang='lat' dir='ltr'>geminata</span> <span class='ocrx_word' id='word_1_327' title='bbox 905 3598 1071 3675; x_wconf 83' lang='lat' dir='ltr'>digammon</span> <span class='ocrx_word' id='word_1_328' title='bbox 1100 3596 1207 3677; x_wconf 88' lang='lat' dir='ltr'>accipit</span> <span class='ocrx_word' id='word_1_329' title='bbox 1233 3607 1263 3657; x_wconf 91' lang='lat' dir='ltr'>et</span> <span class='ocrx_word' id='word_1_330' title='bbox 1282 3598 1449 3677; x_wconf 89' lang='lat' dir='ltr'>praeposita</span> 
     </span>
     <span class='ocr_line' id='line_1_34' title="bbox 152 3680 1449 3778; baseline -0.002 -20"><span class='ocrx_word' id='word_1_331' title='bbox 152 3698 208 3758; x_wconf 91' lang='lat' dir='ltr'>sibi</span> <span class='ocrx_word' id='word_1_332' title='bbox 230 3705 279 3757; x_wconf 92' lang='lat' dir='ltr'>aut</span> <span class='ocrx_word' id='word_1_333' title='bbox 297 3698 379 3758; x_wconf 86' lang='lat' dir='ltr'>alteri</span> <span class='ocrx_word' id='word_1_334' title='bbox 399 3680 491 3759; x_wconf 61' lang='lat' dir='ltr'>vo&#39;eali</span> <span class='ocrx_word' id='word_1_335' title='bbox 513 3700 619 3761; x_wconf 92' lang='lat' dir='ltr'>transit</span> <span class='ocrx_word' id='word_1_336' title='bbox 639 3699 669 3760; x_wconf 95' lang='lat' dir='ltr'>in</span> <span class='ocrx_word' id='word_1_337' title='bbox 692 3698 916 3760; x_wconf 89' lang='lat' dir='ltr'>consonantium</span> <span class='ocrx_word' id='word_1_338' title='bbox 943 3704 1132 3778; x_wconf 90' lang='lat' dir='ltr'>potestatem,</span> <span class='ocrx_word' id='word_1_339' title='bbox 1165 3706 1197 3757; x_wconf 92' lang='lat' dir='ltr'>nt</span> <span class='ocrx_word' id='word_1_340' title='bbox 1224 3696 1326 3773; x_wconf 82' lang='lat' dir='ltr'>vulgus</span> <span class='ocrx_word' id='word_1_341' title='bbox 1348 3697 1449 3756; x_wconf 85' lang='lat' dir='ltr'>valens</span> 
     </span>
     <span class='ocr_line' id='line_1_35' title="bbox 151 3795 1448 3877; baseline -0.001 -20"><span class='ocrx_word' id='word_1_342' title='bbox 151 3799 207 3858; x_wconf 85' lang='lat' dir='ltr'>vivi</span> <span class='ocrx_word' id='word_1_343' title='bbox 227 3797 309 3858; x_wconf 83' lang='lat' dir='ltr'>velox</span> <span class='ocrx_word' id='word_1_344' title='bbox 329 3818 399 3859; x_wconf 83' lang='lat' dir='ltr'>vox:</span> <span class='ocrx_word' id='word_1_345' title='bbox 421 3808 491 3860; x_wconf 90' lang='lat' dir='ltr'>nota</span> <span class='ocrx_word' id='word_1_346' title='bbox 510 3801 624 3862; x_wconf 88' lang='lat' dir='ltr'>numeri</span> <span class='ocrx_word' id='word_1_347' title='bbox 648 3800 778 3877; x_wconf 89' lang='lat' dir='ltr'>quinquo</span> <span class='ocrx_word' id='word_1_348' title='bbox 800 3799 977 3876; x_wconf 74' lang='lat' dir='ltr'>significans.</span> <span class='ocrx_word' id='word_1_349' title='bbox 1023 3799 1153 3859; x_wconf 66' lang='lat' dir='ltr'>:littera</span> <span class='ocrx_word' id='word_1_350' title='bbox 1176 3795 1338 3877; x_wconf 85' lang='lat' dir='ltr'>conposita,</span> <span class='ocrx_word' id='word_1_351' title='bbox 1361 3814 1448 3874; x_wconf 85' lang='lat' dir='ltr'>quam</span> 
     </span>
     <span class='ocr_line' id='line_1_36' title="bbox 114 3896 1448 3979; baseline -0.002 -20"><span class='ocrx_word' id='word_1_352' title='bbox 114 3922 137 3959; x_wconf 68' lang='lat' dir='ltr'>a,</span> <span class='ocrx_word' id='word_1_353' title='bbox 152 3900 219 3959; x_wconf 90' lang='lat' dir='ltr'>ideo</span> <span class='ocrx_word' id='word_1_354' title='bbox 240 3898 386 3978; x_wconf 91' lang='lat' dir='ltr'>duplicem</span> <span class='ocrx_word' id='word_1_355' title='bbox 408 3900 548 3975; x_wconf 87' lang='lat' dir='ltr'>dicimus,</span> <span class='ocrx_word' id='word_1_356' title='bbox 569 3900 706 3979; x_wconf 78' lang='lat' dir='ltr'>tpuouiam</span> <span class='ocrx_word' id='word_1_357' title='bbox 729 3906 844 3960; x_wconf 89' lang='lat' dir='ltr'>constat</span> <span class='ocrx_word' id='word_1_358' title='bbox 866 3917 900 3958; x_wconf 82' lang='lat' dir='ltr'>ex</span> <span class='ocrx_word' id='word_1_359' title='bbox 922 3918 938 3959; x_wconf 84' lang='lat' dir='ltr'>a</span> <span class='ocrx_word' id='word_1_360' title='bbox 958 3906 987 3958; x_wconf 91' lang='lat' dir='ltr'>et</span> <span class='ocrx_word' id='word_1_361' title='bbox 1009 3918 1024 3959; x_wconf 91' lang='lat' dir='ltr'>s</span> <span class='ocrx_word' id='word_1_362' title='bbox 1045 3899 1149 3959; x_wconf 87' lang='lat' dir='ltr'>litteris</span> <span class='ocrx_word' id='word_1_363' title='bbox 1168 3898 1198 3957; x_wconf 92' lang='lat' dir='ltr'>iu</span> <span class='ocrx_word' id='word_1_364' title='bbox 1220 3896 1317 3957; x_wconf 88' lang='lat' dir='ltr'>media</span> <span class='ocrx_word' id='word_1_365' title='bbox 1335 3904 1448 3958; x_wconf 91' lang='lat' dir='ltr'>tantum</span> 
     </span>
    </p>
   </div>
   <div class='ocr_carea' id='block_1_4' title="bbox 149 4069 1448 4822">
    <p class='ocr_par' dir='ltr' id='par_1_4' title="bbox 149 4069 1448 4822">
     <span class='ocr_line' id='line_1_37' title="bbox 223 4069 1447 4138; baseline -0.002 -18"><span class='ocrx_word' id='word_1_366' title='bbox 223 4072 239 4119; x_wconf 83' lang='lat'><strong>2</strong></span> <span class='ocrx_word' id='word_1_367' title='bbox 258 4072 419 4137; x_wconf 83' lang='lat' dir='ltr'>subiungitur</span> <span class='ocrx_word' id='word_1_368' title='bbox 437 4080 488 4121; x_wconf 87' lang='lat' dir='ltr'>tam</span> <span class='ocrx_word' id='word_1_369' title='bbox 507 4089 582 4136; x_wconf 70' lang='lat' dir='ltr'>(poam</span> <span class='ocrx_word' id='word_1_370' title='bbox 600 4074 680 4131; x_wconf 87' lang='lat' dir='ltr'>alma,</span> <span class='ocrx_word' id='word_1_371' title='bbox 699 4089 764 4138; x_wconf 82' lang='lat' dir='ltr'>qnae</span> <span class='ocrx_word' id='word_1_372' title='bbox 778 4072 827 4123; x_wconf 81' lang='lat' dir='ltr'>boc</span> <span class='ocrx_word' id='word_1_373' title='bbox 842 4077 899 4124; x_wconf 81' lang='lat' dir='ltr'>loeo</span> <span class='ocrx_word' id='word_1_374' title='bbox 913 4075 1006 4123; x_wconf 74' lang='lat' dir='ltr'>amara</span> <span class='ocrx_word' id='word_1_375' title='bbox 1019 4072 1112 4137; x_wconf 83' lang='lat' dir='ltr'>povtd</span> <span class='ocrx_word' id='word_1_376' title='bbox 1129 4071 1231 4136; x_wconf 87' lang='lat' dir='ltr'>ponitur</span> <span class='ocrx_word' id='word_1_377' title='bbox 1247 4069 1338 4133; x_wconf 67' lang='lat' dir='ltr'>bodera</span> <span class='ocrx_word' id='word_1_378' title='bbox 1353 4069 1447 4128; x_wconf 85' lang='lat' dir='ltr'>ABM,</span> 
     </span>
     <span class='ocr_line' id='line_1_38' title="bbox 150 4138 1448 4206; baseline -0.004 -16"><span class='ocrx_word' id='word_1_379' title='bbox 150 4142 199 4190; x_wconf 80' lang='lat' dir='ltr'>due</span> <span class='ocrx_word' id='word_1_380' title='bbox 216 4143 374 4204; x_wconf 79' lang='lat' dir='ltr'>transposuit</span> <span class='ocrx_word' id='word_1_381' title='bbox 390 4141 532 4193; x_wconf 76' lang='lat' dir='ltr'>Bacchias:</span> <span class='ocrx_word' id='word_1_382' title='bbox 565 4143 726 4206; x_wconf 81' lang='lat' dir='ltr'>subiungitur</span> <span class='ocrx_word' id='word_1_383' title='bbox 744 4142 818 4202; x_wconf 90' lang='lat' dir='ltr'>item,</span> <span class='ocrx_word' id='word_1_384' title='bbox 845 4150 872 4191; x_wconf 90' lang='lat' dir='ltr'>ut</span> <span class='ocrx_word' id='word_1_385' title='bbox 895 4141 969 4190; x_wconf 89' lang='lat' dir='ltr'>tellus</span> <span class='ocrx_word' id='word_1_386' title='bbox 991 4139 1049 4190; x_wconf 91' lang='lat' dir='ltr'>tolle</span> <span class='ocrx_word' id='word_1_387' title='bbox 1071 4141 1201 4190; x_wconf 66' lang='lat' dir='ltr'>Gltartsr&#39;ua</span> <span class='ocrx_word' id='word_1_388' title='bbox 1287 4138 1304 4187; x_wconf 80' lang='grc'>4</span> <span class='ocrx_word' id='word_1_389' title='bbox 1327 4138 1448 4187; x_wconf 89' lang='lat' dir='ltr'>clusium·</span> 
     </span>
     <span class='ocr_line' id='line_1_39' title="bbox 152 4205 1447 4274; baseline 0 -20"><span class='ocrx_word' id='word_1_390' title='bbox 152 4224 201 4271; x_wconf 80' lang='lat' dir='ltr'>qne</span> <span class='ocrx_word' id='word_1_391' title='bbox 221 4222 238 4264; x_wconf 86' lang='grc' dir='ltr'><strong><em>ς</em></strong></span> <span class='ocrx_word' id='word_1_392' title='bbox 257 4209 406 4274; x_wconf 86' lang='lat' dir='ltr'>elisiumque</span> <span class='ocrx_word' id='word_1_393' title='bbox 423 4210 507 4260; x_wconf 80' lang='grc' dir='ltr'>ΑΒΜ</span> <span class='ocrx_word' id='word_1_394' title='bbox 588 4211 723 4274; x_wconf 84' lang='lat' dir='ltr'>bponitur</span> <span class='ocrx_word' id='word_1_395' title='bbox 741 4223 799 4258; x_wconf 91' lang='lat' dir='ltr'>uam</span> <span class='ocrx_word' id='word_1_396' title='bbox 816 4209 978 4274; x_wconf 81' lang='lat' dir='ltr'>subiungitur</span> <span class='ocrx_word' id='word_1_397' title='bbox 997 4218 1123 4271; x_wconf 87' lang='lat' dir='ltr'>tamquam</span> <span class='ocrx_word' id='word_1_398' title='bbox 1142 4210 1209 4257; x_wconf 85' lang='lat' dir='ltr'>alma</span> <span class='ocrx_word' id='word_1_399' title='bbox 1227 4223 1251 4257; x_wconf 90' lang='lat' dir='ltr'>m</span> <span class='ocrx_word' id='word_1_400' title='bbox 1269 4206 1355 4257; x_wconf 79' lang='grc' dir='ltr'>ΑΒΜ</span> <span class='ocrx_word' id='word_1_401' title='bbox 1431 4205 1447 4254; x_wconf 85' lang='grc'><strong>7</strong></span> 
     </span>
     <span class='ocr_line' id='line_1_40' title="bbox 151 4273 1447 4344; baseline -0.005 -17"><span class='ocrx_word' id='word_1_402' title='bbox 151 4286 237 4327; x_wconf 84' lang='lat' dir='ltr'>monet</span> <span class='ocrx_word' id='word_1_403' title='bbox 251 4278 274 4325; x_wconf 85' lang='lat' dir='ltr'><em>A</em></span> <span class='ocrx_word' id='word_1_404' title='bbox 292 4288 393 4327; x_wconf 88' lang='lat' dir='ltr'>moueat</span> <span class='ocrx_word' id='word_1_405' title='bbox 407 4278 465 4328; x_wconf 88' lang='lat' dir='ltr'>BM</span> <span class='ocrx_word' id='word_1_406' title='bbox 532 4279 681 4328; x_wconf 83' lang='lat' dir='ltr'>consonanti</span> <span class='ocrx_word' id='word_1_407' title='bbox 699 4278 810 4342; x_wconf 83' lang='lat' dir='ltr'>liquidae</span> <span class='ocrx_word' id='word_1_408' title='bbox 828 4279 991 4344; x_wconf 84' lang='lat' dir='ltr'>praeponitur</span> <span class='ocrx_word' id='word_1_409' title='bbox 1009 4277 1033 4325; x_wconf 85' lang='grc' dir='ltr'><em>Α</em></span> <span class='ocrx_word' id='word_1_410' title='bbox 1051 4278 1250 4329; x_wconf 83' lang='lat' dir='ltr'>consonantibus</span> <span class='ocrx_word' id='word_1_411' title='bbox 1268 4275 1360 4339; x_wconf 84' lang='lat' dir='ltr'>qnidae</span> <span class='ocrx_word' id='word_1_412' title='bbox 1376 4273 1447 4337; x_wconf 87' lang='lat' dir='ltr'>(qui-</span> 
     </span>
     <span class='ocr_line' id='line_1_41' title="bbox 150 4342 1447 4413; baseline -0.003 -19"><span class='ocrx_word' id='word_1_413' title='bbox 150 4348 210 4394; x_wconf 85' lang='lat' dir='ltr'>dem</span> <span class='ocrx_word' id='word_1_414' title='bbox 230 4345 276 4408; x_wconf 89' lang='lat' dir='ltr'>M)</span> <span class='ocrx_word' id='word_1_415' title='bbox 293 4347 457 4413; x_wconf 86' lang='lat' dir='ltr'>praeponitur</span> <span class='ocrx_word' id='word_1_416' title='bbox 472 4346 532 4395; x_wconf 89' lang='lat' dir='ltr'>BM</span> <span class='ocrx_word' id='word_1_417' title='bbox 606 4346 623 4396; x_wconf 85' lang='grc'>9</span> <span class='ocrx_word' id='word_1_418' title='bbox 642 4344 674 4411; x_wconf 86' lang='lat' dir='ltr'>et]</span> <span class='ocrx_word' id='word_1_419' title='bbox 696 4357 738 4396; x_wconf 91' lang='lat' dir='ltr'>net</span> <span class='ocrx_word' id='word_1_420' title='bbox 756 4346 790 4396; x_wconf 91' lang='lat' dir='ltr'><em>M</em></span> <span class='ocrx_word' id='word_1_421' title='bbox 869 4346 902 4395; x_wconf 82' lang='lat'>10</span> <span class='ocrx_word' id='word_1_422' title='bbox 917 4346 1044 4411; x_wconf 80' lang='lat' dir='ltr'>uirgulam</span> <span class='ocrx_word' id='word_1_423' title='bbox 1061 4347 1137 4395; x_wconf 88' lang='lat' dir='ltr'>alium</span> <span class='ocrx_word' id='word_1_424' title='bbox 1154 4345 1239 4395; x_wconf 84' lang='grc' dir='ltr'>ΑΒΜ</span> <span class='ocrx_word' id='word_1_425' title='bbox 1258 4343 1359 4410; x_wconf 77' lang='lat' dir='ltr'>uirgulta</span> <span class='ocrx_word' id='word_1_426' title='bbox 1378 4342 1447 4391; x_wconf 89' lang='lat' dir='ltr'>mille</span> 
     </span>
     <span class='ocr_line' id='line_1_42' title="bbox 152 4411 1445 4480; baseline -0.005 -15"><span class='ocrx_word' id='word_1_427' title='bbox 152 4418 192 4466; x_wconf 82' lang='lat' dir='ltr'>ed.</span> <span class='ocrx_word' id='word_1_428' title='bbox 211 4415 318 4466; x_wconf 67' lang='lat' dir='ltr'>Arcana.</span> <span class='ocrx_word' id='word_1_429' title='bbox 338 4433 362 4466; x_wconf 87' lang='lat' dir='ltr'>a.</span> <span class='ocrx_word' id='word_1_430' title='bbox 384 4416 450 4466; x_wconf 79' lang='grc'><strong>1516</strong></span> <span class='ocrx_word' id='word_1_431' title='bbox 469 4415 571 4480; x_wconf 83' lang='lat' dir='ltr'>uirguta</span> <span class='ocrx_word' id='word_1_432' title='bbox 587 4415 699 4465; x_wconf 86' lang='lat' dir='ltr'>Mallium</span> <span class='ocrx_word' id='word_1_433' title='bbox 717 4416 852 4466; x_wconf 70' lang='lat' dir='ltr'>Putaedr&#39;m</span> <span class='ocrx_word' id='word_1_434' title='bbox 938 4413 970 4463; x_wconf 82' lang='lat' dir='ltr'>ta</span> <span class='ocrx_word' id='word_1_435' title='bbox 988 4416 1091 4480; x_wconf 85' lang='lat' dir='ltr'>potnias</span> <span class='ocrx_word' id='word_1_436' title='bbox 1109 4415 1135 4465; x_wconf 89' lang='grc' dir='ltr'><em>Β</em></span> <span class='ocrx_word' id='word_1_437' title='bbox 1157 4414 1273 4480; x_wconf 81' lang='lat' dir='ltr'>postulas</span> <span class='ocrx_word' id='word_1_438' title='bbox 1292 4411 1326 4459; x_wconf 87' lang='grc' dir='ltr'><em>Μ</em></span> <span class='ocrx_word' id='word_1_439' title='bbox 1348 4411 1445 4476; x_wconf 84' lang='lat' dir='ltr'>pastui—</span> 
     </span>
     <span class='ocr_line' id='line_1_43' title="bbox 151 4475 1446 4550; baseline -0.004 -18"><span class='ocrx_word' id='word_1_440' title='bbox 151 4483 246 4533; x_wconf 78' lang='lat' dir='ltr'>diusA</span> <span class='ocrx_word' id='word_1_441' title='bbox 263 4485 431 4550; x_wconf 66' lang='lat' dir='ltr'>potuiadess</span> <span class='ocrx_word' id='word_1_442' title='bbox 501 4485 643 4534; x_wconf 89' lang='lat' dir='ltr'>numerium</span> <span class='ocrx_word' id='word_1_443' title='bbox 659 4485 685 4535; x_wconf 88' lang='lat' dir='ltr'><em>B</em></span> <span class='ocrx_word' id='word_1_444' title='bbox 701 4483 868 4533; x_wconf 82' lang='lat' dir='ltr'>uumerumA</span> <span class='ocrx_word' id='word_1_445' title='bbox 887 4483 984 4532; x_wconf 90' lang='lat' dir='ltr'>numeri</span> <span class='ocrx_word' id='word_1_446' title='bbox 996 4483 1098 4532; x_wconf 88' lang='lat' dir='ltr'>cumM</span> <span class='ocrx_word' id='word_1_447' title='bbox 1167 4480 1199 4533; x_wconf 91' lang='grc'>13</span> <span class='ocrx_word' id='word_1_448' title='bbox 1212 4475 1335 4542; x_wconf 83' lang='lat' dir='ltr'>Gnaeum]</span> <span class='ocrx_word' id='word_1_449' title='bbox 1350 4492 1446 4544; x_wconf 78' lang='lat' dir='ltr'>gneum</span> 
     </span>
     <span class='ocr_line' id='line_1_44' title="bbox 150 4546 1446 4617; baseline -0.006 -15"><span class='ocrx_word' id='word_1_450' title='bbox 150 4551 235 4602; x_wconf 84' lang='grc' dir='ltr'>ΑΒΜ</span> <span class='ocrx_word' id='word_1_451' title='bbox 317 4552 453 4602; x_wconf 83' lang='lat' dir='ltr'>dichrouos</span> <span class='ocrx_word' id='word_1_452' title='bbox 472 4553 496 4600; x_wconf 89' lang='lat' dir='ltr'><em>A</em></span> <span class='ocrx_word' id='word_1_453' title='bbox 513 4553 651 4603; x_wconf 88' lang='lat' dir='ltr'>dichronas</span> <span class='ocrx_word' id='word_1_454' title='bbox 666 4553 726 4602; x_wconf 90' lang='grc' dir='ltr'>ΒΜ</span> <span class='ocrx_word' id='word_1_455' title='bbox 812 4552 844 4602; x_wconf 85' lang='grc'>15</span> <span class='ocrx_word' id='word_1_456' title='bbox 862 4551 932 4617; x_wconf 88' lang='lat' dir='ltr'>pouit</span> <span class='ocrx_word' id='word_1_457' title='bbox 950 4551 1053 4616; x_wconf 86' lang='lat' dir='ltr'>deponit</span> <span class='ocrx_word' id='word_1_458' title='bbox 1072 4552 1203 4603; x_wconf 76' lang='lat' dir='ltr'>Charisius</span> <span class='ocrx_word' id='word_1_459' title='bbox 1221 4549 1324 4615; x_wconf 88' lang='lat' dir='ltr'>ponitur</span> <span class='ocrx_word' id='word_1_460' title='bbox 1340 4546 1446 4612; x_wconf 83' lang='lat' dir='ltr'>deponit</span> 
     </span>
     <span class='ocr_line' id='line_1_45' title="bbox 149 4615 1378 4687; baseline -0.003 -19"><span class='ocrx_word' id='word_1_461' title='bbox 149 4620 203 4670; x_wconf 81' lang='grc' dir='ltr'>ΑΒ</span> <span class='ocrx_word' id='word_1_462' title='bbox 220 4622 323 4687; x_wconf 89' lang='lat' dir='ltr'>ponitur</span> <span class='ocrx_word' id='word_1_463' title='bbox 340 4621 477 4686; x_wconf 87' lang='lat' dir='ltr'>deponitur</span> <span class='ocrx_word' id='word_1_464' title='bbox 496 4620 528 4670; x_wconf 88' lang='grc' dir='ltr'><em>Μ</em></span> <span class='ocrx_word' id='word_1_465' title='bbox 610 4622 641 4670; x_wconf 81' lang='lat' dir='ltr'>at</span> <span class='ocrx_word' id='word_1_466' title='bbox 662 4636 709 4670; x_wconf 89' lang='lat' dir='ltr'>nee</span> <span class='ocrx_word' id='word_1_467' title='bbox 725 4622 810 4670; x_wconf 87' lang='lat' dir='ltr'>minus</span> <span class='ocrx_word' id='word_1_468' title='bbox 830 4633 848 4675; x_wconf 84' lang='grc' dir='ltr'>ς</span> <span class='ocrx_word' id='word_1_469' title='bbox 866 4635 898 4668; x_wconf 88' lang='lat' dir='ltr'>ue</span> <span class='ocrx_word' id='word_1_470' title='bbox 916 4620 1000 4668; x_wconf 89' lang='lat' dir='ltr'>minus</span> <span class='ocrx_word' id='word_1_471' title='bbox 1015 4619 1101 4670; x_wconf 83' lang='grc' dir='ltr'>ΑΒΜ</span> <span class='ocrx_word' id='word_1_472' title='bbox 1186 4618 1221 4670; x_wconf 77' lang='grc'>29</span> <span class='ocrx_word' id='word_1_473' title='bbox 1238 4618 1333 4681; x_wconf 89' lang='lat' dir='ltr'>ctesipo</span> <span class='ocrx_word' id='word_1_474' title='bbox 1351 4615 1378 4664; x_wconf 90' lang='lat' dir='ltr'><em>B</em></span> 
     </span>
     <span class='ocr_line' id='line_1_46' title="bbox 149 4683 1446 4752; baseline -0.005 -14"><span class='ocrx_word' id='word_1_475' title='bbox 149 4688 246 4739; x_wconf 86' lang='lat' dir='ltr'>stichos</span> <span class='ocrx_word' id='word_1_476' title='bbox 264 4688 323 4739; x_wconf 90' lang='grc' dir='ltr'>ΒΜ</span> <span class='ocrx_word' id='word_1_477' title='bbox 408 4688 438 4739; x_wconf 91' lang='grc'>31</span> <span class='ocrx_word' id='word_1_478' title='bbox 458 4698 485 4738; x_wconf 91' lang='lat' dir='ltr'>ut</span> <span class='ocrx_word' id='word_1_479' title='bbox 503 4690 588 4739; x_wconf 86' lang='lat' dir='ltr'>trabea</span> <span class='ocrx_word' id='word_1_480' title='bbox 603 4689 743 4740; x_wconf 72' lang='lat' dir='ltr'>Bacchiae:</span> <span class='ocrx_word' id='word_1_481' title='bbox 768 4688 884 4752; x_wconf 70' lang='lat' dir='ltr'>smtasre</span> <span class='ocrx_word' id='word_1_482' title='bbox 902 4695 928 4736; x_wconf 87' lang='lat' dir='ltr'>ut</span> <span class='ocrx_word' id='word_1_483' title='bbox 946 4689 972 4736; x_wconf 90' lang='lat' dir='ltr'>in</span> <span class='ocrx_word' id='word_1_484' title='bbox 990 4688 1061 4736; x_wconf 85' lang='lat' dir='ltr'>trabe</span> <span class='ocrx_word' id='word_1_485' title='bbox 1147 4686 1181 4738; x_wconf 75' lang='lat'>32</span> <span class='ocrx_word' id='word_1_486' title='bbox 1200 4684 1337 4737; x_wconf 80' lang='lat' dir='ltr'>dichronas</span> <span class='ocrx_word' id='word_1_487' title='bbox 1354 4683 1380 4735; x_wconf 85' lang='grc' dir='ltr'><em>Α</em></span> <span class='ocrx_word' id='word_1_488' title='bbox 1406 4685 1446 4736; x_wconf 88' lang='lat' dir='ltr'>di·</span> 
     </span>
     <span class='ocr_line' id='line_1_47' title="bbox 149 4752 1296 4822; baseline 0 -18"><span class='ocrx_word' id='word_1_489' title='bbox 149 4755 261 4806; x_wconf 86' lang='lat' dir='ltr'>elrronus</span> <span class='ocrx_word' id='word_1_490' title='bbox 283 4758 340 4806; x_wconf 87' lang='grc' dir='ltr'>ΒΜ</span> <span class='ocrx_word' id='word_1_491' title='bbox 408 4759 503 4822; x_wconf 82' lang='lat' dir='ltr'>accepit</span> <span class='ocrx_word' id='word_1_492' title='bbox 519 4757 577 4806; x_wconf 87' lang='grc' dir='ltr'>ΑΜ</span> <span class='ocrx_word' id='word_1_493' title='bbox 647 4755 678 4822; x_wconf 80' lang='lat' dir='ltr'>etl</span> <span class='ocrx_word' id='word_1_494' title='bbox 701 4766 745 4807; x_wconf 88' lang='lat' dir='ltr'>aut</span> <span class='ocrx_word' id='word_1_495' title='bbox 761 4754 794 4805; x_wconf 77' lang='grc' dir='ltr'><em>Μ</em></span> <span class='ocrx_word' id='word_1_496' title='bbox 861 4754 895 4806; x_wconf 89' lang='grc'>33</span> <span class='ocrx_word' id='word_1_497' title='bbox 914 4754 987 4804; x_wconf 85' lang='lat' dir='ltr'>alteri</span> <span class='ocrx_word' id='word_1_498' title='bbox 1002 4754 1030 4806; x_wconf 86' lang='lat' dir='ltr'><em>B</em></span> <span class='ocrx_word' id='word_1_499' title='bbox 1046 4757 1126 4821; x_wconf 69' lang='lat' dir='ltr'>altere</span> <span class='ocrx_word' id='word_1_500' title='bbox 1142 4754 1168 4804; x_wconf 79' lang='lat' dir='ltr'><em>A</em></span> <span class='ocrx_word' id='word_1_501' title='bbox 1185 4756 1248 4805; x_wconf 82' lang='lat' dir='ltr'>alter</span> <span class='ocrx_word' id='word_1_502' title='bbox 1265 4752 1296 4803; x_wconf 89' lang='lat' dir='ltr'><em>M</em></span> 
     </span>
    </p>
   </div>
   <div class='ocr_carea' id='block_1_5' title="bbox 203 4834 1237 4902">
    <p class='ocr_par' dir='ltr' id='par_1_5' title="bbox 203 4834 1237 4902">
     <span class='ocr_line' id='line_1_48' title="bbox 203 4834 1237 4902; baseline -0.005 -1"><span class='ocrx_word' id='word_1_503' title='bbox 203 4860 409 4901; x_wconf 77' lang='lat' dir='ltr'>aaauuarrot</span> <span class='ocrx_word' id='word_1_504' title='bbox 431 4861 542 4902; x_wconf 73' lang='lat' dir='ltr'>narrar</span> <span class='ocrx_word' id='word_1_505' title='bbox 565 4861 587 4902; x_wconf 91' lang='lat' dir='ltr'>r.</span> <span class='ocrx_word' id='word_1_506' title='bbox 1196 4834 1237 4897; x_wconf 76' lang='lat'>28</span> 
     </span>
    </p>
   </div>
   <div class='ocr_carea' id='block_1_6' title="bbox 0 0 1562 5356">
    <p class='ocr_par' dir='ltr' id='par_1_6' title="bbox 0 0 1562 5356">
     <span class='ocr_line' id='line_1_49' title="bbox 0 0 1562 5356; baseline 0 5"><span class='ocrx_word' id='word_1_507' title='bbox 0 0 1562 5356; x_wconf 95' lang='lat' dir='ltr'> </span> 
     </span>
    </p>
   </div>
  </div>
 </body>
</html>
