3114 5356
618 318 751 382 lNSTlT.
774 320 884 384 entre
907 321 978 384 llll.
1001 322 1015 385 l
1404 328 1463 389 149

173 435 405 572 baebblzcbides
426 528 444 570 o
464 507 633 589 Daphnides
656 517 686 569 et
708 529 725 570 o
747 488 916 572 Bacchides.
961 528 1029 574 nam
1053 515 1237 576 aecusativus
1254 440 1462 597 hosi-[pppffi

178 611 227 674 das
245 619 274 673 et
293 611 348 673 bas
367 611 529 674 bacchides
550 612 627 673 lacit.
673 612 724 672 sed
746 613 819 673 baec
840 613 870 673 in
897 612 1015 676 Graecis
1038 623 1149 676 tantum
1170 616 1338 680 nominibus
1358 618 1463 682 obser-

179 712 234 774 vari
251 731 373 794 neeesse
394 721 448 775 est
492 713 522 775 in
541 713 664 775 neutrali
687 733 755 775 vem
777 733 884 793 genere
906 715 1020 778 ablativi
1044 718 1200 798 singidan's
1227 719 1359 782 nltimam
1378 739 1395 781 e
1413 721 1462 783 lit·

182 822 264 878 teram
282 817 312 878 in
334 837 351 879 a
372 817 497 879 litteram
524 824 605 878 verte
630 825 660 877 et
684 817 734 878 fiet
763 818 958 880 nominativus
984 821 1169 882 accusativus
1190 821 1339 883 vocativus
1361 821 1460 903 plura·

163 916 228 991 elis,
244 926 275 980 ut
293 917 330 980 ab
350 918 409 982 boc
430 938 481 980 ore
501 920 576 982 baec
597 938 647 981 ora
668 928 698 982 et
718 939 736 979 o
757 939 818 981 ora.
862 920 1027 1000 genetivum
1047 929 1149 983 autern
1167 923 1310 1004 plmalem
1328 925 1358 986 in
1379 925 1461 987 omni

185 1037 278 1098 gessere
303 1019 446 1084 ablativus
473 1022 628 1102 singularis
658 1031 832 1104 correptae
857 1022 951 1084 littera
979 1024 1079 1086 linitus
1107 1025 1171 1105 pari
1192 1025 1280 1088 modo
1301 1025 1404 1103 laciet,
1430 1026 1462 1087 ei

186 1129 233 1182 oet
252 1131 363 1185 renota
391 1143 409 1184 e
434 1123 530 1185 littera
558 1133 607 1185 aut
628 1125 658 1186 in
678 1126 687 1186 i
711 1144 852 1187 conversa
875 1123 1017 1187 adieceris
1039 1146 1087 1187 um
1109 1127 1264 1206 syllabam,
1292 1138 1325 1191 ut
1344 1128 1381 1189 ab
1401 1128 1460 1190 boc

186 1233 211 1283 et
227 1224 258 1284 ab
277 1225 330 1287 bac
352 1244 482 1307 paupere
501 1226 606 1287 borum
629 1236 658 1286 et
678 1227 782 1288 harum
807 1245 985 1307 paupenrm,
1007 1227 1044 1288 ab
1066 1228 1122 1290 boc
1143 1240 1173 1290 et
1194 1229 1231 1290 ab
1255 1230 1311 1291 hac
1327 1231 1387 1292 dite
1405 1230 1460 1290 bo-

186 1345 240 1388 rum
255 1336 282 1389 et
302 1327 407 1390 barum
428 1327 540 1390 ditium.
585 1347 619 1389 er
646 1328 701 1389 bac
723 1328 823 1389 eadem
847 1328 945 1408 specie
966 1328 1081 1391 ablativi
1104 1331 1276 1410 singularis,
1297 1330 1322 1393 si
1344 1351 1361 1392 e
1382 1331 1459 1393 litte·

159 1448 237 1492 reram
261 1431 287 1493 in
314 1433 323 1493 i
349 1441 446 1494 vertas
476 1438 505 1492 et
534 1429 642 1492 adicias
664 1430 721 1491 bus
748 1429 903 1509 syllabam,
932 1432 995 1511 pari
1016 1433 1103 1495 modo
1130 1434 1160 1495 in
1180 1434 1260 1496 omni
1280 1451 1389 1513 genere
1409 1434 1460 1495 liet

186 1532 280 1596 dativus
299 1544 329 1597 et
348 1533 492 1596 ablativus
512 1532 648 1612 pluralis,
670 1539 701 1592 ut
723 1531 759 1592 ab
781 1533 838 1594 boc
859 1533 975 1615 hospite
997 1544 1027 1596 et
1046 1536 1083 1597 ab
1103 1536 1159 1599 bac
1179 1546 1272 1600 matre
1293 1545 1324 1598 et
1343 1535 1380 1598 ab
1401 1536 1460 1598 boc

185 1654 238 1709 ore,
256 1637 300 1698 bis
321 1645 350 1698 et
371 1636 409 1696 ab
430 1635 477 1696 bis
499 1635 665 1714 hospitibus
687 1635 828 1698 matribus
851 1636 961 1697 oribus.

252 1739 373 1802 Nomina
396 1758 470 1818 quae
490 1738 614 1798 ablativo
638 1756 708 1798 casu
730 1756 853 1799 numero
876 1737 1014 1816 singrdari
1036 1740 1045 1799 1
1071 1740 1167 1804 littera
1188 1742 1330 1805 liniuntur
1350 1761 1458 1822 genere

183 1842 326 1904 masculino
357 1850 387 1903 et
413 1841 552 1901 feminino
585 1840 699 1901 sublata
727 1838 736 1898 i
766 1839 865 1902 ultima
890 1849 920 1901 et
947 1841 1080 1921 adposita
1112 1864 1145 1905 es
1179 1844 1287 1925 syllaba
1314 1844 1458 1925 producta

155 1941 276 2004 elaciunt
299 1943 509 2006 nominativum
537 1951 576 2003 et·
595 1942 754 2004 vocativum
780 1942 938 2022 pluralem,
967 1951 1000 2003 ut
1020 1943 1057 2004 ab
1076 1946 1133 2007 boc
1154 1957 1184 2007 et
1207 1946 1314 2007 abbae
1335 1946 1402 2024 agili
1426 1946 1458 2006 bi

179 2045 269 2106 etbae
289 2045 380 2125 agiles
402 2054 432 2105 et
452 2064 470 2104 o
495 2043 595 2122 agiles.
638 2063 706 2105 nam
728 2046 910 2106 accusatims
930 2045 1008 2106 iuxta
1028 2047 1158 2125 regulam
1178 2055 1315 2109 manente
1334 2045 1343 2105 i
1360 2046 1455 2108 littera

176 2145 252 2207 debet
276 2149 437 2220 enuntiari,
465 2149 520 2208 bos
549 2155 579 2207 et
606 2147 659 2208 bas
680 2145 779 2224 agilis,
808 2154 838 2208 ut
864 2154 909 2208 est
929 2147 1064 2207 ‘omnis
1086 2148 1291 2224 bomines'3
1313 2149 1366 2210 sed
1388 2167 1455 2210 eum
1521 2144 1525 2149 ’

173 2247 204 2308 ad
222 2249 391 2311 nominativi
412 2257 441 2309 et
463 2250 583 2310 vocativi
604 2250 728 2310 formam
750 2248 932 2311 consuetudo
953 2247 1124 2308 transduxit
1163 2250 1193 2310 in
1212 2249 1344 2312 neutrali
1357 2257 1454 2312 autem

169 2356 270 2430 genem
291 2353 329 2413 ad
348 2350 524 2430 singularem
546 2349 701 2413 ablativum
722 2350 833 2413 adiecta
855 2369 873 2411 a
891 2351 986 2412 littera
1008 2350 1059 2409 liet
1078 2350 1289 2428 nominativus,
1311 2353 1455 2415 accusati·

136 2475 218 2523 ntus
243 2463 273 2516 et
292 2454 441 2516 vocativus
464 2451 602 2534 pluralis,
630 2462 661 2514 ut
687 2454 724 2514 ab
745 2454 802 2514 hoe
821 2452 889 2532 agili
915 2453 988 2513 baec
1011 2453 1095 2533 agilia
1117 2463 1147 2514 et
1168 2477 1186 2516 o
1208 2455 1302 2533 agilia.
1344 2453 1456 2534 geneti-
1538 2531 1543 2542 .

166 2576 230 2619 vum
258 2577 328 2619 vero
349 2554 492 2637 pluralem
519 2555 649 2615 inomni
672 2574 778 2634 genere
794 2557 858 2636 pari
882 2554 970 2616 modo
992 2555 1098 2630 iacies,
1120 2557 1144 2617 si
1167 2555 1276 2618 adicias
1298 2574 1347 2616 um
1370 2553 1454 2634 sylla·

164 2660 230 2722 bam
251 2659 376 2721 ablativo
399 2657 556 2736 singidari,
576 2667 608 2719 ut
625 2659 660 2719 ab
683 2659 739 2719 boc
759 2666 789 2720 et
809 2658 845 2719 ab
866 2658 923 2719 bac
940 2656 1008 2737 agili
1030 2658 1134 2720 borum
1150 2666 1179 2720 et
1200 2660 1303 2720 barum
1325 2655 1452 2735 agilium.

162 2761 230 2823 item
259 2761 291 2822 in
318 2761 399 2822 omni
428 2778 534 2839 genere
560 2758 687 2821 dativum
714 2769 743 2820 et
768 2759 924 2823 ablativum
953 2759 1097 2842 pluralem
1124 2762 1229 2837 iacies,
1265 2762 1290 2823 si
1314 2757 1453 2837 singulari

160 2864 286 2925 ablativo
315 2863 424 2926 adicias
451 2861 508 2924 bus
537 2861 690 2942 syllabam,
717 2871 749 2925 ut
775 2861 812 2923 ab
841 2862 898 2923 boc
920 2869 950 2923 et
970 2862 1007 2923 ab
1026 2858 1041 2946 ss
1062 2865 1119 2926 bac
1138 2863 1205 2943 agili
1233 2865 1280 2926 bis
1302 2871 1332 2926 et
1353 2860 1389 2923 ab
1407 2859 1454 2922 bis

124 2966 297 3047 zagilibus.
379 3057 383 3062 λ
1325 2974 1337 2994 ·

244 3067 369 3128 Nomina
390 3083 466 3144 quae
487 3085 609 3129 numero
631 3067 770 3146 singulari
792 3085 862 3127 casu
885 3066 1010 3128 ablativo
1030 3088 1048 3129 ο
1070 3067 1166 3129 littera
1185 3068 1326 3128 liniuntur
1346 3083 1454 3144 genere

157 3170 324 3233 masculino
353 3167 466 3230 sublata
490 3189 508 3230 o
536 3179 566 3230 et
594 3169 725 3250 adposita
753 3169 761 3229 i
785 3168 993 3229 nominativum
1014 3180 1044 3230 et
1067 3171 1230 3231 vocativum
1251 3166 1391 3248 pluralem
1412 3167 1456 3226 la·

158 3276 254 3348 cient,
283 3281 316 3332 ut
340 3271 377 3332 ab
406 3271 464 3333 boc
485 3272 596 3333 Scauro
627 3270 656 3330 bi
679 3270 781 3332 Scauri
802 3281 832 3331 et
853 3291 872 3331 o
894 3271 1006 3333 Scauri.
1051 3273 1248 3334 accusativum
1270 3278 1368 3331 autem
1389 3267 1454 3348 plu-

157 3377 251 3438 ralem
277 3375 383 3448 lacies,
411 3375 436 3435 si
464 3373 588 3435 ablativo
610 3373 749 3453 singulari
771 3373 913 3438 adieceris
931 3395 947 3436 s
965 3374 1106 3446 litteram,
1136 3380 1169 3433 ut
1194 3373 1231 3433 ab
1259 3371 1318 3433 boe
1339 3371 1452 3431 Scauro

123 3480 215 3548 :bos
244 3478 382 3539 Scauros.
422 3477 451 3537 in
478 3475 600 3538 neutrali
629 3495 698 3538 vero
723 3495 845 3556 genere,
874 3476 899 3538 si
920 3475 1045 3538 ablativo
1065 3473 1205 3554 singulari
1226 3472 1377 3535 sublatae
1399 3489 1453 3532 no·

162 3703 260 3824 l-ilg
272 3702 419 3838 §aphnides
436 3774 461 3817 et
477 3766 525 3816 has
541 3724 676 3835 baeebidgs
694 3769 755 3820 lacit
767 3768 819 3823 sb
836 3770 862 3818 in
878 3771 964 3836 grecis
982 3777 1078 3821 tantum
1096 3769 1219 3821 nominib:
1239 3764 1302 3816 obiu
1305 3798 1400 3816 .........
1409 3765 1450 3812 ee

210 3881 239 3929 ln
254 3875 362 3928 ueutnli
380 3885 441 3921 nero
458 3886 551 3936 genere
572 3870 679 3923 ablatiui
701 3874 841 3941 singularis
856 3873 972 3924 nltimam
988 3889 1003 3924 e
1024 3857 1105 3923 litt-am
1127 3874 1154 3922 in
1177 3888 1193 3922 a
1216 3854 1296 3921 titiam
1318 3875 1391 3920 uerte
1425 3872 1450 3915 et

176 3966 253 4018 odet
275 3961 380 4013 nomini
408 3957 520 4007 accusati
549 3960 633 4010 uocati
655 3960 702 4027 plu
728 3970 757 4011 ut
780 3963 813 4012 ιδ
838 3961 866 4011 b.
893 3978 937 4012 ore
962 3960 979 4010 b
1007 3976 1053 4011 ore
1077 3970 1102 4011 et
1128 3976 1143 4010 o
1172 3974 1217 4009 ora
1240 3974 1296 4024 :·g

209 4070 256 4137 plia
282 4070 312 4117 in
335 4064 405 4115 omni
428 4078 520 4130 genere
547 4063 626 4115 ablui
651 4067 729 4133 singu
746 4075 861 4134 correpta
878 4082 892 4116 e
909 4047 963 4117 titia
980 4066 1066 4116 linitus
1083 4066 1139 4133 pari
1157 4063 1233 4114 modo
1252 4061 1293 4110 lec

209 4184 237 4223 ιι
250 4189 285 4224 .e.
301 4153 358 4220 Ιίιῖι
375 4169 391 4217 i
408 4168 434 4216 in
454 4169 481 4217 .i.
499 4183 623 4220 conuersa
640 4172 765 4223 adieceris
782 4187 825 4222 nm
843 4170 910 4236 sylli
927 4178 955 4221 ut
972 4170 1004 4219 ιδ
1022 4168 1048 4220 δ.
1065 4178 1091 4219 et
1107 4170 1139 4219 ab
1157 4170 1205 4220 bae
1224 4177 1318 4233 paupe

209 4260 298 4310 διιιιιιι
316 4271 458 4324 pauperum
473 4258 505 4306 ιδ
521 4256 548 4306 δ.
571 4265 595 4307 et
618 4258 650 4307 ιδ
668 4258 716 4308 bac
741 4258 792 4308 dite
812 4259 903 4309 borum
930 4268 955 4309 et
978 4257 1067 4306 barum
1091 4256 1182 4306 ditium
1203 4270 1236 4305 ex
1252 4253 1301 4303 bae
1318 4249 1367 4300 ead

165 4363 195 4414 11)
210 4364 316 4415 ιδΙιιὶιιί
326 4361 404 4428 siagri
416 4363 439 4410 si
451 4379 484 4412 .e.
496 4345 575 4412 litlam
586 4364 611 4412 'm
621 4366 630 4413 i
640 4370 725 4413 nenas
737 4371 762 4412 et
775 4363 873 4413 adicias
882 4364 929 4413 bus
943 4360 1009 4427 splli
1021 4360 1164 4428 parimodo
1180 4361 1206 4409 in
1219 4356 1287 4406 omni
1299 4350 1436 4420 generetis

225 4509 241 4556 2
259 4502 391 4554 obseruari
408 4517 511 4552 necesse
525 4512 563 4552 est
580 4518 602 4552 ω
670 4500 844 4566 bgemtinnm
862 4502 986 4567 pluralem
1004 4519 1026 4553 m
1101 4500 1119 4551 11
1136 4499 1213 4551 faciet
1230 4500 1325 4546 metm
1342 4507 1393 4542 eto

164 4573 302 4641 bpaupere
320 4573 412 4622 borum
429 4582 453 4620 et
469 4571 558 4622 barum
575 4590 597 4622 u·
666 4571 786 4621 lleadem
804 4574 891 4637 speeie
905 4573 1010 4623 ablatini
1025 4590 1047 4622 ω

223 4789 242 4840 δ
258 4788 337 4839 tuter
355 4786 378 4833 si
396 4791 439 4832 aut
456 4792 549 4834 remota
567 4802 581 4835 e
599 4785 681 4833 littera
697 4782 830 4834 Diouedee
840 4799 870 4847 p.
886 4782 937 4833 282
1029 4780 1058 4831 17
1079 4777 1162 4829 omnio
1180 4771 1317 4843 beminen]
1343 4772 1449 4827 Sallust.

165 4856 230 4908 care.
251 4861 280 4910 l:
299 4857 336 4919 cs.
353 4853 450 4905 caune.
467 4870 495 4916 p.
515 4853 564 4905 113
