3114 5356
571 283 653 343 ΛΒΤ.
677 282 817 343 Glldbllll.
841 282 913 344 Llll.
942 282 954 342 l
1350 280 1412 343 353

1182 411 1205 452 μ.
1219 399 1321 438 aas-rr
1336 403 1373 447 o„

108 490 221 548 causa,
245 477 275 527 et
297 467 354 526 boc
375 468 435 526 fere
456 468 486 527 in
508 466 564 526 alio
583 486 642 528 non
663 467 823 528 admittitur
837 469 955 542 ordine,
977 469 1061 546 qrrasi
1078 477 1213 530 amarunt
1229 469 1414 549 appellarunt

109 592 167 652 pro
193 589 230 629 eo
253 566 332 646 tpuod
352 574 397 626 est
418 576 589 628 amaverunt
610 566 837 647 appellaverunt.
874 570 999 649 amplius
1018 570 1093 630 solet
1112 572 1173 630 fere
1190 570 1220 630 in
1235 569 1292 631 boe
1309 571 1413 632 urdine

110 684 251 752 tempore
271 669 402 749 perfeeto
425 667 609 729 subiunctivo
632 677 690 730 tam
712 667 851 746 singulari
873 670 1081 750 quamplurali
1099 671 1177 731 demi
1196 670 1322 750 syllaba,
1345 690 1411 733 cum

111 776 218 835 dicunt
240 778 354 831 veteres
376 788 443 831 oum
468 770 587 830 amarim
610 769 716 830 amaris
738 769 859 843 amarit,
891 770 1049 849 pluraliter.
1063 791 1129 834 eum
1155 772 1313 834 amarimus
1334 793 1413 834 ama·

111 876 180 938 ritis
202 873 345 946 amariut3
374 891 428 951 pro
446 891 481 932 eo
498 886 574 931 sane
594 871 673 948 quod
694 869 766 954 estu
782 889 849 931 cum
871 873 1035 932 amaverint.
1080 874 1110 934 in
1131 873 1187 933 lrac
1209 874 1413 953 coniugatione

112 976 277 1039 secundam
304 992 461 1053 personam
489 991 543 1052 per
569 991 602 1032 as
629 972 814 1047 observabis,
837 981 877 1039 ,ut
899 991 964 1033 amo
985 992 1081 1048 amas;
1119 974 1150 1035 iu
1169 976 1268 1036 futuro
1289 977 1413 1056 primam

112 1094 275 1159 personam
297 1075 327 1136 in
349 1075 404 1148 bo,
438 1081 470 1134 ut
491 1073 603 1135 amabo.
647 1074 817 1154 imperativo
845 1072 934 1135 modo
961 1092 977 1133 a
1003 1073 1128 1137 litteram
1149 1077 1239 1140 habet
1265 1080 1413 1143 subtracta

112 1200 146 1253 s,
171 1186 205 1238 ut
225 1195 307 1251 ama;
329 1176 376 1236 cui
395 1175 520 1253 inpones
536 1193 569 1234 re
590 1174 700 1236 litteras
723 1175 878 1247 infinitivo,
902 1183 934 1235 ut
955 1193 1062 1236 amare.

202 1279 245 1338 lle
273 1275 467 1337 declinatione
500 1275 616 1352 generis
648 1278 765 1355 passivi.
810 1296 893 1339 amor
925 1277 1043 1338 verbum
1074 1279 1238 1341 absolutum
1272 1281 1414 1343 tinititum

112 1380 266 1465 passitum
288 1379 399 1455 figurae
416 1376 558 1457 simplicis
579 1379 693 1439 nrtmeri
722 1379 879 1457 singularis
900 1378 978 1438 modi
1001 1379 1148 1441 indicativi
1167 1381 1310 1461 temporis
1330 1402 1415 1462 prae-

112 1482 211 1547 sentis
229 1499 373 1560 personae
395 1479 506 1558 primae
529 1479 741 1557 coniugationis
764 1481 894 1560 primae,
917 1480 994 1558 quod
1018 1480 1213 1543 declinabitur
1231 1483 1282 1545 sic.
1326 1483 1415 1544 modo

113 1583 274 1647 indicativo
298 1589 428 1661 tempore
450 1581 599 1660 praesenti
621 1600 704 1642 amor
725 1582 832 1643 amaris
854 1590 983 1653 amatur,
1009 1581 1161 1661 pluraliter
1184 1601 1318 1644 amamur
1338 1601 1417 1643 ama·

113 1688 189 1749 mini
212 1685 362 1746 amantu'r:
385 1680 595 1743 eodemmodo
617 1690 749 1762 tempore
769 1683 927 1762 praeterito
947 1683 1109 1763 inperfecto
1132 1683 1231 1762 specie
1252 1683 1416 1761 inchoativa

114 1787 253 1858 amabar,
278 1783 423 1845 amabatis
445 1782 488 1842 rel
511 1781 665 1856 amabare,
686 1782 853 1856 amabatur,
880 1781 1032 1861 pluraliter
1049 1783 1220 1844 amabamur
1240 1783 1416 1844 amabamini

115 1890 307 1952 amabantur:
347 1884 449 1944 eodem
472 1882 560 1944 modo
585 1890 716 1962 tempore
738 1883 895 1962 praeterito
917 1886 1048 1962 perfecto
1079 1892 1193 1945 amatus
1215 1904 1281 1946 sum
1304 1892 1415 1958 esest,

115 1990 272 2073 pluraliter
291 1985 378 2047 amati
399 2003 503 2046 suurtrs
526 1983 597 2044 estis
619 1992 704 2058 suut3
738 1995 768 2044 et
789 1984 927 2044 ulteriore
952 1992 1066 2046 amatus
1088 1985 1129 2046 fui
1150 1985 1230 2045 fuisti
1252 1984 1322 2059 fuit,
1350 1985 1416 2064 plu-

114 2092 217 2153 raliter
235 2087 322 2148 amati
344 2088 452 2147 fuimus
471 2086 567 2146 fuistis
587 2086 705 2146 fuerunt
719 2085 771 2146 'rel
794 2086 890 2147 fuere:
914 2085 1018 2147 eodem
1039 2085 1127 2146 modo
1151 2094 1282 2164 tempore
1300 2094 1415 2165 praete-

114 2194 173 2255 rito
194 2189 482 2270 plusquamperfecto
506 2194 619 2248 amatus
641 2205 720 2247 eram
746 2205 811 2247 eras
833 2194 911 2261 erat,
941 2185 1092 2266 pluraliter
1111 2187 1198 2247 amati
1217 2204 1333 2247 eramus
1352 2204 1416 2248 era·

114 2294 154 2354 tis
178 2298 278 2363 crant;
298 2296 328 2348 et
350 2288 488 2349 ulteriore
510 2296 624 2348 amatus
644 2289 757 2349 fueram
776 2291 873 2350 fueras
895 2290 1005 2362 fuerat,
1034 2287 1187 2367 pluraliter
1207 2289 1296 2349 amati
1319 2290 1416 2350 fuera-

115 2412 185 2454 mus
207 2390 328 2450 fueratis
351 2391 481 2450 fuerant:
521 2388 623 2450 eodem
651 2390 739 2450 modo
766 2398 896 2470 tempore
918 2391 1016 2452 futtuo
1038 2388 1173 2463 amabor,
1205 2390 1350 2452 amaberis
1371 2392 1415 2452 vel

115 2493 281 2565 amabere‚‘
303 2489 457 2565 amabitur,
487 2489 637 2570 pluraliter
657 2491 820 2552 amabimur
840 2490 1008 2552 amabimini
1028 2490 1211 2553 amabuntur.
1255 2493 1343 2554 modo
1361 2493 1415 2553 im·

116 2594 247 2676 peratito
271 2599 403 2671 tempore
425 2592 573 2671 praesenti
602 2591 638 2652 ad
669 2592 827 2681 secundam
848 2600 878 2653 et
901 2592 1015 2652 tertiam
1039 2611 1196 2672 personam
1216 2582 1315 2655 amare
1337 2615 1416 2657 ame·

116 2706 182 2770 tur,
220 2692 372 2774 pluraliter
398 2711 530 2752 amemur
557 2693 693 2754 amemini
719 2701 868 2755 amentur:
904 2694 1006 2754 eodem
1037 2693 1124 2753 modo
1155 2700 1287 2774 tempore
1316 2697 1415 2759 futuro

116 2805 232 2859 amator
252 2804 299 2867 tu,
327 2801 439 2854 amator
459 2793 508 2854 ille
529 2793 579 2853 oet
599 2794 772 2870 arramato,
802 2795 952 2874 pluraliter
978 2813 1110 2856 amemur
1134 2796 1296 2857 ameminor
1316 2817 1416 2860 arnen-

118 2875 166 2961 ttir
185 2896 236 2957 vel
258 2901 413 2955 amantor.
459 2894 576 2972 quidam
598 2903 704 2975 putant
722 2913 855 2956 amemur
872 2895 1075 2976 imperativum
1098 2915 1179 2958 esse:
1207 2896 1264 2958 hoc
1285 2917 1341 2959 nos
1364 2917 1416 2977 ge·

116 3000 205 3062 rundi
228 2999 289 3059 sire
308 2996 445 3058 hortandi
467 2995 658 3075 appellamus.
703 2997 791 3057 modo
810 2998 936 3077 optativo
957 3005 1090 3077 tempore
1111 2998 1309 3075 praesentiat
1330 3019 1416 3080 prae·

116 3103 205 3164 terito
227 3100 390 3180 inperfecto
412 3096 521 3156 uduam
543 3115 675 3173 amarer,
702 3098 844 3160 amareris
863 3099 908 3159 vel
926 3116 1073 3170 amarem,
1098 3106 1260 3172 amaretur,
1297 3099 1416 3179 plurali·

117 3214 163 3265 ter
184 3203 297 3265 utinam
317 3216 483 3261 amaremur
501 3198 670 3259 miraremini
693 3207 876 3260 amarentur:
914 3199 1017 3259 eodem
1038 3197 1125 3259 modo
1147 3205 1280 3277 tempore
1301 3208 1416 3279 praete-

116 3305 174 3366 rito
197 3304 328 3383 perfecto
349 3300 460 3361 utinam
482 3299 597 3360 amatu's
620 3300 675 3360 sim
698 3300 739 3361 sis
762 3299 816 3372 sit,
838 3298 990 3378 pluraliter
1011 3299 1123 3360 utinam
1138 3299 1226 3359 amati
1242 3300 1335 3361 simus
1350 3301 1415 3363 sitis

118 3406 193 3481 sint;
218 3412 248 3464 et
268 3401 406 3463 ulteriore
428 3401 538 3462 utinam
554 3389 669 3462 am‘atus
685 3400 788 3461 fuerim
807 3400 897 3460 fueris
912 3399 1014 3473 fuerit,
1035 3398 1187 3479 pluraliter
1201 3398 1310 3458 uduam
1326 3398 1414 3458 amati

117 3506 262 3568 fuerimus
290 3504 403 3565 fueritis
432 3503 556 3563 fuerint:
593 3502 695 3564 eodem
723 3500 812 3562 modo
834 3508 965 3580 tempore
988 3499 1146 3580 praeterito
1160 3495 1174 3583 ΙΙ
1189 3499 1414 3579 plusquamper-

117 3611 194 3668 fecto
216 3606 327 3667 utinam
348 3611 461 3665 amatus
488 3622 586 3664 essem
609 3623 691 3665 esses
716 3612 811 3679 esset,
844 3602 994 3684 pluraliter
1027 3601 1137 3662 utinam
1164 3589 1251 3662 amati
1280 3619 1414 3663 essemus

117 3707 224 3770 essetis
246 3711 362 3778 essent;
400 3710 430 3763 et
450 3702 588 3765 ulteriore
607 3705 718 3766 utinam
741 3713 855 3765 amatus
875 3704 997 3765 fuissem
1017 3703 1126 3765 fuisses
1145 3703 1264 3778 fuisset,
1295 3702 1414 3783 plmali·

117 3817 162 3870 ter
182 3807 294 3868 utinam
314 3804 401 3865 amati
420 3804 578 3866 fuissemus
599 3806 731 3868 fuissetis
752 3806 891 3868 fuissent:
928 3806 1030 3867 eodem
1053 3804 1142 3866 modo
1164 3812 1295 3883 tempore
1316 3802 1414 3871 futuro

118 3910 230 3970 utinam
248 3924 344 3979 amer,
368 3905 474 3967 ameris
492 3906 537 3965 rel
558 3925 671 3980 amere,
691 3915 819 3981 ametur,
841 3904 993 3986 pluraliter
1007 3907 1117 3968 utinam
1131 3923 1264 3966 amemur
1277 3903 1412 3966 amemini

116 4015 260 4068 amentur.
296 4006 383 4067 modo
400 4006 584 4067 coniunctim
598 4013 729 4085 tempore
748 4006 894 4087 praesenti
916 4025 984 4067 eum
1002 4025 1099 4080 amer,
1123 4006 1229 4066 ameris
1245 4004 1288 4067 rel
1304 4023 1412 4078 amere,

116 4114 247 4179 ametur,
276 4105 429 4184 pluraliter
456 4126 523 4168 cum
548 4126 680 4168 amemur
702 4108 839 4169 amemini
858 4115 1007 4169 amentur:
1044 4107 1147 4168 eodem
1173 4106 1261 4169 modo
1280 4115 1413 4186 tempore

167 4285 183 4330 2
199 4279 253 4328 fere
269 4281 328 4331 At!
346 4282 404 4330 flere
420 4283 445 4332 B
515 4282 611 4333 3demi
626 4282 724 4346 syllaba
737 4298 754 4340 ς
774 4283 899 4348 disyllaba
909 4285 935 4334 B
950 4282 1117 4348 dysyllabaA
1134 4282 1283 4347 dyaayllaba
1297 4282 1331 4333 M
1395 4282 1412 4331 a

116 4361 153 4398 ost
166 4348 312 4401 omitum
381 4351 641 4401 isubtractasutB
656 4354 830 4404 tractasAM
896 4353 913 4403 8
932 4367 989 4402 ama
999 4351 1123 4402 influitiuo
1137 4367 1164 4399 re
1178 4350 1275 4401 litteras
1287 4359 1315 4400 ut
1327 4365 1413 4400 unare

115 4420 141 4467 B
211 4419 252 4466 eui
271 4421 296 4468 A
314 4433 370 4467 cum
390 4420 424 4468 M
490 4421 895 4482 asvetamaminooa.ass,r1,
914 4425 997 4472 aleno
1012 4425 1068 4472 loco
1083 4423 1191 4484 peritton
1208 4420 1413 4470 dabethaada'aa

115 4489 246 4538 Sacerdos
261 4505 288 4552 p.
309 4487 355 4537 ll:
375 4488 409 4549 es.
432 4488 545 4554 illadot'p.
568 4505 655 4554 opusc.
674 4492 749 4540 acad.
768 4492 833 4556 llp.
854 4490 913 4543 ⁸239.
945 4507 996 4542 aon
1012 4493 1127 4541 emisam
1139 4487 1223 4550 saraae
1239 4489 1413 4550 evaseram

116 4575 131 4606 a
152 4561 317 4620 prmmrattca
341 4562 493 4622 reliquarum
517 4560 715 4623 eoniupatiaaaan
736 4564 886 4625 conparatio
904 4560 1045 4624 pervadet
1134 4558 1273 4607 ameminor
1298 4567 1413 4606 amentor

116 4628 174 4688 (om.
194 4626 234 4674 rel
253 4626 381 4688 amantor)
399 4627 482 4676 ΑΒΜ
506 4628 646 4676 amaminor
670 4637 784 4677 amantor
807 4642 833 4685 ς.
865 4633 891 4680 ta
914 4629 1025 4679 senaida
1048 4642 1160 4689 perrona
1184 4628 1286 4678 auerso
1303 4627 1377 4679 nodo
1395 4642 1413 4674 a

114 4699 283 4758 aromaticis
296 4697 359 4757 ficta
377 4704 401 4744 et
416 4697 456 4744 bie
474 4704 497 4746 et
514 4699 539 4744 in
557 4699 661 4760 reliquia
678 4696 762 4746 verbis
775 4699 851 4760 fidem
867 4698 987 4749 iterem
1001 4697 1116 4753 amavi,
1136 4698 1234 4746 tantm
1250 4697 1287 4745 ad
1301 4699 1413 4760 reputare

113 4766 272 4826 prarrrmatier'
285 4764 318 4813 de
333 4764 408 4814 aerbo
423 4781 449 4827 p.
468 4764 516 4813 157
532 4766 571 4815 ed.
594 4765 703 4817 Vindob.
721 4768 839 4817 revocavi
906 4765 940 4815 ‘lb
957 4763 1063 4829 gerendi
1078 4761 1104 4810 Α
