3114 5356
173 262 238 327 442
736 259 920 324 blembis

226 376 428 511 Ἢῖοιῗιὶ.
473 446 591 509 Ectasis
610 453 658 508 eet
678 446 828 519 extensio,
847 462 923 524 quae
945 447 977 506 tlt
999 463 1065 505 cunr
1088 453 1223 525 correpta
1247 447 1360 526 syllaba
1380 459 1478 511 conus

177 550 321 613 rationem
343 568 397 630 per
416 548 564 609 licentiam
587 546 773 627 producitur,
799 555 833 607 ut
869 583 872 586 -

342 656 498 712 exercet
518 647 633 709 Diana
656 647 800 709 choros.

176 752 225 814 laic
239 748 255 838 ss
268 751 347 841 enim
366 751 476 812 Dianae
497 749 605 828 syllaba
622 748 717 829 prima
739 749 882 829 producta
904 755 964 821 cst,
993 767 1059 809 cum
1081 750 1189 829 corripi
1212 749 1328 811 debeat

262 852 305 915 lle
338 851 456 933 systole.
501 848 615 930 Systole
642 858 689 911 est
718 848 864 929 correptio
895 848 1041 909 cermeria
1070 851 1171 911 ectasi.
1216 852 1248 912 at
1280 860 1381 911 autem
1415 871 1500 913 cums

125 936 134 945 ⁸
176 952 265 1033 longa
288 953 398 1032 syllaba
421 960 521 1014 contra
544 951 687 1013 rationem
708 951 865 1031 corripitur
885 949 981 1028 aliqua
1003 949 1179 1011 necessitate
1202 960 1343 1030 cogente,
1366 962 1399 1014 ut

466 1117 469 1123 ,
903 1050 1107 1129 urbemque
1128 1050 1315 1114 Fidenam.

178 1155 227 1217 bic
248 1155 328 1217 enim
349 1154 525 1217 Fidenarum
545 1152 668 1234 ριίιιιιιιι
691 1152 833 1233 syllabam
855 1151 1012 1231 corripuit,
1040 1169 1107 1212 cum
1129 1153 1293 1231 producere
1319 1155 1477 1219 debuisset

179 1256 249 1318 item

997 1371 1161 1433 aquosus
1185 1356 1313 1418 Orion.
1490 1385 1510 1423 n

263 1456 307 1518 be
328 1455 461 1518 diaeresi.
505 1452 652 1517 Diaeresis
673 1462 720 1515 est
740 1453 859 1516 discisio
878 1452 1006 1534 syllabae
1029 1454 1117 1517 unius
1137 1457 1167 1518 in
1189 1458 1264 1518 duas
1285 1458 1411 1534 divisae,
1429 1468 1460 1520 ιιι

346 1555 449 1617 dives
474 1556 589 1636 pictai
610 1556 730 1617 vestis
756 1564 792 1616 et
813 1555 894 1616 auri

180 1677 234 1740 pro
254 1657 416 1737 pictae„et

346 1758 446 1819 aulai
469 1757 598 1819 medio.

266 1861 309 1922 lle
335 1858 496 1939 synaliphe.
541 1859 697 1938 Synaliphe
720 1867 765 1919 est
788 1857 927 1932 conlisio,
958 1876 1033 1936 quae
1054 1860 1087 1919 ht
1114 1877 1179 1919 curn
1201 1859 1326 1921 dirarum
1347 1861 1423 1922 inter
1445 1883 1477 1922 sc
1491 1884 1509 1921 n

180 1960 419 2024 concurrentium
439 1958 582 2020 vocalium
602 1960 693 2021 altera
713 1955 835 2041 [earum]
862 1958 995 2032 eliditur,
1017 1967 1051 2020 ιιι

345 2061 464 2141 adque
486 2079 528 2122 ee
550 2061 700 2123 diversa
722 2059 878 2140 penitus
900 2059 928 2118 d.
948 2078 977 2139 p.
999 2078 1027 2137 g.

181 2164 230 2224 hic
250 2162 328 2223 enim
350 2179 441 2224 unum
464 2181 480 2223 e
502 2164 683 2242 praecedens
704 2161 820 2223 excludi
840 2177 964 2221 necesse
984 2167 1038 2221 est.
1084 2159 1157 2220 haec
1177 2179 1194 2221 a
1217 2163 1394 2241 quibusdam
1413 2185 1478 2244 syu-

182 2263 268 2324 crisis
287 2262 463 2335 nominetur.

266 2364 309 2425 De
327 2365 535 2447 episynaliphe.
580 2346 791 2444 Episynaliphe
811 2368 857 2422 est
877 2360 1087 2439 conglutinatio
1110 2381 1162 2423 seu
1178 2367 1340 2427 contractio
1356 2367 1477 2429 «loomim
1490 2390 1512 2428 a·

182 2463 357 2544 syllabarum
378 2465 409 2527 in
431 2486 519 2529 unam
542 2465 681 2546 syllabam
703 2464 779 2525 lacta
800 2462 945 2523 contraria
966 2462 1131 2543 synaliphc,
1154 2472 1186 2525 ut

349 2566 482 2626 lixerit
503 2565 720 2644 aeripedem
741 2580 886 2623 cervam
909 2562 1016 2637 licet,

182 2684 250 2726 enm
272 2665 438 2744 aeripedem
462 2665 592 2745 utrinque
617 2664 744 2744 syllabas
768 2663 866 2724 dicere
893 2663 1061 2726 debeamus.
1107 2665 1146 2725 ita
1174 2669 1206 2727 tlt
1231 2663 1288 2729 una
1314 2670 1421 2748 syllaba
1445 2690 1477 2730 er

184 2765 309 2826 duabus.

268 2879 310 2938 lie
332 2879 476 2957 ecthlipsi.
521 2878 681 2957 Ecthlipsis
704 2888 749 2939 est
772 2883 894 2945 conlisio
918 2880 1060 2960 quaedam
1079 2884 1205 2945 difficilis
1228 2904 1262 2944 ac
1281 2886 1354 2946 dura
1375 2906 1480 2947 conso·
1493 2910 1515 2947 a,

185 2978 316 3039 nantium
337 2996 405 3038 cum
426 2978 574 3040 rocahbus
596 2998 701 3058 aspere
721 2984 973 3056 concurrentium,
994 2993 1025 3045 ut
1043 2994 1089 3045 est

531 3080 683 3141 multum
705 3082 771 3143 ille
794 3094 829 3145 et
850 3085 964 3145 terris
986 3085 1149 3146 iactatus
1174 3095 1210 3146 ct
1229 3088 1315 3149 alto.

270 3195 311 3255 bc
335 3196 480 3259 antithesi.
524 3199 683 3262 Antithesis
705 3211 750 3262 est
768 3203 881 3263 litterae
901 3204 1095 3277 conmutatio,
1119 3214 1150 3265 ut

352 3297 480 3378 inpete
499 3319 598 3361 nunc
621 3312 724 3363 vasto
748 3323 814 3364 ceu
835 3304 1012 3364 concitus
1036 3305 1220 3367 imbribus
1243 3309 1377 3383 amuis;

184 3398 293 3478 impete
314 3398 489 3461 dictumest
509 3420 563 3480 pro
581 3402 707 3481 impetu:
742 3412 771 3464 et
792 3404 841 3464 olli
864 3424 917 3483 pro
939 3405 989 3465 illi.

270 3518 311 3578 lle
332 3518 495 3580 metathesi.
541 3518 710 3581 Metathesis
733 3521 839 3583 dicitur
861 3523 1020 3595 translatio.
1057 3532 1102 3583 cst
1118 3533 1214 3584 utitem
1230 3525 1392 3586 litterarum
1409 3528 1482 3587 ordo

186 3627 331 3692 mutatuS,
355 3628 387 3679 ut

349 3738 430 3779 uam
452 3718 536 3790 tibi,
558 3718 722 3795 Timbrc,
745 3733 857 3802 caput
882 3723 915 3784 E.
936 3745 962 3786 a.
985 3745 1010 3785 e.

183 3818 302 3879 'limber
319 3819 397 3879 enim
417 3820 529 3880 ratione
550 3820 706 3881 dicendum
730 3832 783 3883 est.
799 3820 814 3906 ΙΙ
836 3890 839 3895 ,

1496 3449 1518 3486 :lu

253 4035 385 4088 dexercit
401 4040 466 4090 BM.
499 4040 577 4103 Vero.
596 4040 662 4092 Aen.
682 4044 692 4091 l
710 4043 762 4093 4119
848 4058 923 4093 coros
941 4044 1024 4094 ΑΒΜ
1111 4046 1395 4114 7urbemque]1'ery.
1414 4052 1482 4102 Aen.
1540 4047 1544 4053 ’

184 4106 288 4159 111773
375 4107 409 4158 10
432 4105 560 4173 aquosus]
584 4112 661 4175 Very.
680 4111 746 4162 Aen.
767 4112 813 4161 llll
830 4112 864 4162 52
953 4114 983 4164 11
1009 4115 1127 4165 discissio
1146 4117 1170 4165 A
1189 4119 1314 4167 discessio
1334 4117 1367 4167 M
1450 4119 1483 4169 12

184 4173 267 4240 dives]
288 4177 367 4239 Verp.
386 4176 450 4228 Aera.
471 4178 540 4226 Vllll
558 4178 592 4229 26
661 4180 729 4244 picta
747 4180 772 4228 B
842 4191 925 4231 uestes
939 4182 971 4232 M
985 4194 1056 4233 ueste
1074 4184 1100 4233 B
1171 4188 1202 4237 14
1221 4186 1288 4235 aulai
1307 4188 1332 4236 in
1352 4187 1436 4237 medio
1455 4204 1481 4245 ς.

188 4247 267 4311 Verp.
287 4245 407 4319 Aencstl
423 4245 476 4296 354
548 4246 579 4296 17
595 4246 694 4313 adque]
724 4251 803 4312 Very.
822 4249 886 4301 Aen.
907 4252 977 4301 Vllll
999 4254 1010 4301 1
1036 4262 1112 4317 atque
1132 4271 1162 4304 ea
1180 4256 1283 4305 diverse
1299 4258 1402 4321 penitus
1420 4258 1483 4306 dum

185 4323 256 4379 perte
273 4320 402 4389 gerudbtpt
471 4314 502 4364 18
520 4316 561 4364 hie
576 4317 644 4365 enim
662 4331 679 4372 ς
696 4317 736 4368 his
755 4319 821 4366 enim
839 4318 925 4367 ΑΒΜ
992 4319 1054 4369 haec
1071 4322 1131 4372 BM
1149 4323 1166 4372 h
1185 4335 1209 4373 et
1225 4324 1250 4371 Α
1320 4325 1445 4388 syncrisis
1459 4327 1484 4376 B

184 4383 307 4446 siucryais
332 4368 358 4431 Ᾱ
381 4384 512 4446 syneresis
536 4384 570 4433 M
591 4384 726 4449 synchysis
749 4389 864 4438 Deiectus
883 4406 913 4452 p.
941 4389 1008 4438 1772
1038 4393 1183 4454 synaeresis
1209 4394 1329 4444 Claudiae
1351 4395 1485 4446 mancos

182 4468 210 4515 p.
227 4450 262 4502 30
350 4450 381 4500 21
406 4453 532 4502 contraria
549 4454 659 4503 diaeresi
677 4456 792 4505 Donatus
809 4473 839 4519 p.
860 4455 926 4506 1772
951 4466 975 4507 et
992 4460 1111 4511 Claudius
1128 4462 1259 4512 Sacerdos
1276 4478 1305 4525 p.
1325 4461 1360 4511 26
1448 4465 1484 4514 22

186 4518 279 4585 llxerit]
303 4521 380 4584 Very.
398 4520 463 4569 Aen.
485 4521 519 4571 Vl
536 4520 588 4572 803
664 4524 697 4572 27
716 4522 830 4589 multum]
856 4526 934 4590 Verp.
952 4526 1016 4577 Aen.
1037 4529 1046 4576 l
1067 4529 1084 4578 3
1163 4531 1196 4580 28
1215 4532 1371 4580 conmutatio
1389 4531 1421 4580 M
1439 4548 1483 4581 co-

184 4589 289 4637 mutetio
307 4589 333 4638 B
356 4590 548 4640 communicatio
566 4590 590 4639 A
683 4591 718 4641 29
734 4590 835 4657 inpete]
861 4593 932 4644 Ouid.
949 4605 1044 4646 metam.
1071 4597 1157 4648 [1179
1244 4598 1278 4649 33
1304 4597 1379 4664 nam]
1402 4602 1484 4666 Vero.

184 4654 292 4771 dep}
310 4655 361 4706 391
387 4671 443 4705 nam
462 4658 520 4718 tibi,
544 4657 683 4721 Thymbre,
709 4671 784 4725 eaput
803 4660 947 4712 Euandrius
966 4665 1068 4713 abstulit
1088 4667 1156 4714 ensis
1242 4667 1307 4716 tibre
1325 4668 1353 4717 B
1441 4685 1485 4720 ee·

185 4735 220 4785 pu
