3114 5356
118 313 122 319 ’
184 336 244 399 roo
744 331 907 397 emersu

247 454 314 496 ,aa
368 451 392 494 a.
1266 444 1359 487 ,usi
1391 442 1416 486 n.

231 467 246 509 p
266 455 425 588 Conldstim
441 521 517 585 reiut
536 495 701 601 conpetenti
721 521 906 584 festinatione
924 517 1056 602 Silsenna
1077 457 1346 591 Milesiarumpilllt
1362 445 1470 577 tcon-

182 627 307 690 testim
329 635 461 688 secuta
489 627 573 687 est'.
618 625 772 687 confestim
796 642 851 706 pro
870 622 1010 685 continuo
1029 628 1059 681 et
1079 619 1143 682 sine
1163 617 1313 681 intervallo
1335 617 1389 679 sed
1411 616 1470 696 iugi

182 729 375 793 festinationis
397 728 493 790 studio
513 727 662 808 pergentis
684 726 839 789 Sallustius
860 724 936 786 libro
958 749 977 786 a
1001 723 1133 784 ‘iessit
1152 729 1191 782 ut
1212 720 1357 783 nuntiis
1379 737 1469 781 con-

182 830 308 895 festim
342 830 602 912 lugubribus'3
640 828 690 890 ulei
721 827 853 891 Statilius
879 824 1020 889 Maximus
1048 822 1185 886 ‘ordine’
1212 822 1306 902 inquit
1329 822 1378 882 ‘et
1408 820 1472 881 sine

90 924 93 930 Δ
183 934 432 997 intermissione':
458 931 596 1016 [Sisenna
619 930 794 993 Milesiamm
818 928 883 990 xul
915 925 1137 990 ‘confestim
1170 932 1302 986 secuta
1337 917 1498 1002 est’:lll⁵

182 1037 306 1100 Naevius
327 1038 357 1098 in
379 1024 536 1097 Tarentilla
558 1040 586 1094 et
607 1032 637 1094 in
659 1031 824 1094 Corollaria.
1206 1060 1215 1081 ·

268 1140 381 1202 Cotidio
404 1147 436 1200 ut
461 1135 536 1198 salso
563 1153 617 1216 pro
644 1132 750 1195 cotidie
772 1133 807 1205 0.
829 1133 936 1214 Caepio
959 1132 989 1193 in
1010 1130 1047 1192 111.
1069 1128 1221 1192 Aemilium
1244 1129 1386 1191 Scaurum
1409 1126 1472 1205 iege

182 1239 283 1316 Varia,
320 1244 418 1302 ‘cum
451 1239 492 1300 ab
524 1239 596 1300 isto
629 1235 791 1298 viderem
820 1234 962 1297 cotidio
987 1232 1167 1295 consiliis
1197 1228 1345 1291 hosteis
1371 1227 1473 1289 adiu-

182 1341 287 1404 vari'.
331 1342 463 1403 sindliter
482 1348 513 1402 et
531 1338 683 1401 commodo
700 1337 851 1412 dixerunt,
869 1344 902 1398 ut
922 1336 1042 1398 Plautus
1062 1335 1092 1395 in
1111 1330 1275 1394 Friuolaria.
1317 1329 1472 1392 commode

182 1443 307 1505 Titinius
324 1444 354 1505 In
375 1442 558 1523 iurisperita‚
602 1437 610 1452 '
1485 1449 1511 1490 ιο

80 1531 85 1541 ’
345 1564 442 1608 nunc
464 1543 553 1607 adeo
574 1542 703 1604 visam:
725 1559 801 1602 rem
823 1559 989 1622 magnam
1015 1537 1118 1601 aibat
1136 1536 1230 1599 velle
1252 1528 1374 1619 se[se]
1396 1551 1473 1594 me·

1046 1659 1124 1702 cum
1146 1639 1265 1718 loqui:

348 1758 384 1812 et
405 1746 593 1811 commode
615 1764 740 1807 eccum
763 1745 855 1821 exit3

184 1853 278 1916 idest
299 1853 329 1913 in
351 1860 496 1933 tempore:
530 1849 655 1911 Sisenna
676 1848 851 1910 Milesiarum
873 1844 939 1907 XIII
966 1846 1109 1906 ‘eamus
1131 1843 1174 1905 ad
1195 1843 1324 1923 ipsum.
1361 1850 1474 1921 atque

183 1956 266 2037 ipse
289 1950 480 2016 commode
501 1950 542 2011 de
564 1958 670 2030 parte
692 1951 888 2032 superiore
908 1944 1190 2010 descendebat'.
1489 1957 1513 1998 rs

267 2056 458 2121 concorditer
477 2052 590 2116 Ennius
612 2051 766 2114 Annalium
784 2051 858 2113 libro
879 2051 907 2139 I,

347 2165 538 2219 aeternum
562 2155 720 2217 scritate
740 2153 834 2215 diem
856 2151 1103 2214 concorditer
1122 2148 1238 2211 ambo.

267 2261 403 2323 Ceterum
425 2258 581 2321 Sallustius
603 2252 789 2322 hisloriarum
811 2254 881 2329 IIII,
907 2253 1006 2317 ‘scio
1029 2253 1200 2333 equidem
1227 2249 1297 2311 tibi
1319 2267 1474 2327 magnas

181 2380 273 2442 opes
294 2363 455 2424 virorum
475 2379 659 2422 armorum
685 2369 721 2421 et
746 2359 824 2421 auri
848 2374 949 2432 osse,
978 2365 1014 2430 et
1036 2375 1075 2417 ea
1095 2374 1132 2417 re
1154 2354 1197 2416 ali
1218 2351 1327 2414 nobis
1349 2349 1392 2411 ad
1413 2370 1475 2412 so·

180 2462 371 2539 cietatem,
404 2463 444 2524 ab
476 2462 560 2523 iIIIs
593 2463 633 2523 ad
661 2462 834 2542 praedam
865 2459 1018 2541 peteris.
1073 2466 1240 2519 ceterum
1270 2450 1513 2513 consiliumne

182 2571 239 2622 est
258 2565 435 2641 Tigranis
457 2580 573 2640 regno
594 2562 740 2640 integro
761 2562 855 2623 meis
881 2560 1067 2623 militibus
1095 2557 1190 2620 belli
1214 2553 1474 2637 prudentibus

159 2662 313 2741 ,procul
345 2681 361 2723 a
391 2662 493 2724 domo
527 2670 752 2743 pernostra
787 2681 944 2743 corpora
982 2660 1122 2722 bellum
1154 2658 1373 2720 coniicere'.
1423 2655 1474 2717 ubi

182 2764 276 2843 Asper
304 2767 452 2825 ‘ceterum
480 2783 538 2843 quo
560 2762 647 2825 modo
665 2764 792 2844 positum
816 2761 881 2825 est?
907 2784 960 2844 pro
984 2760 1131 2841 alioquin?
1157 2757 1296 2840 alloquia
1316 2757 1472 2819 consilium

181 2870 242 2940 est;
264 2882 300 2925 an
322 2884 376 2944 pro
397 2865 533 2941 relicum,
558 2876 589 2927 ut
611 2864 650 2926 sit
671 2863 799 2926 nomen?
818 2865 939 2927 relicum
961 2864 1114 2926 consilium
1135 2869 1208 2924 cst'.

266 2965 466 3028 Communiter
494 2968 527 3028 G.
551 2967 700 3029 Gracchus
726 2975 758 3029 ut
783 2967 829 3028 lex
855 2967 968 3048 Papiria
996 2967 1169 3047 accipiatur,
1204 2964 1284 3042 ‘qni
1315 2949 1512 3044 sapien-as

181 3074 252 3127 tem
275 3088 354 3130 cum
377 3070 511 3147 saciet,
543 3071 602 3150 qui
633 3077 670 3131 et
696 3070 803 3131 vobis
830 3079 866 3130 et
892 3071 945 3131 rei
967 3069 1141 3150 puplicae
1164 3076 1198 3128 et
1220 3065 1291 3128 sibi
1313 3084 1473 3127 commu·

179 3168 283 3231 niter
304 3172 528 3252 prospiciat,
551 3193 621 3236 non
645 3174 706 3253 qni
728 3192 793 3254 pro
813 3170 907 3251 sylla
932 3171 1126 3233 humanum
1146 3168 1341 3230 trucidet’.

265 3274 415 3336 Cotidiano
437 3277 572 3339 Afranius
595 3277 624 3337 in
649 3276 790 3356 vopisco,

592 3380 728 3441 etenim
753 3357 961 3438 cottidiano
983 3375 1016 3436 in
1040 3375 1152 3436 rebus
1176 3374 1343 3435 maximis

183 3577 215 3628 18
250 3579 274 3628 Ν
287 3586 315 3628 ru
331 3588 389 3639 mn
424 3580 537 3631 Cererem

245 3819 262 3870 3
279 3817 340 3866 lecit
357 3826 384 3866 nt
399 3833 430 3868 ω.
448 3833 501 3867 oran
518 3833 618 3866 amre
634 3816 693 3866 libri
709 3832 743 3866 eac
759 3818 843 3867 oeulis
860 3815 977 3868 Sallustii
993 3815 1116 3881 quaedam
1131 3818 1239 3879 periisse
1256 3818 1373 3868 uideatur
1454 3824 1469 3871 1

177 3886 292 3937 Statilius
311 3884 450 3952 Maximus]
470 3888 502 3937 de
515 3887 685 3953 stapulan'bus
703 3888 774 3951 apud
790 3890 941 3938 Ciceronem.
970 3888 1005 3949 ef.
1026 3888 1076 3936 die.
1092 3887 1124 3936 de
1141 3889 1231 3937 invent.
1251 3887 1272 3935 11
1294 3888 1334 3951 12,
1349 3891 1383 3938 42
1412 3891 1470 3940 Plri-

175 3960 238 4021 iipp.
256 3958 279 4006 V
299 3957 340 4015 12,
359 3956 401 4006 ³1.
430 3974 444 4006 e
466 3958 553 4022 puidam
576 3959 698 4020 exemplis
721 3961 826 4006 aiterum
849 3965 908 4022 poet
924 3958 1040 4008 Sallustii
1060 3957 1138 4007 verda
1156 3974 1173 4006 a
1190 3958 1299 4006 Numano
1317 3960 1470 4023 adscriptum

174 4029 255 4092 suiaae
277 4029 375 4077 uidetur
459 4029 474 4077 7
498 4027 596 4078 Cotirlio
613 4055 648 4064 -
665 4026 682 4077 o
701 4027 839 4078 Friuolaria
857 4029 955 4080 Charis.
972 4043 1000 4090 p.
1021 4027 1069 4076 174
1174 4026 1190 4077 8
1214 4026 1320 4076 consilio
1339 4029 1471 4082 Iadrieius

245 4098 323 4148 osteis
337 4096 363 4146 N
429 4095 447 4145 o
465 4114 511 4163 pro
528 4098 659 4149 commode
678 4097 809 4148 Fabricius
879 4097 907 4148 11
929 4112 995 4147 nunc
1012 4097 1076 4147 neieo
1093 4097 1185 4147 risam:
1207 4095 1271 4146 velle
1285 4113 1337 4147 rem
1352 4115 1469 4165 ningnmn

177 4166 248 4231 ioqui
265 4168 341 4217 Aibat
366 4182 393 4215 se
416 4181 515 4218 meeum
539 4176 564 4219 et
586 4170 638 4218 exit
660 4183 747 4217 accrum
772 4170 905 4220 commodo
920 4167 1026 4218 Botliua
1040 4175 1109 4230 poet.
1132 4183 1198 4217 seen.
1221 4167 1280 4215 Lat.
1301 4168 1326 4216 V
1342 4170 1359 4218 2
1378 4186 1405 4233 p.
1426 4172 1468 4222 ot.

175 4236 323 4288 daemiacos
341 4243 500 4289 tetrametrar
514 4241 678 4290 constituerat
696 4236 861 4290 Neukireiriua
880 4239 911 4289 da
926 4237 983 4303 sab.
1000 4246 1049 4300 top.
1068 4230 1182 4299 Rom-⁰11.
1204 4236 1265 4286 118:
1290 4237 1385 4290 iambos
1399 4257 1469 4291 reuo-

115 4333 122 4350 ·
174 4310 242 4358 cauit
258 4308 417 4357 Hemaaaaus
440 4324 524 4372 opusc.
550 4310 615 4371 Vp.
635 4306 701 4365 271,
733 4324 802 4372 quiem
825 4317 925 4360 secatae
946 4324 999 4358 earm
1017 4322 1070 4356 cura
1093 4305 1227 4357 adlectio
1249 4321 1310 4356 eom.
1336 4309 1398 4362 Lat.
1421 4313 1467 4360 rel.

172 4392 199 4440 p.
223 4377 270 4427 122
356 4378 439 4426 aiebat
455 4380 480 4429 N
562 4379 627 4429 vella
645 4393 692 4430 aa.
711 4393 747 4427 m:
777 4378 912 4430 uallarem
931 4392 1047 4444 magnam
1066 4376 1149 4427 aiebat
1167 4393 1225 4428 sese
1242 4376 1375 4429 Prasedius
1402 4381 1467 4429 uelle

174 4463 227 4497 rem
242 4462 360 4513 magnam
378 4449 493 4499 uitiatae
511 4448 672 4498 Nermaanas
688 4449 706 4497 l.
724 4464 746 4498 e.
818 4449 849 4499 13
867 4451 999 4499 commodo
1018 4456 1043 4496 et
1059 4462 1116 4495 cum
1132 4462 1153 4495 ω
1224 4445 1256 4496 le
1275 4446 1343 4499 unni
1355 4449 1402 4499 tto.
1422 4453 1430 4499 I
1447 4449 1469 4498 N

246 4516 276 4566 17
300 4517 425 4567 alternum
447 4519 526 4570 edidit
547 4520 583 4569 Ii.
607 4519 724 4570 Coirarma
748 4517 814 4567 Earn
835 4520 930 4584 [rapta.
951 4533 979 4581 p.
996 4518 1046 4580 34,
1071 4516 1135 4565 unde
1162 4516 1272 4566 alternos
1291 4519 1395 4569 seritote
1413 4519 1467 4569 dies

173 4588 279 4638 contem
294 4588 324 4636 P.
344 4586 449 4638 Merula
465 4589 530 4639 Ean.
550 4591 634 4639 aaaal.
649 4590 742 4653 tiapm.
760 4604 787 4652 p.
807 4590 874 4649 237,
892 4588 988 4638 alterno
1007 4587 1043 4654 (11.
1061 4603 1084 4636 e.
1103 4587 1197 4636 alterno
1216 4587 1346 4653 sermone)
1366 4590 1467 4639 seritote

176 4657 244 4707 diem
266 4656 449 4714 Wakefieldiua
465 4662 490 4710 ia
508 4659 608 4709 laceret.
627 4661 636 4708 l
657 4658 723 4710 10115
795 4659 827 4708 18
847 4658 902 4710 sall.
922 4657 982 4707 irist.
1004 4658 1059 4709 1111.
1081 4657 1119 4707 N:
1137 4658 1161 4705 in
1182 4658 1291 4721 epistula
1309 4658 1468 4710 Mithridatia

175 4726 212 4775 art
227 4726 344 4776 Arsacen
361 4728 377 4787 s
397 4727 429 4779 lo
501 4730 536 4779 20
553 4729 648 4794 poteris
667 4728 801 4778 Putseirius
818 4736 843 4778 et
859 4729 942 4778 codex
964 4728 1105 4779 Vaticanus
1122 4726 1237 4777 Saliustii
1254 4729 1358 4790 petieris
1377 4729 1403 4779 N

174 4796 208 4846 23
223 4795 335 4858 alioquin
353 4800 429 4848 semel
443 4801 561 4863 seriptum
579 4799 603 4847 ia
619 4798 645 4847 N
662 4798 700 4847 bie
716 4802 801 4860 positi!
819 4798 991 4847 karlmanuus
1008 4800 1033 4846 ia
1053 4796 1157 4849 haeret.
1174 4812 1200 4858 p.
1222 4796 1272 4846 aaut
1358 4801 1393 4848 26
1412 4812 1466 4849 eum

172 4865 307 4927 facietqui
327 4873 352 4912 ut
372 4869 485 4919 uobiste
555 4870 653 4934 reiprrp.
673 4869 698 4945 N
772 4871 805 4917 27
825 4883 870 4933 pro
889 4867 959 4933 Spllu
978 4869 1105 4917 hominem
1125 4867 1230 4915 umida
1249 4882 1270 4914 ω
