3114 5356
516 304 648 367 INSTl'l'.
673 305 783 368 Glblbl.
805 305 877 368 aut.
901 307 914 367 l
1297 306 1355 369 129

114 434 141 478 p.
156 419 202 465 m
217 420 257 463 ΙΝ
270 425 294 467 P.
1198 434 1222 476 p.
1236 422 1262 467 rt
1276 420 1300 463 1..

59 492 195 556 Lucilius

324 644 330 657 .
433 593 514 667 sici,
536 594 644 672 inquit,
666 596 908 657 comeduntur
930 603 965 658 et
985 614 1083 657 uvae.

151 695 300 757 Felieium.
344 693 432 754 trium
457 714 596 773 generum
623 695 739 756 nomina
766 697 898 775 genetivo
926 696 1030 779 plurali
1052 704 1119 757 ante
1147 714 1197 756 um
1218 697 1227 757 i
1249 696 1356 758 debent

64 798 214 878 recipere,
241 803 275 858 ut
299 796 462 875 pernicium
490 797 651 859 audacium
665 797 813 860 ferocium.
858 798 913 860 alia
935 798 983 860 illa
1004 797 1103 875 regula
1127 807 1172 860 ost
1190 816 1276 876 quam
1299 799 1354 861 sub

38 918 82 959 sc
102 898 199 959 littera
221 897 356 960 diximus.

150 999 269 1074 Pretus,
303 1000 390 1062 huius
421 1003 512 1063 lretus
539 1002 660 1063 Porcius
692 1001 826 1074 Licinus,
863 1010 894 1091 ap
928 1001 1038 1063 Plinius
1073 1000 1175 1063 eodem
1210 1002 1353 1064 sermonis

65 1102 145 1165 darbii
162 1102 235 1164 libro
247 1101 284 1162 Vl
304 1103 408 1177 refert,
428 1104 539 1167 ‘salsi
561 1104 575 1163 1
578 1105 711 1177 retus’,
739 1101 863 1190 Messala
880 1101 1110 1164 contestatorii
1134 1103 1245 1167 litteras
1273 1105 1354 1165 ‘an-

66 1205 386 1284 gustiae-fretus&
430 1206 506 1267 fretu
527 1205 639 1278 Cicero,
661 1208 689 1265 ‘a
711 1205 905 1267 Gaditano’
928 1205 1020 1283 inquit
1042 1206 1185 1280 ‘fretu’,
1207 1208 1353 1286 Augustus

67 1307 103 1367 ad
121 1308 278 1369 Antonium
299 1307 420 1369 ‘fretu
441 1309 569 1371 cessi’.

35 1428 59 1469 ιι
148 1408 275 1471 Pabrum
296 1427 350 1489 pro
369 1408 532 1485 labromm3
561 1409 610 1472 ubi
632 1407 742 1469 Plinius
763 1407 866 1470 eodem
889 1408 963 1472 libro
983 1411 1019 1472 Vl
1045 1411 1121 1472 ‘boc
1141 1415 1238 1473 recte’
1261 1411 1354 1490 inquit

68 1510 165 1586 ‘usus,
191 1519 221 1572 et
242 1511 422 1573 sestertium'
450 1512 544 1591 inquit
570 1512 626 1571 ‘tot
647 1510 741 1572 milia:
770 1511 807 1571 nt.
830 1511 958 1575 Scaurus
981 1523 1081 1575 contra
1102 1513 1225 1575 Brutum
1243 1512 1280 1575 de
1302 1532 1354 1594 pe-

71 1612 159 1674 cuniis
180 1611 351 1694 repetundis
373 1613 580 1693 ‘praelecti
604 1612 802 1674 labrum”.
1144 1691 1151 1706 ι

148 1712 274 1776 Filiabus
295 1714 326 1775 in
342 1715 524 1778 testamentis
545 1714 584 1776 ob
606 1712 761 1777 discrimen
776 1713 790 1796 ΙΙ
807 1734 894 1777 sexus
916 1718 956 1778 ait
976 1717 1087 1779 Plinius
1107 1717 1164 1778 dici
1183 1734 1351 1790 consuesse,

73 1832 134 1874 eum
154 1814 200 1876 bis
219 1818 332 1879 mulum
355 1817 520 1879 nominibus
542 1816 601 1878 bus
621 1817 696 1878 adici
719 1816 812 1878 soleat
832 1836 907 1896 quae
929 1837 1051 1881 numero
1073 1818 1175 1898 plurali
1194 1837 1226 1879 es
1249 1817 1352 1879 litteris

43 1916 271 1992 aterminantur,
295 1926 327 1980 ut
349 1917 522 1998 cupiditates
544 1918 714 1998 dignitates,
743 1919 787 1980 vol
813 1936 887 1998 quae
909 1939 960 1993 us,
992 1927 1024 1981 ut
1045 1938 1118 1981 anus
1139 1938 1244 1981 manus
1266 1939 1352 1982 sena·

73 2023 113 2077 tus
132 2018 246 2080 tluctus.

147 2120 262 2182 Febrim
282 2129 316 2183 ut
342 2122 446 2183 tussim
468 2123 561 2198 sitim,
582 2125 622 2184 ait
647 2123 766 2185 Plinius.
811 2123 939 2202 exceptis
960 2122 1006 2183 bis
1032 2122 1126 2183 tribus
1139 2132 1244 2203 ¹cetera
1266 2141 1352 2184 accu-

71 2222 153 2283 sativo
171 2223 201 2283 in
225 2242 272 2283 em
293 2232 407 2285 exeunt.

147 2324 273 2387 Ponteis.
304 2327 440 2403 ‘quorum
467 2327 618 2388 nonunum
640 2329 763 2406 genetivi
788 2327 908 2408 pluralis
928 2336 995 2389 ante
1017 2345 1066 2387 um
1086 2324 1224 2405 syllabam
1245 2325 1254 2385 i
1275 2325 1351 2385 litte-

41 2442 126 2488 uram
153 2427 358 2501 merebuntur,
387 2429 585 2490 aecusativus'
615 2429 709 2507 inquit
734 2428 844 2490 Plinius
873 2430 938 2508 ‘per
964 2430 1007 2492 eis
1029 2428 1178 2507 loquetur,
1208 2426 1349 2488 montium

67 2530 205 2607 montcis;
243 2530 311 2591 licet
338 2529 438 2591 Varro’
465 2530 559 2609 inquit
586 2529 737 2610 ‘exemplis
765 2530 841 2591 banc
867 2529 999 2607 regulam
1025 2530 1176 2592 confutare
1203 2529 1351 2609 temptarit

66 2629 146 2691 btios
175 2631 270 2705 modi,
299 2632 415 2695 falcium
442 2632 546 2706 falces,
575 2651 634 2693 non
665 2632 764 2694 ialceis
791 2632 875 2706 iacit,
903 2651 958 2695 nec
978 2633 1032 2694 bas
1052 2630 1192 2707 mereeis,
1219 2650 1274 2692 nee
1296 2630 1350 2692 bos

65 2732 141 2792 areis
163 2732 275 2794 lintreis
297 2734 422 2796 rentreis
445 2734 563 2815 stirpeis
585 2734 683 2796 urbeis
700 2733 813 2796 corbeis
827 2735 935 2798 vecteis
956 2733 1084 2795 inerteis.
1129 2741 1159 2794 et
1180 2742 1275 2794 umen
1289 2750 1351 2794 ma·

64 2852 118 2894 nus
134 2835 184 2895 dat
199 2836 377 2915 praemissae
392 2836 509 2916 regulae
523 2835 654 2911 ridicule,
676 2845 708 2898 ut
725 2836 854 2917 exceptis
870 2836 917 2898 bis
932 2835 1099 2898 nominibus
1117 2834 1210 2897 valeat
1228 2834 1349 2915 regula’.

28 2952 53 2995 ε
147 2935 262 3011 Fures,
285 2936 353 2999 licet
372 2939 552 3018 grammatici
574 2938 676 3014 velint,
700 2939 840 3019 genetiuis
859 2947 918 3001 tam
939 2937 1077 3018 singulari
1099 2955 1185 3016 quam
1206 2936 1309 3018 plurali
1325 2936 1349 2999 si

61 3038 70 3098 i
88 3038 184 3100 littera
207 3039 354 3114 intererit,
376 3041 570 3103 accusatiumr
594 3041 735 3122 plaualem
754 3042 784 3103 in
806 3042 848 3102 eis
874 3041 967 3116 exire,
990 3047 1022 3100 ut
1040 3039 1126 3100 buius
1146 3038 1224 3101 funis
1246 3040 1349 3101 borum

61 3140 180 3205 lunium
203 3141 258 3202 hos
291 3143 394 3204 suneis.
440 3161 526 3221 quam
556 3142 685 3221 regulam
707 3151 805 3220 ,negat
825 3142 935 3204 Plinius
966 3141 1041 3202 vires
1073 3139 1181 3202 habere
1208 3141 1348 3222 potuisse.

60 3252 160 3305 ermnt
184 3245 263 3305 enim
290 3243 340 3322 qui
362 3250 465 3327 putant
487 3264 521 3304 ea
545 3245 661 3306 nentina
688 3262 762 3322 quae
788 3244 965 3306 nominativo
995 3241 1134 3322 singulari
1163 3250 1192 3303 et
1217 3243 1349 3321 genetivo

58 3363 114 3426 per
133 3345 159 3406 is
181 3345 413 3408 terminabuntur
434 3354 464 3407 et
486 3347 633 3426 genetivos
651 3344 794 3425 plurales
821 3364 874 3427 per
901 3347 960 3407 ium
988 3344 1143 3423 loquentur
1170 3343 1349 3404 accusativos

18 3447 157 3508 niuneia
178 3466 267 3528 posse
288 3447 399 3522 dicere,
427 3449 504 3528 quod
527 3457 612 3526 negat
631 3448 749 3510 Plinius.

144 3547 284 3612 Ferocior
305 3559 364 3611 tam
386 3569 472 3629 quam
492 3551 574 3631 peior
594 3551 697 3613 melior
718 3551 758 3611 ait
779 3549 851 3611 Stilo
871 3549 900 3610 in
923 3547 965 3609 eis
986 3543 1150 3607 accusativo
1172 3564 1260 3624 posse
1281 3563 1348 3623 pro-

57 3650 144 3725 lerri,
168 3652 345 3714 ferocioreis.

56 3891 88 3944 31
129 3892 158 3941 Ν
172 3898 192 3941 ΙΙ
208 3897 228 3948 i,
247 3900 257 3941 Ι
293 3890 410 3942 Ferocior

126 4115 208 4166 laub
227 4129 241 4162 c
260 4112 352 4180 littera]
371 4131 400 4178 p.
423 4111 472 4162 100
488 4129 511 4160 e.
528 4114 656 4163 cervicium
741 4069 885 4176 tilipeinnl:
904 4109 930 4159 N
952 4107 1071 4174 Lycinius
1093 4122 1114 4156 ω
1201 4102 1295 4153 'llalsi
1310 4117 1346 4151 w:

56 4183 116 4236 nidi
128 4187 154 4234 ia
170 4187 229 4249 ipra
244 4183 338 4234 codicia
353 4185 482 4248 scriptura
499 4183 607 4248 quaeraris
625 4197 672 4231 noa
686 4196 792 4244 prorem
806 4189 878 4231 certa
894 4179 956 4230 salsi
974 4193 1030 4229 eece
1045 4175 1175 4226 uidebatur
1269 4174 1347 4222 Anto·

57 4306 96 4355 nii
113 4321 136 4356 ω
159 4305 274 4356 antonini
292 4304 318 4354 N
402 4261 505 4366 strati
529 4303 611 4353 cicero
630 4301 657 4351 N
740 4301 772 4351 12
791 4300 914 4367 praelecti
932 4297 1064 4349 Fabricius
1083 4294 1119 4361 pl.
1137 4295 1164 4344 N
1249 4292 1280 4343 14
1298 4292 1346 4342 bus

58 4443 106 4477 on.
126 4425 154 4476 N
231 4426 262 4476 17
280 4382 356 4476 trisim
377 4424 402 4474 N
480 4424 511 4474 19
529 4423 630 4473 Pentele
650 4435 672 4470 ω
690 4421 777 4473 Pontis
794 4421 820 4470 N
904 4421 969 4487 gene
990 4419 1026 4468 N:
1044 4416 1173 4484 genitluus
1189 4440 1219 4450 -
1239 4412 1346 4464 ilittera

555 4501 568 4530 0

58 4545 236 4596 terminabitur
251 4545 384 4598 Fabricium
452 4545 486 4596 20
501 4545 589 4610 per.is
608 4544 634 4592 N
708 4536 786 4607 loq.t'.
807 4541 842 4606 (b.
860 4558 883 4593 c.
902 4541 1030 4605 loquetur)
1047 4537 1074 4587 N
1090 4536 1208 4599 loquutus
1225 4547 1247 4582 ω
1266 4532 1346 4613 loqui·

56 4625 98 4665 tur
114 4616 302 4667 Lindemanmu
378 4615 411 4667 23
430 4614 535 4679 lyntreis
551 4614 577 4663 N
657 4614 755 4664 corbeis
772 4627 794 4662 ω
812 4613 912 4663 cumeis
930 4611 957 4660 N
1028 4607 1135 4683 inoptata
1152 4603 1178 4652 N
1194 4611 1292 4667 neptem
1309 4616 1344 4652 w:

55 4685 94 4749 cs.
111 4686 242 4736 mean.
259 4700 287 4748 p.
302 4685 352 4735 tto
436 4686 470 4736 25
491 4685 573 4734 Panes
590 4699 611 4733 ω
631 4683 709 4734 Fures
727 4683 753 4732 N
834 4682 868 4732 ²8
886 4681 1040 4731 nominatiuo
1058 4678 1134 4741 singu
1153 4676 1234 4739 egene
1252 4671 1278 4721 N

56 4755 242 4822 euganeorum
259 4769 306 4821 per
323 4756 374 4803 lum
389 4743 477 4818 loq.nt'
485 4753 521 4820 (b.
530 4770 552 4804 e.
560 4750 705 4819 loquentur)
724 4755 883 4805 accusatiuoa
896 4750 921 4800 N
936 4749 1048 4815 genitluo
1066 4760 1112 4811 per
1130 4744 1183 4793 ium
1200 4743 1344 4806 loquuntur,

57 4825 205 4876 scematiuo
224 4841 246 4874 ω
320 4825 433 4888 sortasse
451 4824 609 4874 accusativos
627 4823 653 4872 lu
669 4823 707 4873 ela

99 4928 306 4974 cnauuarrcr
329 4929 438 4970 narrat
460 4930 481 4969 1.
1118 4896 1138 4961 9
