<?xml version="1.0" encoding="UTF-8"?>
<!DOCTYPE html PUBLIC "-//W3C//DTD XHTML 1.0 Transitional//EN"
    "http://www.w3.org/TR/xhtml1/DTD/xhtml1-transitional.dtd">
<html xmlns="http://www.w3.org/1999/xhtml" xml:lang="en" lang="en">
 <head>
  <title>
</title>
<meta http-equiv="Content-Type" content="text/html;charset=utf-8" />
  <meta name='ocr-system' content='tesseract 3.04.00' />
  <meta name='ocr-capabilities' content='ocr_page ocr_carea ocr_par ocr_line ocrx_word'/>
</head>
<body>
  <div class='ocr_page' id='page_1' title='image "./grammaticilatin02keilgoog_0350.png"; bbox 0 0 3114 5356; ppageno 0'>
   <div class='ocr_carea' id='block_1_1' title="bbox 573 278 1452 347">
    <p class='ocr_par' dir='ltr' id='par_1_1' title="bbox 573 278 1452 347">
     <span class='ocr_line' id='line_1_1' title="bbox 573 278 1452 347; baseline 0.003 -7"><span class='ocrx_word' id='word_1_1' title='bbox 573 279 707 341; x_wconf 89' lang='lat' dir='ltr'><strong>lNSTlT.</strong></span> <span class='ocrx_word' id='word_1_2' title='bbox 732 278 844 341; x_wconf 75' lang='lat' dir='ltr'><strong>tutat.</strong></span> <span class='ocrx_word' id='word_1_3' title='bbox 867 280 940 347; x_wconf 84' lang='lat' dir='ltr'><strong>LlB.</strong></span> <span class='ocrx_word' id='word_1_4' title='bbox 963 280 1017 343; x_wconf 94' lang='lat' dir='ltr'><strong>llll</strong></span> <span class='ocrx_word' id='word_1_5' title='bbox 1390 280 1452 345; x_wconf 80' lang='grc'><strong>285</strong></span> 
     </span>
    </p>
   </div>
   <div class='ocr_carea' id='block_1_2' title="bbox 197 386 1401 545">
    <p class='ocr_par' dir='ltr' id='par_1_2' title="bbox 197 386 1401 545">
     <span class='ocr_line' id='line_1_2' title="bbox 197 386 1401 452; baseline 0.002 -15"><span class='ocrx_word' id='word_1_6' title='bbox 197 393 371 452; x_wconf 55' lang='lat' dir='ltr'><strong>plssssl’.</strong></span> <span class='ocrx_word' id='word_1_7' title='bbox 436 386 441 393; x_wconf 64' lang='grc'><em>’</em></span> <span class='ocrx_word' id='word_1_8' title='bbox 1237 395 1401 450; x_wconf 56' lang='lat' dir='ltr'><strong>mmm„</strong></span> 
     </span>
     <span class='ocr_line' id='line_1_3' title="bbox 316 464 1351 545; baseline 0.002 -19"><span class='ocrx_word' id='word_1_9' title='bbox 316 466 517 545; x_wconf 89' lang='lat' dir='ltr'><strong>domuique</strong></span> <span class='ocrx_word' id='word_1_10' title='bbox 538 465 726 541; x_wconf 83' lang='lat' dir='ltr'>columen,</span> <span class='ocrx_word' id='word_1_11' title='bbox 748 486 872 528; x_wconf 90' lang='lat' dir='ltr'><strong>nonne</strong></span> <span class='ocrx_word' id='word_1_12' title='bbox 892 465 989 527; x_wconf 84' lang='lat' dir='ltr'><strong>haec</strong></span> <span class='ocrx_word' id='word_1_13' title='bbox 1010 464 1084 526; x_wconf 84' lang='lat' dir='ltr'><strong>tihi</strong></span> <span class='ocrx_word' id='word_1_14' title='bbox 1103 466 1160 528; x_wconf 87' lang='lat' dir='ltr'><strong>sic</strong></span> <span class='ocrx_word' id='word_1_15' title='bbox 1181 466 1351 529; x_wconf 79' lang='lat' dir='ltr'><strong>diceret?</strong></span> 
     </span>
    </p>
   </div>
   <div class='ocr_carea' id='block_1_3' title="bbox 123 566 1454 2469">
    <p class='ocr_par' dir='ltr' id='par_1_3' title="bbox 123 566 1454 2469">
     <span class='ocr_line' id='line_1_4' title="bbox 315 566 1283 630; baseline 0.001 -2"><span class='ocrx_word' id='word_1_16' title='bbox 315 571 459 629; x_wconf 76' lang='lat' dir='ltr'><strong>‘curte</strong></span> <span class='ocrx_word' id='word_1_17' title='bbox 484 566 710 630; x_wconf 82' lang='lat' dir='ltr'><strong>dedecoras?</strong></span> <span class='ocrx_word' id='word_1_18' title='bbox 732 570 862 630; x_wconf 87' lang='lat' dir='ltr'><strong>lamam</strong></span> <span class='ocrx_word' id='word_1_19' title='bbox 887 588 952 629; x_wconf 92' lang='lat' dir='ltr'><strong>cur</strong></span> <span class='ocrx_word' id='word_1_20' title='bbox 973 568 1140 630; x_wconf 81' lang='lat' dir='ltr'><strong>maculas</strong></span> <span class='ocrx_word' id='word_1_21' title='bbox 1163 567 1283 630; x_wconf 81' lang='lat' dir='ltr'><strong>tuam?</strong></span> 
     </span>
     <span class='ocr_line' id='line_1_5' title="bbox 318 669 1326 748; baseline 0.002 -18"><span class='ocrx_word' id='word_1_22' title='bbox 318 688 383 730; x_wconf 92' lang='lat' dir='ltr'><strong>cur</strong></span> <span class='ocrx_word' id='word_1_23' title='bbox 404 688 479 730; x_wconf 89' lang='lat' dir='ltr'><strong>rem</strong></span> <span class='ocrx_word' id='word_1_24' title='bbox 500 669 705 747; x_wconf 80' lang='lat' dir='ltr'>dilapidas,</span> <span class='ocrx_word' id='word_1_25' title='bbox 729 688 832 748; x_wconf 89' lang='lat' dir='ltr'><strong>quam</strong></span> <span class='ocrx_word' id='word_1_26' title='bbox 855 670 971 731; x_wconf 89' lang='lat' dir='ltr'><strong>miser</strong></span> <span class='ocrx_word' id='word_1_27' title='bbox 992 671 1157 730; x_wconf 82' lang='lat' dir='ltr'><strong>extruxit</strong></span> <span class='ocrx_word' id='word_1_28' title='bbox 1177 669 1326 732; x_wconf 77' lang='lat' dir='ltr'><strong>lahor‘l&#39;</strong></span> 
     </span>
     <span class='ocr_line' id='line_1_6' title="bbox 152 770 1453 853; baseline 0 -20"><span class='ocrx_word' id='word_1_29' title='bbox 152 770 332 852; x_wconf 80' lang='lat' dir='ltr'><strong>{philosophi</strong></span> <span class='ocrx_word' id='word_1_30' title='bbox 361 771 472 848; x_wconf 77' lang='lat' dir='ltr'><strong>antiqui</strong></span> <span class='ocrx_word' id='word_1_31' title='bbox 501 790 588 832; x_wconf 85' lang='lat' dir='ltr'><strong>usum</strong></span> <span class='ocrx_word' id='word_1_32' title='bbox 617 770 751 833; x_wconf 79' lang='lat' dir='ltr'><strong>dixerunt</strong></span> <span class='ocrx_word' id='word_1_33' title='bbox 775 782 895 853; x_wconf 79' lang='lat' dir='ltr'>tropen,</span> <span class='ocrx_word' id='word_1_34' title='bbox 930 789 1017 849; x_wconf 89' lang='lat' dir='ltr'><strong>quam</strong></span> <span class='ocrx_word' id='word_1_35' title='bbox 1046 771 1228 833; x_wconf 70' lang='lat' dir='ltr'><strong>catachresin</strong></span> <span class='ocrx_word' id='word_1_36' title='bbox 1256 773 1453 846; x_wconf 84' lang='lat' dir='ltr'><strong>nominavere,</strong></span> 
     </span>
     <span class='ocr_line' id='line_1_7' title="bbox 126 871 1454 955; baseline 0.002 -24"><span class='ocrx_word' id='word_1_37' title='bbox 126 874 197 934; x_wconf 78' lang='lat' dir='ltr'><strong>scui</strong></span> <span class='ocrx_word' id='word_1_38' title='bbox 218 871 352 953; x_wconf 89' lang='lat' dir='ltr'><strong>opinioni</strong></span> <span class='ocrx_word' id='word_1_39' title='bbox 375 872 507 951; x_wconf 81' lang='lat' dir='ltr'><strong>plerique</strong></span> <span class='ocrx_word' id='word_1_40' title='bbox 526 873 708 949; x_wconf 69' lang='lat' dir='ltr'><strong>perimatur</strong></span> <span class='ocrx_word' id='word_1_41' title='bbox 730 871 849 954; x_wconf 73' lang='lat' dir='ltr'><strong>anitiqui</strong></span> <span class='ocrx_word' id='word_1_42' title='bbox 868 881 1091 936; x_wconf 85' lang='lat' dir='ltr'><strong>consenserunt</strong></span> <span class='ocrx_word' id='word_1_43' title='bbox 1136 874 1232 934; x_wconf 90' lang='lat' dir='ltr'><strong>omnis</strong></span> <span class='ocrx_word' id='word_1_44' title='bbox 1251 875 1329 935; x_wconf 88' lang='lat' dir='ltr'><strong>eninr</strong></span> <span class='ocrx_word' id='word_1_45' title='bbox 1351 882 1454 955; x_wconf 89' lang='lat' dir='ltr'><strong>tropus</strong></span> 
     </span>
     <span class='ocr_line' id='line_1_8' title="bbox 151 972 720 1055; baseline 0.002 -22"><span class='ocrx_word' id='word_1_46' title='bbox 151 973 286 1051; x_wconf 84' lang='lat' dir='ltr'><strong>quidest</strong></span> <span class='ocrx_word' id='word_1_47' title='bbox 305 972 363 1034; x_wconf 87' lang='lat' dir='ltr'><strong>nisi</strong></span> <span class='ocrx_word' id='word_1_48' title='bbox 386 973 497 1034; x_wconf 88' lang='lat' dir='ltr'><strong>alienae</strong></span> <span class='ocrx_word' id='word_1_49' title='bbox 516 974 558 1034; x_wconf 90' lang='lat' dir='ltr'><strong>rei</strong></span> <span class='ocrx_word' id='word_1_50' title='bbox 579 972 720 1055; x_wconf 70' lang='lat' dir='ltr'><strong>ebusini]</strong></span> 
     </span>
     <span class='ocr_line' id='line_1_9' title="bbox 234 1074 1454 1166; baseline 0.003 -32"><span class='ocrx_word' id='word_1_51' title='bbox 234 1074 294 1134; x_wconf 88' lang='lat' dir='ltr'><strong>Per</strong></span> <span class='ocrx_word' id='word_1_52' title='bbox 315 1074 518 1153; x_wconf 83' lang='lat' dir='ltr'><strong>apologismou</strong></span> <span class='ocrx_word' id='word_1_53' title='bbox 541 1075 601 1135; x_wconf 84' lang='lat' dir='ltr'><strong>sire</strong></span> <span class='ocrx_word' id='word_1_54' title='bbox 625 1075 701 1139; x_wconf 92' lang='lat' dir='ltr'><strong>ultro</strong></span> <span class='ocrx_word' id='word_1_55' title='bbox 724 1074 835 1151; x_wconf 86' lang='lat' dir='ltr'><strong>dando,</strong></span> <span class='ocrx_word' id='word_1_56' title='bbox 858 1095 926 1138; x_wconf 91' lang='lat' dir='ltr'><strong>cum</strong></span> <span class='ocrx_word' id='word_1_57' title='bbox 947 1074 1055 1152; x_wconf 89' lang='lat' dir='ltr'><strong>aliquid</strong></span> <span class='ocrx_word' id='word_1_58' title='bbox 1073 1075 1239 1136; x_wconf 75' lang='lat' dir='ltr'><strong>adversario</strong></span> <span class='ocrx_word' id='word_1_59' title='bbox 1257 1085 1360 1166; x_wconf 82' lang='lat' dir='ltr'><strong>nostro</strong></span> <span class='ocrx_word' id='word_1_60' title='bbox 1376 1078 1454 1138; x_wconf 90' lang='lat' dir='ltr'><strong>ultro</strong></span> 
     </span>
     <span class='ocr_line' id='line_1_10' title="bbox 153 1172 1072 1259; baseline 0.001 -24"><span class='ocrx_word' id='word_1_61' title='bbox 153 1176 258 1238; x_wconf 88' lang='lat' dir='ltr'><strong>damus</strong></span> <span class='ocrx_word' id='word_1_62' title='bbox 286 1193 345 1253; x_wconf 90' lang='lat' dir='ltr'><strong>quo</strong></span> <span class='ocrx_word' id='word_1_63' title='bbox 376 1176 418 1238; x_wconf 92' lang='lat' dir='ltr'><strong>uti</strong></span> <span class='ocrx_word' id='word_1_64' title='bbox 445 1195 514 1236; x_wconf 88' lang='lat' dir='ltr'><strong>cum</strong></span> <span class='ocrx_word' id='word_1_65' title='bbox 536 1176 646 1239; x_wconf 88' lang='lat' dir='ltr'><strong>scimus</strong></span> <span class='ocrx_word' id='word_1_66' title='bbox 668 1197 729 1239; x_wconf 89' lang='lat' dir='ltr'><strong>uon</strong></span> <span class='ocrx_word' id='word_1_67' title='bbox 749 1196 856 1257; x_wconf 84' lang='lat' dir='ltr'><strong>posse,</strong></span> <span class='ocrx_word' id='word_1_68' title='bbox 876 1186 936 1239; x_wconf 90' lang='lat' dir='ltr'><strong>tam</strong></span> <span class='ocrx_word' id='word_1_69' title='bbox 955 1195 1043 1255; x_wconf 89' lang='lat' dir='ltr'><strong>quam</strong></span> <span class='ocrx_word' id='word_1_70' title='bbox 1058 1172 1072 1259; x_wconf 82' lang='grc' dir='ltr'><strong>ΙΙ</strong></span> 
     </span>
     <span class='ocr_line' id='line_1_11' title="bbox 320 1277 1149 1360; baseline -0.001 -22"><span class='ocrx_word' id='word_1_71' title='bbox 320 1285 443 1339; x_wconf 88' lang='lat' dir='ltr'><strong>tutare</strong></span> <span class='ocrx_word' id='word_1_72' title='bbox 464 1277 574 1338; x_wconf 90' lang='lat' dir='ltr'><strong>amici</strong></span> <span class='ocrx_word' id='word_1_73' title='bbox 596 1297 758 1351; x_wconf 84' lang='lat' dir='ltr'><strong>causam,</strong></span> <span class='ocrx_word' id='word_1_74' title='bbox 780 1280 882 1360; x_wconf 91' lang='lat' dir='ltr'><strong>potis</strong></span> <span class='ocrx_word' id='word_1_75' title='bbox 903 1298 957 1351; x_wconf 89' lang='lat' dir='ltr'><strong>es,</strong></span> <span class='ocrx_word' id='word_1_76' title='bbox 980 1278 1149 1358; x_wconf 81' lang='lat' dir='ltr'><strong>suscipe:</strong></span> 
     </span>
     <span class='ocr_line' id='line_1_12' title="bbox 124 1379 1165 1460; baseline -0.005 -16"><span class='ocrx_word' id='word_1_77' title='bbox 124 1404 145 1444; x_wconf 82' lang='grc' dir='ltr'><strong>ιι</strong></span> <span class='ocrx_word' id='word_1_78' title='bbox 320 1379 491 1442; x_wconf 87' lang='lat' dir='ltr'><strong>obicitur</strong></span> <span class='ocrx_word' id='word_1_79' title='bbox 511 1379 651 1440; x_wconf 84' lang='lat' dir='ltr'><strong>crimen</strong></span> <span class='ocrx_word' id='word_1_80' title='bbox 674 1380 831 1460; x_wconf 84' lang='lat' dir='ltr'><strong>capitis,</strong></span> <span class='ocrx_word' id='word_1_81' title='bbox 854 1399 973 1460; x_wconf 77' lang='lat' dir='ltr'><strong>purga</strong></span> <span class='ocrx_word' id='word_1_82' title='bbox 995 1379 1165 1442; x_wconf 81' lang='lat' dir='ltr'><strong>sortiter:</strong></span> 
     </span>
     <span class='ocr_line' id='line_1_13' title="bbox 320 1478 1380 1563; baseline 0.002 -22"><span class='ocrx_word' id='word_1_83' title='bbox 320 1481 359 1541; x_wconf 92' lang='lat' dir='ltr'><strong>in</strong></span> <span class='ocrx_word' id='word_1_84' title='bbox 381 1479 489 1540; x_wconf 89' lang='lat' dir='ltr'><strong>amici</strong></span> <span class='ocrx_word' id='word_1_85' title='bbox 509 1498 621 1542; x_wconf 87' lang='lat' dir='ltr'><strong>causa</strong></span> <span class='ocrx_word' id='word_1_86' title='bbox 645 1478 803 1563; x_wconf 85' lang='lat' dir='ltr'><strong>[potior]</strong></span> <span class='ocrx_word' id='word_1_87' title='bbox 828 1491 888 1544; x_wconf 88' lang='lat' dir='ltr'><strong>est</strong></span> <span class='ocrx_word' id='word_1_88' title='bbox 908 1483 1017 1544; x_wconf 88' lang='lat' dir='ltr'><strong>immo</strong></span> <span class='ocrx_word' id='word_1_89' title='bbox 1040 1488 1144 1542; x_wconf 88' lang='lat' dir='ltr'><strong>certe</strong></span> <span class='ocrx_word' id='word_1_90' title='bbox 1167 1480 1292 1561; x_wconf 91' lang='lat' dir='ltr'><strong>potior</strong></span> <span class='ocrx_word' id='word_1_91' title='bbox 1312 1491 1380 1543; x_wconf 79' lang='lat' dir='ltr'><strong>est.</strong></span> 
     </span>
     <span class='ocr_line' id='line_1_14' title="bbox 239 1580 652 1661; baseline 0 -19"><span class='ocrx_word' id='word_1_92' title='bbox 239 1582 296 1642; x_wconf 81' lang='lat' dir='ltr'><strong>Per</strong></span> <span class='ocrx_word' id='word_1_93' title='bbox 315 1580 497 1661; x_wconf 71' lang='lat' dir='ltr'>hyperbolen</span> <span class='ocrx_word' id='word_1_94' title='bbox 519 1581 576 1642; x_wconf 92' lang='lat' dir='ltr'><strong>hoc</strong></span> <span class='ocrx_word' id='word_1_95' title='bbox 597 1591 652 1657; x_wconf 84' lang='lat' dir='ltr'><strong>est,</strong></span> 
     </span>
     <span class='ocr_line' id='line_1_15' title="bbox 315 1683 1197 1761; baseline 0.001 -19"><span class='ocrx_word' id='word_1_96' title='bbox 315 1683 351 1743; x_wconf 91' lang='lat' dir='ltr'><strong>in</strong></span> <span class='ocrx_word' id='word_1_97' title='bbox 374 1685 518 1744; x_wconf 84' lang='lat' dir='ltr'><strong>Venere</strong></span> <span class='ocrx_word' id='word_1_98' title='bbox 540 1700 675 1761; x_wconf 81' lang='lat' dir='ltr'><strong>sapere</strong></span> <span class='ocrx_word' id='word_1_99' title='bbox 696 1684 834 1745; x_wconf 83' lang='lat' dir='ltr'><strong>didicit</strong></span> <span class='ocrx_word' id='word_1_100' title='bbox 855 1685 891 1745; x_wconf 89' lang='lat' dir='ltr'><strong>ni</strong></span> <span class='ocrx_word' id='word_1_101' title='bbox 914 1685 1044 1745; x_wconf 90' lang='lat' dir='ltr'><strong>mirum</strong></span> <span class='ocrx_word' id='word_1_102' title='bbox 1067 1684 1197 1758; x_wconf 91' lang='lat' dir='ltr'><strong>Solon,</strong></span> 
     </span>
     <span class='ocr_line' id='line_1_16' title="bbox 312 1783 1137 1863; baseline 0.002 -18"><span class='ocrx_word' id='word_1_103' title='bbox 312 1784 377 1862; x_wconf 90' lang='lat' dir='ltr'><strong>qui</strong></span> <span class='ocrx_word' id='word_1_104' title='bbox 399 1783 483 1863; x_wconf 80' lang='lat' dir='ltr'><strong>lege</strong></span> <span class='ocrx_word' id='word_1_105' title='bbox 503 1784 604 1844; x_wconf 88' lang='lat' dir='ltr'><strong>cavit</strong></span> <span class='ocrx_word' id='word_1_106' title='bbox 625 1785 715 1847; x_wconf 82' lang='lat' dir='ltr'><strong>vitia</strong></span> <span class='ocrx_word' id='word_1_107' title='bbox 737 1784 1137 1848; x_wconf 89' lang='lat' dir='ltr'><strong>uti.transcendercnt</strong></span> 
     </span>
     <span class='ocr_line' id='line_1_17' title="bbox 130 1886 1138 1968; baseline 0.002 -25"><span class='ocrx_word' id='word_1_108' title='bbox 130 1903 148 1944; x_wconf 79' lang='lat' dir='ltr'><strong>a</strong></span> <span class='ocrx_word' id='word_1_109' title='bbox 321 1886 494 1948; x_wconf 92' lang='lat' dir='ltr'><strong>auctoris</strong></span> <span class='ocrx_word' id='word_1_110' title='bbox 516 1904 673 1966; x_wconf 90' lang='lat' dir='ltr'><strong>poenae:</strong></span> <span class='ocrx_word' id='word_1_111' title='bbox 696 1886 802 1948; x_wconf 92' lang='lat' dir='ltr'><strong>nulla</strong></span> <span class='ocrx_word' id='word_1_112' title='bbox 822 1906 939 1968; x_wconf 89' lang='lat' dir='ltr'><strong>poena</strong></span> <span class='ocrx_word' id='word_1_113' title='bbox 961 1886 1138 1948; x_wconf 83' lang='lat' dir='ltr'><strong>acerbior</strong></span> 
     </span>
     <span class='ocr_line' id='line_1_18' title="bbox 322 1986 964 2066; baseline 0.002 -20"><span class='ocrx_word' id='word_1_114' title='bbox 322 1986 531 2064; x_wconf 82' lang='lat' dir='ltr'><strong>excogitari</strong></span> <span class='ocrx_word' id='word_1_115' title='bbox 553 1988 676 2066; x_wconf 90' lang='lat' dir='ltr'><strong>potuit</strong></span> <span class='ocrx_word' id='word_1_116' title='bbox 697 1989 827 2050; x_wconf 83' lang='lat' dir='ltr'><strong>uxoris</strong></span> <span class='ocrx_word' id='word_1_117' title='bbox 850 1987 964 2049; x_wconf 88' lang='lat' dir='ltr'><strong>malis.</strong></span> 
     </span>
     <span class='ocr_line' id='line_1_19' title="bbox 239 2087 1454 2168; baseline -0.001 -19"><span class='ocrx_word' id='word_1_118' title='bbox 239 2089 297 2150; x_wconf 82' lang='lat' dir='ltr'><strong>Per</strong></span> <span class='ocrx_word' id='word_1_119' title='bbox 317 2087 550 2162; x_wconf 82' lang='lat' dir='ltr'><strong>contessionem,</strong></span> <span class='ocrx_word' id='word_1_120' title='bbox 575 2097 632 2150; x_wconf 89' lang='lat' dir='ltr'><strong>tam</strong></span> <span class='ocrx_word' id='word_1_121' title='bbox 653 2109 740 2168; x_wconf 91' lang='lat' dir='ltr'><strong>quarn</strong></span> <span class='ocrx_word' id='word_1_122' title='bbox 763 2109 848 2167; x_wconf 86' lang='lat' dir='ltr'><strong>suum</strong></span> <span class='ocrx_word' id='word_1_123' title='bbox 871 2088 980 2149; x_wconf 86' lang='lat' dir='ltr'><strong>crimen</strong></span> <span class='ocrx_word' id='word_1_124' title='bbox 1001 2087 1183 2160; x_wconf 85' lang='lat' dir='ltr'><strong>confitentis,</strong></span> <span class='ocrx_word' id='word_1_125' title='bbox 1202 2105 1270 2148; x_wconf 89' lang='lat' dir='ltr'><strong>cum</strong></span> <span class='ocrx_word' id='word_1_126' title='bbox 1292 2088 1385 2148; x_wconf 91' lang='lat' dir='ltr'><strong>oratio</strong></span> <span class='ocrx_word' id='word_1_127' title='bbox 1410 2089 1454 2148; x_wconf 91' lang='lat' dir='ltr'><strong>iu·</strong></span> 
     </span>
     <span class='ocr_line' id='line_1_20' title="bbox 157 2189 553 2270; baseline -0.008 -19"><span class='ocrx_word' id='word_1_128' title='bbox 157 2209 279 2270; x_wconf 76' lang='lat' dir='ltr'><strong>crepans</strong></span> <span class='ocrx_word' id='word_1_129' title='bbox 301 2190 428 2251; x_wconf 89' lang='lat' dir='ltr'><strong>alterum</strong></span> <span class='ocrx_word' id='word_1_130' title='bbox 446 2189 553 2268; x_wconf 71' lang='lat' dir='ltr'><strong>prodit,</strong></span> 
     </span>
     <span class='ocr_line' id='line_1_21' title="bbox 322 2288 1238 2364; baseline 0 -14"><span class='ocrx_word' id='word_1_131' title='bbox 322 2300 413 2363; x_wconf 88' lang='lat' dir='ltr'><strong>tum,</strong></span> <span class='ocrx_word' id='word_1_132' title='bbox 435 2290 562 2364; x_wconf 84' lang='lat' dir='ltr'><strong>credo,</strong></span> <span class='ocrx_word' id='word_1_133' title='bbox 582 2310 660 2352; x_wconf 92' lang='lat' dir='ltr'><strong>cum</strong></span> <span class='ocrx_word' id='word_1_134' title='bbox 679 2310 732 2352; x_wconf 91' lang='lat' dir='ltr'><strong>me</strong></span> <span class='ocrx_word' id='word_1_135' title='bbox 752 2292 910 2352; x_wconf 87' lang='lat' dir='ltr'><strong>arbusta</strong></span> <span class='ocrx_word' id='word_1_136' title='bbox 931 2290 1059 2351; x_wconf 83' lang='lat' dir='ltr'><strong>ridere</strong></span> <span class='ocrx_word' id='word_1_137' title='bbox 1080 2288 1238 2350; x_wconf 78' lang='lat' dir='ltr'><strong>Miconis</strong></span> 
     </span>
     <span class='ocr_line' id='line_1_22' title="bbox 123 2391 1172 2469; baseline -0.003 -15"><span class='ocrx_word' id='word_1_138' title='bbox 123 2411 146 2454; x_wconf 77' lang='grc' dir='ltr'><strong>ιι</strong></span> <span class='ocrx_word' id='word_1_139' title='bbox 321 2404 433 2469; x_wconf 89' lang='lat' dir='ltr'><strong>atque</strong></span> <span class='ocrx_word' id='word_1_140' title='bbox 455 2394 547 2454; x_wconf 86' lang='lat' dir='ltr'><strong>mala</strong></span> <span class='ocrx_word' id='word_1_141' title='bbox 568 2393 658 2454; x_wconf 83' lang='lat' dir='ltr'><strong>vitis</strong></span> <span class='ocrx_word' id='word_1_142' title='bbox 679 2393 850 2454; x_wconf 87' lang='lat' dir='ltr'><strong>incidere</strong></span> <span class='ocrx_word' id='word_1_143' title='bbox 872 2391 969 2453; x_wconf 88' lang='lat' dir='ltr'><strong>lalcc</strong></span> <span class='ocrx_word' id='word_1_144' title='bbox 991 2391 1172 2453; x_wconf 77' lang='lat' dir='ltr'><strong>novellas.</strong></span> 
     </span>
    </p>
   </div>
   <div class='ocr_carea' id='block_1_4' title="bbox 111 2579 1427 3507">
    <p class='ocr_par' dir='ltr' id='par_1_4' title="bbox 111 2579 1427 3507">
     <span class='ocr_line' id='line_1_23' title="bbox 157 2579 181 2628; baseline 0 -2"><span class='ocrx_word' id='word_1_145' title='bbox 157 2579 181 2628; x_wconf 81' lang='grc' dir='ltr'><em>Ν</em></span> 
     </span>
     <span class='ocr_line' id='line_1_24' title="bbox 156 2662 1373 2731; baseline -0.001 -15"><span class='ocrx_word' id='word_1_146' title='bbox 156 2667 193 2716; x_wconf 91' lang='lat' dir='ltr'><strong>sic</strong></span> <span class='ocrx_word' id='word_1_147' title='bbox 216 2667 315 2717; x_wconf 86' lang='lat' dir='ltr'><strong>diceret</strong></span> <span class='ocrx_word' id='word_1_148' title='bbox 338 2680 384 2714; x_wconf 88' lang='lat' dir='ltr'><strong>cur</strong></span> <span class='ocrx_word' id='word_1_149' title='bbox 405 2674 431 2716; x_wconf 92' lang='lat' dir='ltr'><strong>te</strong></span> <span class='ocrx_word' id='word_1_150' title='bbox 453 2666 592 2717; x_wconf 83' lang='lat' dir='ltr'><strong>dedecores</strong></span> <span class='ocrx_word' id='word_1_151' title='bbox 614 2665 738 2717; x_wconf 70' lang='lat' dir='ltr'><strong>familiam</strong></span> <span class='ocrx_word' id='word_1_152' title='bbox 760 2680 805 2715; x_wconf 87' lang='lat' dir='ltr'><strong>cur</strong></span> <span class='ocrx_word' id='word_1_153' title='bbox 826 2662 940 2715; x_wconf 86' lang='lat' dir='ltr'><strong>macules</strong></span> <span class='ocrx_word' id='word_1_154' title='bbox 962 2672 1032 2713; x_wconf 78' lang='lat' dir='ltr'><strong>tuam</strong></span> <span class='ocrx_word' id='word_1_155' title='bbox 1057 2679 1102 2713; x_wconf 88' lang='lat' dir='ltr'><strong>cnr</strong></span> <span class='ocrx_word' id='word_1_156' title='bbox 1123 2679 1176 2714; x_wconf 87' lang='lat' dir='ltr'><strong>rem</strong></span> <span class='ocrx_word' id='word_1_157' title='bbox 1205 2664 1333 2731; x_wconf 86' lang='lat' dir='ltr'><strong>dilapides</strong></span> <span class='ocrx_word' id='word_1_158' title='bbox 1357 2683 1373 2729; x_wconf 93' lang='lat' dir='ltr'>q</span> 
     </span>
     <span class='ocr_line' id='line_1_25' title="bbox 157 2750 1384 2818; baseline 0 -16"><span class='ocrx_word' id='word_1_159' title='bbox 157 2754 232 2802; x_wconf 87' lang='lat' dir='ltr'><strong>miser</strong></span> <span class='ocrx_word' id='word_1_160' title='bbox 245 2754 363 2802; x_wconf 84' lang='lat' dir='ltr'><strong>extruxit</strong></span> <span class='ocrx_word' id='word_1_161' title='bbox 376 2751 457 2802; x_wconf 83' lang='lat' dir='ltr'><strong>labor.</strong></span> <span class='ocrx_word' id='word_1_162' title='bbox 469 2752 616 2818; x_wconf 84' lang='lat' dir='ltr'><strong>philosophi</strong></span> <span class='ocrx_word' id='word_1_163' title='bbox 629 2753 728 2816; x_wconf 75' lang='lat' dir='ltr'><strong>antiqui</strong></span> <span class='ocrx_word' id='word_1_164' title='bbox 741 2766 815 2802; x_wconf 86' lang='lat' dir='ltr'><strong>usum</strong></span> <span class='ocrx_word' id='word_1_165' title='bbox 828 2751 948 2799; x_wconf 84' lang='lat' dir='ltr'><strong>dixerunt</strong></span> <span class='ocrx_word' id='word_1_166' title='bbox 960 2756 1050 2813; x_wconf 88' lang='lat' dir='ltr'><strong>tropen</strong></span> <span class='ocrx_word' id='word_1_167' title='bbox 1062 2766 1137 2814; x_wconf 83' lang='lat' dir='ltr'><strong>quarn</strong></span> <span class='ocrx_word' id='word_1_168' title='bbox 1153 2750 1311 2801; x_wconf 72' lang='lat' dir='ltr'><strong>catachresin</strong></span> <span class='ocrx_word' id='word_1_169' title='bbox 1325 2766 1384 2802; x_wconf 86' lang='lat' dir='ltr'><strong>nom</strong></span> 
     </span>
     <span class='ocr_line' id='line_1_26' title="bbox 125 2834 1387 2905; baseline -0.002 -16"><span class='ocrx_word' id='word_1_170' title='bbox 125 2839 142 2889; x_wconf 78' lang='lat'>5</span> <span class='ocrx_word' id='word_1_171' title='bbox 159 2837 202 2887; x_wconf 82' lang='lat' dir='ltr'><strong>Cui</strong></span> <span class='ocrx_word' id='word_1_172' title='bbox 213 2837 331 2904; x_wconf 81' lang='lat' dir='ltr'><strong>opinioni</strong></span> <span class='ocrx_word' id='word_1_173' title='bbox 342 2835 434 2902; x_wconf 80' lang='lat' dir='ltr'><strong>pleriq,</strong></span> <span class='ocrx_word' id='word_1_174' title='bbox 444 2841 604 2905; x_wconf 77' lang='lat' dir='ltr'><strong>grammmici</strong></span> <span class='ocrx_word' id='word_1_175' title='bbox 616 2840 713 2902; x_wconf 78' lang='lat' dir='ltr'><strong>antiqui</strong></span> <span class='ocrx_word' id='word_1_176' title='bbox 724 2846 907 2889; x_wconf 81' lang='lat' dir='ltr'><strong>consenserunt</strong></span> <span class='ocrx_word' id='word_1_177' title='bbox 919 2834 1105 2901; x_wconf 76' lang='lat' dir='ltr'><strong>o&#39;m‘stttropus</strong></span> <span class='ocrx_word' id='word_1_178' title='bbox 1116 2838 1193 2901; x_wconf 72' lang='lat' dir='ltr'><strong>quide</strong></span> <span class='ocrx_word' id='word_1_179' title='bbox 1201 2838 1251 2886; x_wconf 87' lang='lat' dir='ltr'><strong>nisi</strong></span> <span class='ocrx_word' id='word_1_180' title='bbox 1261 2839 1387 2904; x_wconf 81' lang='lat' dir='ltr'><strong>slienqrei</strong></span> 
     </span>
     <span class='ocr_line' id='line_1_27' title="bbox 157 2922 1387 2991; baseline 0.001 -18"><span class='ocrx_word' id='word_1_181' title='bbox 157 2925 203 2974; x_wconf 81' lang='lat' dir='ltr'><strong>l‘er</strong></span> <span class='ocrx_word' id='word_1_182' title='bbox 215 2923 399 2991; x_wconf 82' lang='lat' dir='ltr'><strong>apologismon</strong></span> <span class='ocrx_word' id='word_1_183' title='bbox 416 2926 472 2975; x_wconf 91' lang='lat' dir='ltr'><strong>siue</strong></span> <span class='ocrx_word' id='word_1_184' title='bbox 485 2925 552 2975; x_wconf 90' lang='lat' dir='ltr'><strong>ultro</strong></span> <span class='ocrx_word' id='word_1_185' title='bbox 570 2926 655 2975; x_wconf 85' lang='lat' dir='ltr'><strong>dando</strong></span> <span class='ocrx_word' id='word_1_186' title='bbox 665 2929 697 2974; x_wconf 85' lang='lat' dir='ltr'><strong>cil</strong></span> <span class='ocrx_word' id='word_1_187' title='bbox 712 2925 809 2988; x_wconf 83' lang='lat' dir='ltr'><strong>aliquid</strong></span> <span class='ocrx_word' id='word_1_188' title='bbox 822 2925 971 2975; x_wconf 83' lang='lat' dir='ltr'><strong>aduersario</strong></span> <span class='ocrx_word' id='word_1_189' title='bbox 983 2926 1017 2973; x_wconf 84' lang='grc' dir='ltr'><strong>ιιό</strong></span> <span class='ocrx_word' id='word_1_190' title='bbox 1030 2922 1096 2972; x_wconf 89' lang='lat' dir='ltr'><strong>ultro</strong></span> <span class='ocrx_word' id='word_1_191' title='bbox 1107 2923 1199 2974; x_wconf 84' lang='lat' dir='ltr'><strong>damus</strong></span> <span class='ocrx_word' id='word_1_192' title='bbox 1212 2938 1262 2985; x_wconf 89' lang='lat' dir='ltr'><strong>quo</strong></span> <span class='ocrx_word' id='word_1_193' title='bbox 1277 2926 1313 2974; x_wconf 93' lang='lat' dir='ltr'><strong>uti</strong></span> <span class='ocrx_word' id='word_1_194' title='bbox 1325 2926 1357 2974; x_wconf 80' lang='lat' dir='ltr'><strong>cu</strong></span> <span class='ocrx_word' id='word_1_195' title='bbox 1374 2941 1387 2973; x_wconf 82' lang='lat' dir='ltr'><strong>s</strong></span> 
     </span>
     <span class='ocr_line' id='line_1_28' title="bbox 111 3007 1387 3078; baseline 0.001 -20"><span class='ocrx_word' id='word_1_196' title='bbox 111 3007 142 3064; x_wconf 92' lang='grc'><strong>10</strong></span> <span class='ocrx_word' id='word_1_197' title='bbox 157 3013 172 3060; x_wconf 85' lang='lat' dir='ltr'><strong>ri</strong></span> <span class='ocrx_word' id='word_1_198' title='bbox 190 3026 267 3078; x_wconf 82' lang='lat' dir='ltr'><strong>posse</strong></span> <span class='ocrx_word' id='word_1_199' title='bbox 289 3019 420 3073; x_wconf 81' lang='lat' dir='ltr'><strong>tamquam</strong></span> <span class='ocrx_word' id='word_1_200' title='bbox 441 3020 521 3062; x_wconf 86' lang='lat' dir='ltr'><strong>tutare</strong></span> <span class='ocrx_word' id='word_1_201' title='bbox 544 3012 619 3062; x_wconf 85' lang='lat' dir='ltr'><strong>amici</strong></span> <span class='ocrx_word' id='word_1_202' title='bbox 645 3013 723 3061; x_wconf 74' lang='lat' dir='ltr'><strong>causei</strong></span> <span class='ocrx_word' id='word_1_203' title='bbox 750 3011 831 3076; x_wconf 87' lang='lat' dir='ltr'><strong>patris</strong></span> <span class='ocrx_word' id='word_1_204' title='bbox 855 3013 959 3077; x_wconf 84' lang='lat' dir='ltr'><strong>suscipe</strong></span> <span class='ocrx_word' id='word_1_205' title='bbox 987 3010 1096 3059; x_wconf 91' lang='lat' dir='ltr'><strong>obicitur</strong></span> <span class='ocrx_word' id='word_1_206' title='bbox 1126 3011 1223 3060; x_wconf 89' lang='lat' dir='ltr'><strong>crimen</strong></span> <span class='ocrx_word' id='word_1_207' title='bbox 1250 3013 1342 3076; x_wconf 83' lang='lat' dir='ltr'><strong>cepitis</strong></span> <span class='ocrx_word' id='word_1_208' title='bbox 1370 3024 1387 3075; x_wconf 93' lang='lat' dir='ltr'><strong>p</strong></span> 
     </span>
     <span class='ocr_line' id='line_1_29' title="bbox 158 3087 1427 3163; baseline -0.001 -16"><span class='ocrx_word' id='word_1_209' title='bbox 158 3098 256 3149; x_wconf 89' lang='lat' dir='ltr'><strong>lortiter</strong></span> <span class='ocrx_word' id='word_1_210' title='bbox 287 3099 315 3147; x_wconf 91' lang='lat' dir='ltr'><strong>in</strong></span> <span class='ocrx_word' id='word_1_211' title='bbox 338 3097 423 3147; x_wconf 80' lang='lat' dir='ltr'><strong>amici</strong></span> <span class='ocrx_word' id='word_1_212' title='bbox 453 3112 531 3149; x_wconf 86' lang='lat' dir='ltr'><strong>causa</strong></span> <span class='ocrx_word' id='word_1_213' title='bbox 559 3098 643 3163; x_wconf 89' lang='lat' dir='ltr'><strong>potior</strong></span> <span class='ocrx_word' id='word_1_214' title='bbox 672 3099 687 3146; x_wconf 73' lang='grc' dir='ltr'><strong><em>ὃ</em></strong></span> <span class='ocrx_word' id='word_1_215' title='bbox 712 3098 791 3147; x_wconf 88' lang='lat' dir='ltr'><strong>immo</strong></span> <span class='ocrx_word' id='word_1_216' title='bbox 816 3107 883 3147; x_wconf 86' lang='lat' dir='ltr'><strong>certe</strong></span> <span class='ocrx_word' id='word_1_217' title='bbox 905 3097 991 3161; x_wconf 86' lang='lat' dir='ltr'><strong>potior</strong></span> <span class='ocrx_word' id='word_1_218' title='bbox 1016 3104 1055 3144; x_wconf 88' lang='lat' dir='ltr'><strong>est</strong></span> <span class='ocrx_word' id='word_1_219' title='bbox 1082 3092 1109 3159; x_wconf 79' lang='lat' dir='ltr'><strong>sl</strong></span> <span class='ocrx_word' id='word_1_220' title='bbox 1134 3097 1339 3147; x_wconf 80' lang='lat' dir='ltr'><strong>transcenderem</strong></span> <span class='ocrx_word' id='word_1_221' title='bbox 1372 3112 1388 3146; x_wconf 88' lang='lat' dir='ltr'><strong>a</strong></span> <span class='ocrx_word' id='word_1_222' title='bbox 1424 3087 1427 3092; x_wconf 61' lang='grc'><strong>’</strong></span> 
     </span>
     <span class='ocr_line' id='line_1_30' title="bbox 158 3180 1388 3250; baseline 0 -17"><span class='ocrx_word' id='word_1_223' title='bbox 158 3186 204 3235; x_wconf 82' lang='lat' dir='ltr'><strong>l‘er</strong></span> <span class='ocrx_word' id='word_1_224' title='bbox 231 3182 392 3250; x_wconf 73' lang='lat' dir='ltr'><strong>hyperbolen</strong></span> <span class='ocrx_word' id='word_1_225' title='bbox 415 3181 442 3231; x_wconf 92' lang='lat' dir='ltr'><strong>h.</strong></span> <span class='ocrx_word' id='word_1_226' title='bbox 469 3190 507 3232; x_wconf 86' lang='lat' dir='ltr'><strong>est</strong></span> <span class='ocrx_word' id='word_1_227' title='bbox 532 3185 557 3230; x_wconf 93' lang='lat' dir='ltr'><strong>in</strong></span> <span class='ocrx_word' id='word_1_228' title='bbox 581 3192 781 3250; x_wconf 76' lang='lat' dir='ltr'><strong>uentresapere</strong></span> <span class='ocrx_word' id='word_1_229' title='bbox 805 3183 895 3232; x_wconf 89' lang='lat' dir='ltr'><strong>didicit</strong></span> <span class='ocrx_word' id='word_1_230' title='bbox 921 3183 1041 3230; x_wconf 86' lang='lat' dir='ltr'><strong>nimirum</strong></span> <span class='ocrx_word' id='word_1_231' title='bbox 1069 3180 1141 3232; x_wconf 88' lang='lat' dir='ltr'><strong>solon</strong></span> <span class='ocrx_word' id='word_1_232' title='bbox 1166 3182 1210 3243; x_wconf 89' lang='lat' dir='ltr'><strong>qni</strong></span> <span class='ocrx_word' id='word_1_233' title='bbox 1233 3182 1290 3249; x_wconf 74' lang='lat' dir='ltr'><strong>lege</strong></span> <span class='ocrx_word' id='word_1_234' title='bbox 1320 3184 1388 3233; x_wconf 83' lang='lat' dir='ltr'><strong>cauit</strong></span> 
     </span>
     <span class='ocr_line' id='line_1_31' title="bbox 115 3262 1387 3337; baseline 0.002 -21"><span class='ocrx_word' id='word_1_235' title='bbox 115 3266 142 3322; x_wconf 75' lang='grc'><strong>15</strong></span> <span class='ocrx_word' id='word_1_236' title='bbox 160 3286 242 3337; x_wconf 66' lang='lat' dir='ltr'><strong>poene</strong></span> <span class='ocrx_word' id='word_1_237' title='bbox 269 3269 342 3319; x_wconf 89' lang='lat' dir='ltr'><strong>nnlla</strong></span> <span class='ocrx_word' id='word_1_238' title='bbox 368 3283 451 3334; x_wconf 85' lang='lat' dir='ltr'><strong>poena</strong></span> <span class='ocrx_word' id='word_1_239' title='bbox 482 3270 598 3319; x_wconf 87' lang='lat' dir='ltr'><strong>acernior</strong></span> <span class='ocrx_word' id='word_1_240' title='bbox 624 3270 763 3336; x_wconf 83' lang='lat' dir='ltr'><strong>excogitari</strong></span> <span class='ocrx_word' id='word_1_241' title='bbox 794 3268 877 3333; x_wconf 88' lang='lat' dir='ltr'><strong>potuit</strong></span> <span class='ocrx_word' id='word_1_242' title='bbox 907 3267 996 3316; x_wconf 87' lang='lat' dir='ltr'><strong>uxoris</strong></span> <span class='ocrx_word' id='word_1_243' title='bbox 1026 3267 1109 3316; x_wconf 86' lang='lat' dir='ltr'><strong>malis.</strong></span> <span class='ocrx_word' id='word_1_244' title='bbox 1134 3262 1158 3334; x_wconf 74' lang='lat' dir='ltr'><strong>ll</strong></span> <span class='ocrx_word' id='word_1_245' title='bbox 1177 3267 1253 3316; x_wconf 89' lang='lat' dir='ltr'><strong>credo</strong></span> <span class='ocrx_word' id='word_1_246' title='bbox 1284 3270 1316 3318; x_wconf 81' lang='lat' dir='ltr'><strong>cii</strong></span> <span class='ocrx_word' id='word_1_247' title='bbox 1346 3285 1387 3318; x_wconf 88' lang='lat' dir='ltr'><strong>me</strong></span> 
     </span>
     <span class='ocr_line' id='line_1_32' title="bbox 159 3353 1388 3418; baseline -0.002 -12"><span class='ocrx_word' id='word_1_248' title='bbox 159 3358 205 3407; x_wconf 82' lang='lat' dir='ltr'><strong>l‘er</strong></span> <span class='ocrx_word' id='word_1_249' title='bbox 228 3355 410 3407; x_wconf 77' lang='lat' dir='ltr'><strong>contessioneu</strong></span> <span class='ocrx_word' id='word_1_250' title='bbox 432 3364 560 3418; x_wconf 88' lang='lat' dir='ltr'><strong>tamquam</strong></span> <span class='ocrx_word' id='word_1_251' title='bbox 582 3356 631 3404; x_wconf 80' lang='lat' dir='ltr'><strong>suh</strong></span> <span class='ocrx_word' id='word_1_252' title='bbox 654 3356 749 3405; x_wconf 89' lang='lat' dir='ltr'><strong>crimen</strong></span> <span class='ocrx_word' id='word_1_253' title='bbox 772 3353 913 3406; x_wconf 80' lang='lat' dir='ltr'><strong>confitentis</strong></span> <span class='ocrx_word' id='word_1_254' title='bbox 930 3354 963 3402; x_wconf 79' lang='lat' dir='ltr'><strong>cir</strong></span> <span class='ocrx_word' id='word_1_255' title='bbox 981 3353 1062 3403; x_wconf 84' lang='lat' dir='ltr'><strong>oratio</strong></span> <span class='ocrx_word' id='word_1_256' title='bbox 1080 3353 1214 3417; x_wconf 86' lang='lat' dir='ltr'><strong>increpans</strong></span> <span class='ocrx_word' id='word_1_257' title='bbox 1231 3353 1313 3402; x_wconf 79' lang='lat' dir='ltr'><strong>alterii</strong></span> <span class='ocrx_word' id='word_1_258' title='bbox 1330 3355 1388 3417; x_wconf 79' lang='lat' dir='ltr'><strong>pdit</strong></span> 
     </span>
     <span class='ocr_line' id='line_1_33' title="bbox 116 3436 1387 3507; baseline -0.004 -13"><span class='ocrx_word' id='word_1_259' title='bbox 116 3441 144 3494; x_wconf 74' lang='lat'><strong>20</strong></span> <span class='ocrx_word' id='word_1_260' title='bbox 160 3454 184 3494; x_wconf 88' lang='lat' dir='ltr'><strong>ta</strong></span> <span class='ocrx_word' id='word_1_261' title='bbox 215 3443 306 3494; x_wconf 89' lang='lat' dir='ltr'><strong>uidere</strong></span> <span class='ocrx_word' id='word_1_262' title='bbox 333 3444 446 3507; x_wconf 71' lang='lat' dir='ltr'><strong>mycenis</strong></span> <span class='ocrx_word' id='word_1_263' title='bbox 477 3452 528 3505; x_wconf 87' lang='lat' dir='ltr'><strong>atq,</strong></span> <span class='ocrx_word' id='word_1_264' title='bbox 558 3440 626 3491; x_wconf 85' lang='lat' dir='ltr'><strong>mala</strong></span> <span class='ocrx_word' id='word_1_265' title='bbox 656 3443 716 3491; x_wconf 89' lang='lat' dir='ltr'><strong>uitis</strong></span> <span class='ocrx_word' id='word_1_266' title='bbox 746 3441 858 3491; x_wconf 85' lang='lat' dir='ltr'><strong>incidere</strong></span> <span class='ocrx_word' id='word_1_267' title='bbox 893 3439 957 3488; x_wconf 82' lang='lat' dir='ltr'><strong>falce</strong></span> <span class='ocrx_word' id='word_1_268' title='bbox 992 3438 1105 3488; x_wconf 82' lang='lat' dir='ltr'><strong>nouellas</strong></span> <span class='ocrx_word' id='word_1_269' title='bbox 1135 3436 1159 3503; x_wconf 78' lang='lat' dir='ltr'><strong>ll</strong></span> <span class='ocrx_word' id='word_1_270' title='bbox 1190 3440 1341 3488; x_wconf 87' lang='lat' dir='ltr'><strong>sententiam</strong></span> <span class='ocrx_word' id='word_1_271' title='bbox 1370 3441 1387 3489; x_wconf 89' lang='lat' dir='ltr'><strong>li</strong></span> 
     </span>
    </p>
   </div>
   <div class='ocr_carea' id='block_1_5' title="bbox 153 3573 1457 3991">
    <p class='ocr_par' dir='ltr' id='par_1_5' title="bbox 153 3573 1457 3991">
     <span class='ocr_line' id='line_1_34' title="bbox 157 3573 1457 3658; baseline -0.002 -30"><span class='ocrx_word' id='word_1_272' title='bbox 157 3582 182 3628; x_wconf 80' lang='lat' dir='ltr'><strong>in</strong></span> <span class='ocrx_word' id='word_1_273' title='bbox 197 3579 288 3645; x_wconf 76' lang='lat' dir='ltr'><strong>peribas</strong></span> <span class='ocrx_word' id='word_1_274' title='bbox 305 3575 375 3643; x_wconf 82' lang='lat' dir='ltr'><strong>quod</strong></span> <span class='ocrx_word' id='word_1_275' title='bbox 387 3584 483 3639; x_wconf 85' lang='lat' dir='ltr'><strong>posta.</strong></span> <span class='ocrx_word' id='word_1_276' title='bbox 503 3592 584 3627; x_wconf 79' lang='lat' dir='ltr'><strong>raonne</strong></span> <span class='ocrx_word' id='word_1_277' title='bbox 600 3578 772 3642; x_wconf 83' lang='lat' dir='ltr'><strong>interpositam</strong></span> <span class='ocrx_word' id='word_1_278' title='bbox 788 3584 827 3625; x_wconf 85' lang='lat' dir='ltr'><strong>est</strong></span> <span class='ocrx_word' id='word_1_279' title='bbox 843 3584 929 3658; x_wconf 84' lang='lat' dir='ltr'><strong>potes,</strong></span> <span class='ocrx_word' id='word_1_280' title='bbox 957 3575 985 3626; x_wconf 83' lang='lat' dir='ltr'><strong>id</strong></span> <span class='ocrx_word' id='word_1_281' title='bbox 1004 3588 1052 3624; x_wconf 81' lang='lat' dir='ltr'><strong>non</strong></span> <span class='ocrx_word' id='word_1_282' title='bbox 1068 3575 1193 3624; x_wconf 80' lang='lat' dir='ltr'><strong>intellecta</strong></span> <span class='ocrx_word' id='word_1_283' title='bbox 1210 3573 1339 3624; x_wconf 76' lang='lat' dir='ltr'><strong>scribendi</strong></span> <span class='ocrx_word' id='word_1_284' title='bbox 1356 3578 1457 3626; x_wconf 82' lang='lat' dir='ltr'><strong>ratione</strong></span> 
     </span>
     <span class='ocr_line' id='line_1_35' title="bbox 157 3644 1457 3714; baseline -0.003 -17"><span class='ocrx_word' id='word_1_285' title='bbox 157 3665 206 3714; x_wconf 86' lang='lat' dir='ltr'><strong>qua</strong></span> <span class='ocrx_word' id='word_1_286' title='bbox 224 3648 349 3699; x_wconf 74' lang='lat' dir='ltr'><strong>librariae</strong></span> <span class='ocrx_word' id='word_1_287' title='bbox 363 3647 400 3695; x_wconf 81' lang='lat' dir='ltr'><strong>ati</strong></span> <span class='ocrx_word' id='word_1_288' title='bbox 414 3651 538 3697; x_wconf 79' lang='lat' dir='ltr'><strong>consuevit</strong></span> <span class='ocrx_word' id='word_1_289' title='bbox 553 3664 567 3697; x_wconf 88' lang='lat' dir='ltr'><strong>e</strong></span> <span class='ocrx_word' id='word_1_290' title='bbox 581 3650 693 3712; x_wconf 79' lang='lat' dir='ltr'><strong>vestipiis</strong></span> <span class='ocrx_word' id='word_1_291' title='bbox 709 3647 876 3696; x_wconf 76' lang='lat' dir='ltr'><strong>litteraraaa&#39;</strong></span> <span class='ocrx_word' id='word_1_292' title='bbox 866 3662 891 3694; x_wconf 82' lang='lat' dir='ltr'><strong>an</strong></span> <span class='ocrx_word' id='word_1_293' title='bbox 905 3647 957 3708; x_wconf 78' lang='lat' dir='ltr'><strong>fine</strong></span> <span class='ocrx_word' id='word_1_294' title='bbox 969 3644 1139 3695; x_wconf 83' lang='lat' dir='ltr'><strong>antecedentis</strong></span> <span class='ocrx_word' id='word_1_295' title='bbox 1150 3658 1237 3694; x_wconf 75' lang='lat' dir='ltr'><strong>sersus</strong></span> <span class='ocrx_word' id='word_1_296' title='bbox 1248 3647 1387 3709; x_wconf 71' lang='lat' dir='ltr'><strong>manicata</strong></span> <span class='ocrx_word' id='word_1_297' title='bbox 1395 3660 1457 3707; x_wconf 84' lang='lat' dir='ltr'><strong>per-</strong></span> 
     </span>
     <span class='ocr_line' id='line_1_36' title="bbox 153 3713 1456 3780; baseline -0.004 -13"><span class='ocrx_word' id='word_1_298' title='bbox 153 3734 244 3780; x_wconf 77' lang='lat' dir='ltr'><strong>peram</strong></span> <span class='ocrx_word' id='word_1_299' title='bbox 261 3717 348 3780; x_wconf 75' lang='lat' dir='ltr'><strong>effecit</strong></span> <span class='ocrx_word' id='word_1_300' title='bbox 363 3715 472 3765; x_wconf 79' lang='lat' dir='ltr'><strong>Pierias.</strong></span> <span class='ocrx_word' id='word_1_301' title='bbox 500 3732 581 3766; x_wconf 89' lang='lat' dir='ltr'><strong>nonne</strong></span> <span class='ocrx_word' id='word_1_302' title='bbox 600 3716 663 3764; x_wconf 84' lang='lat' dir='ltr'><strong>haec</strong></span> <span class='ocrx_word' id='word_1_303' title='bbox 679 3717 717 3765; x_wconf 87' lang='lat' dir='ltr'><strong>sie</strong></span> <span class='ocrx_word' id='word_1_304' title='bbox 738 3718 763 3765; x_wconf 84' lang='lat' dir='ltr'><strong>in</strong></span> <span class='ocrx_word' id='word_1_305' title='bbox 782 3716 867 3764; x_wconf 66' lang='lat' dir='ltr'><strong>eadme</strong></span> <span class='ocrx_word' id='word_1_306' title='bbox 885 3731 940 3765; x_wconf 86' lang='lat' dir='ltr'><strong>esse</strong></span> <span class='ocrx_word' id='word_1_307' title='bbox 958 3714 1088 3764; x_wconf 80' lang='lat' dir='ltr'><strong>adnotavit</strong></span> <span class='ocrx_word' id='word_1_308' title='bbox 1106 3714 1291 3763; x_wconf 78' lang='lat' dir='ltr'><strong>Lindemanaas</strong></span> <span class='ocrx_word' id='word_1_309' title='bbox 1377 3713 1456 3765; x_wconf 80' lang='grc'><strong>301-</strong></span> 
     </span>
     <span class='ocr_line' id='line_1_37' title="bbox 159 3783 1455 3867; baseline -0.003 -33"><span class='ocrx_word' id='word_1_310' title='bbox 159 3787 259 3867; x_wconf 83' lang='lat' dir='ltr'><strong>lnpides</strong></span> <span class='ocrx_word' id='word_1_311' title='bbox 278 3800 357 3848; x_wconf 82' lang='lat' dir='ltr'><strong>quam</strong></span> <span class='ocrx_word' id='word_1_312' title='bbox 375 3787 452 3833; x_wconf 87' lang='lat' dir='ltr'><strong>miser</strong></span> <span class='ocrx_word' id='word_1_313' title='bbox 467 3800 488 3833; x_wconf 88' lang='grc' dir='ltr'>ω</span> <span class='ocrx_word' id='word_1_314' title='bbox 575 3786 772 3835; x_wconf 77' lang='lat' dir='ltr'><strong>duomiunucre</strong></span> <span class='ocrx_word' id='word_1_315' title='bbox 792 3786 832 3833; x_wconf 90' lang='lat' dir='ltr'><strong>cui</strong></span> <span class='ocrx_word' id='word_1_316' title='bbox 851 3799 872 3832; x_wconf 88' lang='grc' dir='ltr'>ω</span> <span class='ocrx_word' id='word_1_317' title='bbox 965 3784 1037 3835; x_wconf 78' lang='lat' dir='ltr'><strong>lirei</strong></span> <span class='ocrx_word' id='word_1_318' title='bbox 1057 3784 1158 3833; x_wconf 89' lang='lat' dir='ltr'><strong>abusio</strong></span> <span class='ocrx_word' id='word_1_319' title='bbox 1177 3783 1224 3831; x_wconf 88' lang='lat' dir='ltr'><strong>Per</strong></span> <span class='ocrx_word' id='word_1_320' title='bbox 1242 3798 1263 3831; x_wconf 87' lang='grc' dir='ltr'>ω</span> <span class='ocrx_word' id='word_1_321' title='bbox 1363 3785 1455 3835; x_wconf 79' lang='lat' dir='ltr'><strong>iteum</strong></span> 
     </span>
     <span class='ocr_line' id='line_1_38' title="bbox 157 3851 1456 3920; baseline -0.005 -13"><span class='ocrx_word' id='word_1_322' title='bbox 157 3858 254 3907; x_wconf 80' lang='lat' dir='ltr'><strong>scimus</strong></span> <span class='ocrx_word' id='word_1_323' title='bbox 272 3868 325 3904; x_wconf 92' lang='lat' dir='ltr'><strong>non</strong></span> <span class='ocrx_word' id='word_1_324' title='bbox 343 3869 366 3903; x_wconf 89' lang='grc' dir='ltr'>ω</span> <span class='ocrx_word' id='word_1_325' title='bbox 437 3855 470 3905; x_wconf 88' lang='grc'><strong>10</strong></span> <span class='ocrx_word' id='word_1_326' title='bbox 488 3855 580 3920; x_wconf 85' lang='lat' dir='ltr'><strong>capitis</strong></span> <span class='ocrx_word' id='word_1_327' title='bbox 597 3869 680 3920; x_wconf 84' lang='lat' dir='ltr'><strong>purga</strong></span> <span class='ocrx_word' id='word_1_328' title='bbox 698 3852 796 3903; x_wconf 75' lang='lat' dir='ltr'><strong>fortiter</strong></span> <span class='ocrx_word' id='word_1_329' title='bbox 814 3870 835 3903; x_wconf 91' lang='grc' dir='ltr'>ω</span> <span class='ocrx_word' id='word_1_330' title='bbox 907 3853 938 3902; x_wconf 77' lang='lat' dir='ltr'><strong>lt</strong></span> <span class='ocrx_word' id='word_1_331' title='bbox 955 3854 1022 3903; x_wconf 86' lang='lat' dir='ltr'><strong>cauit</strong></span> <span class='ocrx_word' id='word_1_332' title='bbox 1035 3863 1063 3903; x_wconf 91' lang='lat' dir='ltr'><strong>nt</strong></span> <span class='ocrx_word' id='word_1_333' title='bbox 1078 3853 1139 3902; x_wconf 92' lang='lat' dir='ltr'><strong>uitia</strong></span> <span class='ocrx_word' id='word_1_334' title='bbox 1153 3851 1358 3902; x_wconf 82' lang='lat' dir='ltr'><strong>transcenderent</strong></span> <span class='ocrx_word' id='word_1_335' title='bbox 1368 3862 1456 3901; x_wconf 88' lang='lat' dir='ltr'><strong>aucto</strong></span> 
     </span>
     <span class='ocr_line' id='line_1_39' title="bbox 157 3922 1015 3991; baseline -0.002 -17"><span class='ocrx_word' id='word_1_336' title='bbox 157 3929 192 3975; x_wconf 84' lang='lat' dir='ltr'><strong>ris</strong></span> <span class='ocrx_word' id='word_1_337' title='bbox 206 3938 309 3991; x_wconf 80' lang='lat' dir='ltr'><strong>poenae</strong></span> <span class='ocrx_word' id='word_1_338' title='bbox 321 3939 343 3971; x_wconf 86' lang='grc' dir='ltr'><strong>ω</strong></span> <span class='ocrx_word' id='word_1_339' title='bbox 415 3922 448 3973; x_wconf 91' lang='grc'><strong>18</strong></span> <span class='ocrx_word' id='word_1_340' title='bbox 465 3925 550 3989; x_wconf 87' lang='lat' dir='ltr'><strong>prodit</strong></span> <span class='ocrx_word' id='word_1_341' title='bbox 567 3922 639 3972; x_wconf 88' lang='lat' dir='ltr'><strong>Tunc</strong></span> <span class='ocrx_word' id='word_1_342' title='bbox 657 3924 733 3973; x_wconf 85' lang='lat' dir='ltr'><strong>credo</strong></span> <span class='ocrx_word' id='word_1_343' title='bbox 752 3939 808 3972; x_wconf 91' lang='lat' dir='ltr'><strong>cum</strong></span> <span class='ocrx_word' id='word_1_344' title='bbox 827 3938 868 3972; x_wconf 89' lang='lat' dir='ltr'><strong>me</strong></span> <span class='ocrx_word' id='word_1_345' title='bbox 882 3923 1015 3974; x_wconf 80' lang='lat' dir='ltr'><strong>arbustam</strong></span> 
     </span>
    </p>
   </div>
   <div class='ocr_carea' id='block_1_6' title="bbox 152 4091 1461 4848">
    <p class='ocr_par' dir='ltr' id='par_1_6' title="bbox 152 4091 1461 4848">
     <span class='ocr_line' id='line_1_40' title="bbox 229 4091 1456 4160; baseline -0.002 -17"><span class='ocrx_word' id='word_1_346' title='bbox 229 4094 242 4143; x_wconf 91' lang='grc'><strong>1</strong></span> <span class='ocrx_word' id='word_1_347' title='bbox 261 4093 407 4155; x_wconf 78' lang='lat' dir='ltr'><strong>domusque</strong></span> <span class='ocrx_word' id='word_1_348' title='bbox 423 4092 555 4145; x_wconf 68' lang='lat' dir='ltr'><strong>fabricius</strong></span> <span class='ocrx_word' id='word_1_349' title='bbox 637 4108 720 4144; x_wconf 89' lang='lat' dir='ltr'><strong>nonne</strong></span> <span class='ocrx_word' id='word_1_350' title='bbox 738 4105 812 4160; x_wconf 87' lang='lat' dir='ltr'><strong>putas</strong></span> <span class='ocrx_word' id='word_1_351' title='bbox 829 4095 868 4144; x_wconf 88' lang='lat' dir='ltr'><strong>sic</strong></span> <span class='ocrx_word' id='word_1_352' title='bbox 886 4095 981 4144; x_wconf 79' lang='lat' dir='ltr'><strong>diceret</strong></span> <span class='ocrx_word' id='word_1_353' title='bbox 997 4092 1130 4145; x_wconf 67' lang='lat' dir='ltr'><strong>fabricius</strong></span> <span class='ocrx_word' id='word_1_354' title='bbox 1212 4093 1402 4144; x_wconf 77' lang='lat' dir='ltr'><strong>2dedecoras?</strong></span> <span class='ocrx_word' id='word_1_355' title='bbox 1418 4091 1456 4140; x_wconf 84' lang='lat' dir='ltr'><strong>la·</strong></span> 
     </span>
     <span class='ocr_line' id='line_1_41' title="bbox 158 4161 1456 4229; baseline -0.004 -16"><span class='ocrx_word' id='word_1_356' title='bbox 158 4178 225 4213; x_wconf 82' lang='lat' dir='ltr'><strong>mam</strong></span> <span class='ocrx_word' id='word_1_357' title='bbox 244 4162 382 4212; x_wconf 69' lang='lat' dir='ltr'><strong>Fabricius</strong></span> <span class='ocrx_word' id='word_1_358' title='bbox 460 4165 573 4213; x_wconf 85' lang='lat' dir='ltr'><strong>maculas</strong></span> <span class='ocrx_word' id='word_1_359' title='bbox 592 4177 613 4212; x_wconf 86' lang='grc' dir='ltr'>ω</span> <span class='ocrx_word' id='word_1_360' title='bbox 640 4180 642 4185; x_wconf 68' lang='grc'>’</span> <span class='ocrx_word' id='word_1_361' title='bbox 691 4164 854 4228; x_wconf 76' lang='lat' dir='ltr'><strong>atitapidas</strong></span> <span class='ocrx_word' id='word_1_362' title='bbox 873 4163 1007 4214; x_wconf 68' lang='lat' dir='ltr'><strong>tutamen</strong></span> <span class='ocrx_word' id='word_1_363' title='bbox 1079 4161 1313 4229; x_wconf 77' lang='lat' dir='ltr'><strong>‹lphilosophi-</strong></span> <span class='ocrx_word' id='word_1_364' title='bbox 1330 4162 1456 4212; x_wconf 77' lang='lat' dir='ltr'><strong>dabusio</strong></span> 
     </span>
     <span class='ocr_line' id='line_1_42' title="bbox 157 4231 1457 4296; baseline -0.004 -13"><span class='ocrx_word' id='word_1_365' title='bbox 157 4235 269 4296; x_wconf 66' lang='lat' dir='ltr'><strong>pramis</strong></span> <span class='ocrx_word' id='word_1_366' title='bbox 285 4234 323 4281; x_wconf 83' lang='lat' dir='ltr'><strong>ita</strong></span> <span class='ocrx_word' id='word_1_367' title='bbox 340 4231 445 4296; x_wconf 80' lang='lat' dir='ltr'><strong>quodam</strong></span> <span class='ocrx_word' id='word_1_368' title='bbox 460 4234 531 4282; x_wconf 82' lang='lat' dir='ltr'><strong>modo</strong></span> <span class='ocrx_word' id='word_1_369' title='bbox 547 4246 617 4282; x_wconf 77' lang='grc' dir='ltr'>ιιιιιιι</span> <span class='ocrx_word' id='word_1_370' title='bbox 640 4235 717 4282; x_wconf 78' lang='lat' dir='ltr'><strong>lactan</strong></span> <span class='ocrx_word' id='word_1_371' title='bbox 739 4236 806 4284; x_wconf 84' lang='lat' dir='ltr'><strong>tueri</strong></span> <span class='ocrx_word' id='word_1_372' title='bbox 824 4236 922 4295; x_wconf 80' lang='lat' dir='ltr'><strong>possint</strong></span> <span class='ocrx_word' id='word_1_373' title='bbox 946 4238 974 4280; x_wconf 81' lang='lat' dir='ltr'><strong>at</strong></span> <span class='ocrx_word' id='word_1_374' title='bbox 995 4231 1031 4280; x_wconf 86' lang='lat' dir='ltr'><strong>ad</strong></span> <span class='ocrx_word' id='word_1_375' title='bbox 1051 4232 1236 4282; x_wconf 76' lang='lat' dir='ltr'><strong>camchresin</strong></span> <span class='ocrx_word' id='word_1_376' title='bbox 1226 4248 1251 4280; x_wconf 87' lang='lat' dir='ltr'><strong>vr</strong></span> <span class='ocrx_word' id='word_1_377' title='bbox 1266 4231 1380 4282; x_wconf 65' lang='lat' dir='ltr'><strong>naidas</strong></span> <span class='ocrx_word' id='word_1_378' title='bbox 1397 4238 1457 4279; x_wconf 82' lang='lat' dir='ltr'><strong>ante</strong></span> 
     </span>
     <span class='ocr_line' id='line_1_43' title="bbox 154 4300 1458 4367; baseline -0.005 -15"><span class='ocrx_word' id='word_1_379' title='bbox 154 4303 248 4364; x_wconf 77' lang='lat' dir='ltr'><strong>positis</strong></span> <span class='ocrx_word' id='word_1_380' title='bbox 265 4301 429 4365; x_wconf 76' lang='lat' dir='ltr'><strong>referantur,</strong></span> <span class='ocrx_word' id='word_1_381' title='bbox 455 4309 505 4351; x_wconf 76' lang='lat' dir='ltr'><strong>tarn</strong></span> <span class='ocrx_word' id='word_1_382' title='bbox 520 4317 593 4367; x_wconf 80' lang='lat' dir='ltr'><strong>quarn</strong></span> <span class='ocrx_word' id='word_1_383' title='bbox 613 4302 723 4352; x_wconf 68' lang='lat' dir='ltr'><strong>hainoie</strong></span> <span class='ocrx_word' id='word_1_384' title='bbox 744 4303 838 4353; x_wconf 76' lang='lat' dir='ltr'><strong>notari.</strong></span> <span class='ocrx_word' id='word_1_385' title='bbox 870 4303 985 4352; x_wconf 74' lang='lat' dir='ltr'><strong>uideatur</strong></span> <span class='ocrx_word' id='word_1_386' title='bbox 1009 4309 1091 4350; x_wconf 79' lang='lat' dir='ltr'><strong>autem</strong></span> <span class='ocrx_word' id='word_1_387' title='bbox 1113 4316 1148 4350; x_wconf 76' lang='lat' dir='ltr'><strong>ea</strong></span> <span class='ocrx_word' id='word_1_388' title='bbox 1170 4301 1311 4363; x_wconf 80' lang='lat' dir='ltr'><strong>definitione</strong></span> <span class='ocrx_word' id='word_1_389' title='bbox 1331 4301 1399 4362; x_wconf 82' lang='lat' dir='ltr'><strong>tropi</strong></span> <span class='ocrx_word' id='word_1_390' title='bbox 1418 4300 1458 4348; x_wconf 79' lang='lat' dir='ltr'><strong>oet</strong></span> 
     </span>
     <span class='ocr_line' id='line_1_44' title="bbox 152 4366 1457 4436; baseline -0.002 -17"><span class='ocrx_word' id='word_1_391' title='bbox 152 4373 256 4434; x_wconf 69' lang='lat' dir='ltr'><strong>lipia-ae</strong></span> <span class='ocrx_word' id='word_1_392' title='bbox 270 4370 320 4419; x_wconf 81' lang='lat' dir='ltr'><strong>hac</strong></span> <span class='ocrx_word' id='word_1_393' title='bbox 337 4370 418 4418; x_wconf 70' lang='lat' dir='ltr'><strong>tartara</strong></span> <span class='ocrx_word' id='word_1_394' title='bbox 436 4384 500 4419; x_wconf 81' lang='lat' dir='ltr'><strong>esse</strong></span> <span class='ocrx_word' id='word_1_395' title='bbox 518 4369 665 4436; x_wconf 87' lang='lat' dir='ltr'><strong>philosophi</strong></span> <span class='ocrx_word' id='word_1_396' title='bbox 682 4371 780 4434; x_wconf 81' lang='lat' dir='ltr'><strong>antiqui</strong></span> <span class='ocrx_word' id='word_1_397' title='bbox 798 4370 865 4421; x_wconf 91' lang='lat' dir='ltr'><strong>hunc</strong></span> <span class='ocrx_word' id='word_1_398' title='bbox 883 4372 1002 4420; x_wconf 83' lang='lat' dir='ltr'><strong>dixerunt</strong></span> <span class='ocrx_word' id='word_1_399' title='bbox 1017 4378 1118 4434; x_wconf 85' lang='lat' dir='ltr'><strong>tropum</strong></span> <span class='ocrx_word' id='word_1_400' title='bbox 1132 4384 1208 4431; x_wconf 86' lang='lat' dir='ltr'><strong>quem</strong></span> <span class='ocrx_word' id='word_1_401' title='bbox 1223 4369 1358 4421; x_wconf 76' lang='lat' dir='ltr'><strong>Fabricius</strong></span> <span class='ocrx_word' id='word_1_402' title='bbox 1438 4366 1457 4416; x_wconf 90' lang='grc'><strong>0</strong></span> 
     </span>
     <span class='ocr_line' id='line_1_45' title="bbox 157 4435 1459 4521; baseline -0.002 -33"><span class='ocrx_word' id='word_1_403' title='bbox 157 4438 255 4503; x_wconf 77' lang='lat' dir='ltr'><strong>tutare]</strong></span> <span class='ocrx_word' id='word_1_404' title='bbox 279 4445 336 4488; x_wconf 77' lang='lat' dir='ltr'><strong>tres</strong></span> <span class='ocrx_word' id='word_1_405' title='bbox 358 4452 447 4487; x_wconf 76' lang='lat' dir='ltr'><strong>sersus</strong></span> <span class='ocrx_word' id='word_1_406' title='bbox 465 4438 600 4489; x_wconf 56' lang='lat' dir='ltr'><strong>decimatos</strong></span> <span class='ocrx_word' id='word_1_407' title='bbox 619 4442 686 4489; x_wconf 82' lang='lat' dir='ltr'><strong>inter</strong></span> <span class='ocrx_word' id='word_1_408' title='bbox 707 4442 806 4490; x_wconf 82' lang='lat' dir='ltr'><strong>incerta</strong></span> <span class='ocrx_word' id='word_1_409' title='bbox 831 4441 996 4521; x_wconf 74' lang='lat' dir='ltr'><strong>podiataram</strong></span> <span class='ocrx_word' id='word_1_410' title='bbox 1014 4439 1160 4520; x_wconf 79' lang='lat' dir='ltr'><strong>srapmenta</strong></span> <span class='ocrx_word' id='word_1_411' title='bbox 1186 4442 1283 4507; x_wconf 76' lang='lat' dir='ltr'><strong>recepit</strong></span> <span class='ocrx_word' id='word_1_412' title='bbox 1307 4435 1459 4488; x_wconf 77' lang='lat' dir='ltr'><strong>Ribheekias</strong></span> 
     </span>
     <span class='ocr_line' id='line_1_46' title="bbox 156 4496 1457 4586; baseline -0.002 -29"><span class='ocrx_word' id='word_1_413' title='bbox 156 4522 219 4558; x_wconf 77' lang='lat' dir='ltr'><strong>cam.</strong></span> <span class='ocrx_word' id='word_1_414' title='bbox 240 4508 304 4556; x_wconf 84' lang='lat' dir='ltr'><strong>Lat.</strong></span> <span class='ocrx_word' id='word_1_415' title='bbox 320 4506 368 4555; x_wconf 82' lang='lat' dir='ltr'><strong>rel</strong></span> <span class='ocrx_word' id='word_1_416' title='bbox 385 4522 415 4569; x_wconf 86' lang='lat' dir='ltr'><strong>p.</strong></span> <span class='ocrx_word' id='word_1_417' title='bbox 434 4506 491 4557; x_wconf 79' lang='lat' dir='ltr'><strong>loa.</strong></span> <span class='ocrx_word' id='word_1_418' title='bbox 512 4511 593 4558; x_wconf 80' lang='lat' dir='ltr'><strong>tutrire</strong></span> <span class='ocrx_word' id='word_1_419' title='bbox 609 4510 686 4558; x_wconf 88' lang='lat' dir='ltr'><strong>amici</strong></span> <span class='ocrx_word' id='word_1_420' title='bbox 702 4512 815 4568; x_wconf 83' lang='lat' dir='ltr'><strong>causam,</strong></span> <span class='ocrx_word' id='word_1_421' title='bbox 833 4510 913 4573; x_wconf 84' lang='lat' dir='ltr'><strong>patris</strong></span> <span class='ocrx_word' id='word_1_422' title='bbox 930 4523 981 4556; x_wconf 89' lang='lat' dir='ltr'><strong>rem</strong></span> <span class='ocrx_word' id='word_1_423' title='bbox 1002 4509 1105 4572; x_wconf 77' lang='lat' dir='ltr'><strong>suscipe</strong></span> <span class='ocrx_word' id='word_1_424' title='bbox 1122 4496 1273 4558; x_wconf 72' lang='lat' dir='ltr'><strong>Ribdeek&#39;ias</strong></span> <span class='ocrx_word' id='word_1_425' title='bbox 1361 4505 1390 4555; x_wconf 94' lang='lat' dir='ltr'><strong>ll</strong></span> <span class='ocrx_word' id='word_1_426' title='bbox 1411 4520 1457 4586; x_wconf 87' lang='lat' dir='ltr'><strong>po·</strong></span> 
     </span>
     <span class='ocr_line' id='line_1_47' title="bbox 158 4545 1457 4654; baseline -0.003 -28"><span class='ocrx_word' id='word_1_427' title='bbox 158 4590 184 4626; x_wconf 85' lang='grc' dir='ltr'><strong>ιι</strong></span> <span class='ocrx_word' id='word_1_428' title='bbox 185 4592 207 4625; x_wconf 82' lang='grc' dir='ltr'><strong>ιι</strong></span> <span class='ocrx_word' id='word_1_429' title='bbox 221 4579 317 4654; x_wconf 36' lang='lat' dir='ltr'><strong>priore·</strong></span> <span class='ocrx_word' id='word_1_430' title='bbox 332 4575 388 4623; x_wconf 84' lang='lat' dir='ltr'><strong>loco</strong></span> <span class='ocrx_word' id='word_1_431' title='bbox 405 4575 495 4625; x_wconf 79' lang='lat' dir='ltr'><strong>delenit</strong></span> <span class='ocrx_word' id='word_1_432' title='bbox 511 4575 675 4628; x_wconf 69' lang='lat' dir='ltr'><strong>protectam.-</strong></span> <span class='ocrx_word' id='word_1_433' title='bbox 702 4581 784 4643; x_wconf 87' lang='lat' dir='ltr'><strong>potior</strong></span> <span class='ocrx_word' id='word_1_434' title='bbox 807 4545 884 4627; x_wconf 84' lang='lat' dir='ltr'><strong>immo</strong></span> <span class='ocrx_word' id='word_1_435' title='bbox 907 4578 999 4627; x_wconf 87' lang='lat' dir='ltr'><strong>certior</strong></span> <span class='ocrx_word' id='word_1_436' title='bbox 1014 4576 1158 4628; x_wconf 75' lang='lat' dir='ltr'><strong>Fabricius</strong></span> <span class='ocrx_word' id='word_1_437' title='bbox 1187 4575 1331 4640; x_wconf 76' lang='lat' dir='ltr'><strong>sortasse</strong></span> <span class='ocrx_word' id='word_1_438' title='bbox 1324 4589 1349 4623; x_wconf 89' lang='grc' dir='ltr'><strong>ιιι</strong></span> <span class='ocrx_word' id='word_1_439' title='bbox 1375 4575 1457 4623; x_wconf 82' lang='grc' dir='ltr'>ιιιιίιο</span> 
     </span>
     <span class='ocr_line' id='line_1_48' title="bbox 158 4638 1458 4730; baseline -0.002 -36"><span class='ocrx_word' id='word_1_440' title='bbox 158 4660 236 4695; x_wconf 73' lang='lat' dir='ltr'><strong>causa</strong></span> <span class='ocrx_word' id='word_1_441' title='bbox 254 4644 359 4706; x_wconf 88' lang='lat' dir='ltr'><strong>certior,</strong></span> <span class='ocrx_word' id='word_1_442' title='bbox 378 4643 455 4694; x_wconf 87' lang='lat' dir='ltr'><strong>immo</strong></span> <span class='ocrx_word' id='word_1_443' title='bbox 471 4647 555 4710; x_wconf 88' lang='lat' dir='ltr'><strong>potior</strong></span> <span class='ocrx_word' id='word_1_444' title='bbox 571 4653 609 4695; x_wconf 90' lang='lat' dir='ltr'><strong>est</strong></span> <span class='ocrx_word' id='word_1_445' title='bbox 696 4646 751 4697; x_wconf 86' lang='lat' dir='ltr'><strong>ta·</strong></span> <span class='ocrx_word' id='word_1_446' title='bbox 746 4661 770 4695; x_wconf 88' lang='lat' dir='ltr'><strong>ro</strong></span> <span class='ocrx_word' id='word_1_447' title='bbox 784 4644 895 4713; x_wconf 85' lang='lat' dir='ltr'><strong>Venere]</strong></span> <span class='ocrx_word' id='word_1_448' title='bbox 910 4638 946 4708; x_wconf 76' lang='lat' dir='ltr'><strong>e&#39;s.</strong></span> <span class='ocrx_word' id='word_1_449' title='bbox 963 4645 1061 4696; x_wconf 74' lang='lat' dir='ltr'><strong>Charis</strong></span> <span class='ocrx_word' id='word_1_450' title='bbox 1078 4661 1105 4730; x_wconf 77' lang='lat' dir='ltr'><strong>p.</strong></span> <span class='ocrx_word' id='word_1_451' title='bbox 1122 4645 1183 4696; x_wconf 78' lang='grc'><strong>240</strong></span> <span class='ocrx_word' id='word_1_452' title='bbox 1205 4647 1272 4695; x_wconf 80' lang='lat' dir='ltr'><strong>inter</strong></span> <span class='ocrx_word' id='word_1_453' title='bbox 1288 4645 1386 4693; x_wconf 77' lang='lat' dir='ltr'><strong>incerta</strong></span> <span class='ocrx_word' id='word_1_454' title='bbox 1400 4645 1458 4706; x_wconf 82' lang='lat' dir='ltr'><strong>pat-</strong></span> 
     </span>
     <span class='ocr_line' id='line_1_49' title="bbox 158 4711 1461 4778; baseline -0.001 -16"><span class='ocrx_word' id='word_1_455' title='bbox 158 4717 278 4763; x_wconf 81' lang='lat' dir='ltr'><strong>tiatarurn</strong></span> <span class='ocrx_word' id='word_1_456' title='bbox 292 4711 440 4775; x_wconf 75' lang='lat' dir='ltr'><strong>[rapacum</strong></span> <span class='ocrx_word' id='word_1_457' title='bbox 456 4718 552 4778; x_wconf 85' lang='lat' dir='ltr'><strong>recepit</strong></span> <span class='ocrx_word' id='word_1_458' title='bbox 567 4712 717 4766; x_wconf 78' lang='lat' dir='ltr'><strong>Ribbeckiaa</strong></span> <span class='ocrx_word' id='word_1_459' title='bbox 735 4730 794 4765; x_wconf 79' lang='lat' dir='ltr'><strong>com.</strong></span> <span class='ocrx_word' id='word_1_460' title='bbox 815 4714 875 4764; x_wconf 83' lang='lat' dir='ltr'><strong>Lat.</strong></span> <span class='ocrx_word' id='word_1_461' title='bbox 893 4716 941 4765; x_wconf 79' lang='lat' dir='ltr'><strong>ret.</strong></span> <span class='ocrx_word' id='word_1_462' title='bbox 962 4729 990 4776; x_wconf 77' lang='lat' dir='ltr'><strong>p</strong></span> <span class='ocrx_word' id='word_1_463' title='bbox 1007 4714 1049 4766; x_wconf 85' lang='grc'><strong>08</strong></span> <span class='ocrx_word' id='word_1_464' title='bbox 1081 4717 1106 4764; x_wconf 90' lang='lat' dir='ltr'><strong>iu</strong></span> <span class='ocrx_word' id='word_1_465' title='bbox 1124 4715 1223 4763; x_wconf 86' lang='lat' dir='ltr'><strong>Venere</strong></span> <span class='ocrx_word' id='word_1_466' title='bbox 1239 4711 1389 4763; x_wconf 65' lang='lat' dir='ltr'><strong>auocata·</strong></span> <span class='ocrx_word' id='word_1_467' title='bbox 1458 4731 1461 4735; x_wconf 46' lang='lat'><strong>¹</strong></span> 
     </span>
     <span class='ocr_line' id='line_1_50' title="bbox 160 4780 974 4848; baseline 0 -16"><span class='ocrx_word' id='word_1_468' title='bbox 160 4782 192 4832; x_wconf 79' lang='lat' dir='ltr'><strong>ll</strong></span> <span class='ocrx_word' id='word_1_469' title='bbox 211 4782 274 4831; x_wconf 80' lang='lat' dir='ltr'><strong>sitia</strong></span> <span class='ocrx_word' id='word_1_470' title='bbox 294 4781 331 4830; x_wconf 88' lang='lat' dir='ltr'><strong>uti</strong></span> <span class='ocrx_word' id='word_1_471' title='bbox 353 4780 497 4832; x_wconf 71' lang='lat' dir='ltr'><strong>linteatum</strong></span> <span class='ocrx_word' id='word_1_472' title='bbox 569 4784 601 4835; x_wconf 82' lang='lat' dir='ltr'><strong>lli</strong></span> <span class='ocrx_word' id='word_1_473' title='bbox 615 4782 679 4848; x_wconf 90' lang='lat' dir='ltr'><strong>tum]</strong></span> <span class='ocrx_word' id='word_1_474' title='bbox 702 4786 779 4848; x_wconf 75' lang='lat' dir='ltr'><strong>Vcrp.</strong></span> <span class='ocrx_word' id='word_1_475' title='bbox 798 4783 877 4833; x_wconf 67' lang='lat' dir='ltr'><strong>teucot.</strong></span> <span class='ocrx_word' id='word_1_476' title='bbox 896 4783 922 4848; x_wconf 84' lang='lat'><strong>3,</strong></span> <span class='ocrx_word' id='word_1_477' title='bbox 943 4783 974 4832; x_wconf 89' lang='lat'><strong>10</strong></span> 
     </span>
    </p>
   </div>
   <div class='ocr_carea' id='block_1_7' title="bbox 0 0 1571 5356">
    <p class='ocr_par' dir='ltr' id='par_1_7' title="bbox 0 0 1571 5356">
     <span class='ocr_line' id='line_1_51' title="bbox 0 0 1571 5356; baseline 0 0"><span class='ocrx_word' id='word_1_478' title='bbox 0 0 1571 5356; x_wconf 95' lang='lat' dir='ltr'><strong> </strong></span> 
     </span>
    </p>
   </div>
  </div>
 </body>
</html>
