3114 5356
135 278 198 342 350
344 289 347 294 ·
695 264 880 329 utondbts

202 390 327 434 All-tt
340 389 366 430 P.-

134 407 235 541 moie,
260 460 360 522 munio
382 456 479 518 munis
502 455 601 528 muni,
633 454 764 516 undeet
788 449 914 512 eundem
940 456 1094 512 noeentum
1121 470 1242 513 serrare
1262 453 1376 515 debent
1394 455 1438 533 qui

135 575 180 628 est
199 566 229 627 iu
251 559 381 624 secunda
404 574 548 638 persona,
582 564 614 616 ut
639 554 847 635 predueantur.
891 551 921 613 in
949 552 1036 613 tertio
1062 571 1132 613 vero
1159 552 1267 615 ordine
1289 552 1299 613 i
1325 572 1438 636 eomp-

122 662 198 729 ‘tunr
216 665 247 726 in
268 682 285 723 e
306 667 474 739 correptum
496 656 617 717 vertitur
640 664 670 717 et
696 655 768 715 fient
793 652 979 732 imperativa,
1004 651 1070 732 lego
1091 653 1166 732 legis
1187 653 1265 733 lego
1310 655 1353 718 ita
1373 674 1437 736 ergo

136 761 167 829 e't
185 765 252 826 dieo
266 743 347 824 'dieis
368 761 449 832 dim,
482 757 558 818 lario
585 757 657 817 lacis
685 756 749 815 laoe
777 755 865 815 debet
892 754 1049 829 deelinari,
1083 762 1113 815 et
1140 754 1181 815 ita
1208 754 1344 834 positum
1365 757 1437 838 apud

136 873 249 927 veteres
275 862 430 942 reperitur.
475 866 627 940 praeterea
656 858 686 917 in
714 859 795 920 omui
820 857 923 919 ordine
951 877 983 918 re
1009 855 1119 936 syllaba
1141 855 1241 918 addita
1263 855 1457 937 imperabunt

136 962 211 1029 dunt
238 963 393 1039 infinitiva,
426 972 458 1023 ut
485 969 531 1022 est
557 957 683 1031 dietum,
710 959 794 1036 quasi
824 978 890 1020 ama
917 977 1032 1031 amare,
1051 956 1066 1031 ΙΙ
1086 975 1172 1018 ruore
1192 974 1333 1033 movere,
1362 960 1438 1022 muni

137 1068 261 1132 munire.
306 1067 377 1127 item
403 1064 432 1124 in
461 1061 547 1123 tertio
570 1058 673 1119 ordine
699 1070 835 1140 eorrepto
862 1060 959 1122 scribe
980 1059 1126 1131 seribere,
1158 1058 1225 1136 lege
1248 1057 1359 1138 legere.
1401 1063 1437 1123 ita

140 1187 273 1250 queque,
296 1165 353 1227 nisi
371 1164 437 1225 diee
452 1165 516 1224 lace
529 1159 708 1233 declinetur,
730 1161 829 1222 dicere
847 1161 944 1223 iacere
959 1160 1132 1223 infinitivum
1154 1179 1222 1221 esse
1244 1179 1305 1222 non
1324 1163 1437 1243 potuit

138 1276 290 1351 praeterea
310 1266 340 1328 id
362 1262 577 1327 observandum
597 1260 666 1333 luit,
686 1261 764 1338 quod
786 1262 848 1322 lore
866 1262 894 1322 in
916 1263 1000 1344 tertio
1017 1261 1120 1322 ordine
1134 1260 1311 1342 plerumque
1329 1272 1438 1327 veteres

138 1370 224 1432 tertia
246 1384 373 1447 persona
391 1363 498 1426 finitiva
521 1361 663 1441 temperis
683 1361 807 1441 perlecti
834 1363 949 1424 numeri
978 1361 1099 1442 pluralis
1121 1380 1137 1420 e
1160 1362 1288 1425 rnuliam
1315 1367 1467 1429 vorstede

138 1468 317 1547 oorripiunt,
350 1464 435 1543 quasi
462 1464 596 1542 legerunt
621 1470 755 1523 emerunt
782 1462 931 1539 dieentes;
960 1472 993 1524 ut
1018 1463 1096 1544 apud
1122 1462 1296 1524 Terentium
1325 1484 1438 1546 quoque

140 1568 246 1647 legitur
266 1567 297 1627 iu
318 1565 439 1646 prologo
460 1563 595 1624 Eunuchi

763 1672 961 1744 postquam
983 1663 1127 1725 aediles
1149 1672 1336 1741 emerunt,

141 1777 170 1831 et
190 1769 236 1830 bis
258 1766 372 1829 similia.
417 1766 519 1826 tertiae
538 1767 753 1846 coniugationis
775 1766 935 1846 prodnetae
953 1765 1039 1827 verba
1066 1764 1220 1825 indicativo
1251 1764 1341 1826 modo
1371 1773 1439 1827 tem·

140 1888 213 1952 pore
239 1866 387 1948 praesenti
412 1866 504 1945 prima
533 1885 660 1944 persona
688 1876 739 1929 aut
768 1886 804 1929 eo
831 1866 936 1928 litteris
964 1866 1173 1939 terminantur,
1204 1873 1237 1926 ut
1266 1865 1342 1926 adeo
1369 1867 1438 1940 adis,
1451 1886 1469 1924 e

140 1970 251 2052 prodeo
272 1967 388 2048 prodis,
412 1975 463 2029 aut
484 1967 529 2040 io,
553 1976 586 2028 ut
606 1970 692 2030 audio
717 1969 817 2042 audis,
837 1969 936 2029 nutrio
956 1967 1060 2029 nutris.
1106 1967 1209 2026 tertiae
1227 1967 1439 2045 coniugationis

140 2071 301 2152 productae
332 2069 419 2130 rerba
451 2071 622 2150 imperativo
654 2070 742 2132 modo
776 2079 909 2149 tempore
941 2068 1088 2148 praesenti
1122 2066 1252 2128 secunda
1278 2066 1440 2148 personai

141 2172 284 2252 producta
305 2170 513 2246 terminantur,
536 2179 569 2232 ut
590 2171 662 2232 adeo
682 2172 745 2245 adi,
768 2171 866 2232 nutrio
889 2169 977 2231 nutri.
1022 2169 1124 2230 tertiae
1144 2167 1360 2245 coniugationis
1376 2188 1440 2249 pro·

33 2326 36 2331 .
141 2274 248 2334 duone
269 2271 357 2332 rerba
377 2271 531 2334 indicativo
554 2272 641 2333 modo
667 2282 799 2352 tempore
823 2271 985 2352 praesenti,
998 2270 1091 2350 prima
1120 2285 1263 2347 persona,
1293 2269 1323 2329 si
1351 2269 1440 2330 eba-

140 2374 258 2436 bnerint
279 2383 347 2435 ante
370 2393 403 2444 o,
425 2373 527 2434 eadem
549 2366 722 2453 promissivo
745 2375 833 2436 modo
853 2373 966 2434 adiecta
988 2371 1024 2432 ad
1043 2368 1245 2448 imperativum
1259 2368 1382 2431 modum
1403 2369 1470 2430 bon

142 2475 251 2556 syllaba
272 2475 480 2547 terminantur,
509 2482 542 2534 ut
567 2474 640 2534 adeo
667 2474 713 2535 adi
734 2474 837 2549 adibo,
864 2474 976 2555 prodeo
1000 2471 1084 2553 prodi
1107 2467 1247 2549 prodibo:
1279 2487 1355 2549 quae
1377 2488 1440 2531 rere

139 2579 186 2651 io,
206 2576 307 2638 eadem
331 2573 505 2655 promissivo
527 2573 615 2634 modo
637 2594 682 2636 arn
706 2574 814 2653 syllaba
837 2575 1045 2646 terminantur,
1067 2579 1101 2631 ut
1119 2570 1204 2632 audio
1225 2570 1295 2631 audi
1317 2571 1439 2645 audam,

140 2680 238 2741 nutrio
261 2675 338 2737 nutri
360 2672 496 2733 nutriam.
535 2675 637 2736 tertiae
664 2676 876 2754 coniugationis
898 2675 1059 2756 productae
1081 2672 1168 2733 rerba
1190 2671 1334 2733 infinitivo
1356 2674 1440 2735 modo

142 2779 255 2840 adiecta
275 2775 310 2835 ad
332 2773 533 2852 imperatiurm
555 2776 673 2836 modurn
694 2796 726 2836 re
749 2776 859 2856 syllaba
879 2776 1089 2845 terminantur,
1118 2762 1150 2833 u't
1169 2773 1215 2833 adi
1239 2773 1335 2848 adire,
1359 2775 1439 2855 prodi

141 2877 272 2958 prodire,
310 2873 388 2934 nutri
420 2874 540 2934 nutrire.
596 2879 697 2937 tertiae
730 2876 943 2956 coniugationis
972 2875 1133 2956 productae
1166 2874 1254 2934 rerba
1285 2876 1472 2937 intlieutiron

142 2978 229 3039 modo
253 2986 384 3055 tempore
406 2976 536 3054 perlecto
559 2978 657 3056 speeie
681 2978 814 3040 absoluta
841 2979 953 3040 adiecta
980 2978 1016 3038 nd
1043 2976 1246 3056 imperativum
1273 2978 1395 3039 modum
1415 2978 1440 3037 ri

142 3077 251 3157 syllaba
273 3076 479 3150 terminantur,
510 3085 542 3138 ut
563 3080 609 3140 adi
629 3080 719 3152 adivi,
745 3080 831 3160 prodi
853 3077 981 3158 prodivi,
1007 3079 1085 3139 nutri
1108 3077 1222 3137 nuttriri.
1268 3078 1322 3138 sed
1347 3088 1441 3139 tamen

142 3178 324 3240 eorrsuetudo
351 3179 522 3242 brevitatem
551 3182 692 3262 adpetens
720 3202 736 3240 v
761 3181 886 3241 litterani
909 3180 1054 3241 subtrabit
1073 3189 1101 3239 et
1124 3179 1133 3237 i
1153 3178 1283 3239 ultimam
1304 3181 1439 3257 geminat,

143 3288 174 3341 ut
190 3280 246 3341 adii
269 3281 363 3359 prodii
385 3284 482 3344 nutrii.
529 3281 630 3345 tertiae
650 3282 863 3361 coniugationis
886 3282 1046 3362 productae
1074 3281 1160 3341 rerba
1187 3298 1261 3357 qliae
1287 3280 1441 3341 indicativo

141 3381 229 3441 modo
253 3387 383 3462 tempore
405 3386 552 3464 praesenti
574 3385 667 3466 prima
686 3402 865 3464 personare
887 3383 991 3444 litteris
1015 3384 1223 3452 tenninantur,
1247 3381 1350 3442 eadem
1370 3381 1474 3442 indi-oo

143 3483 235 3544 eativo
264 3485 351 3546 modo
379 3496 510 3566 tempore
535 3488 692 3566 praeterito
721 3485 819 3564 speeie
846 3484 1009 3545 inchoativa
1033 3484 1146 3544 adiecta
1172 3483 1207 3543 ad
1241 3482 1441 3561 imperatinun

142 3586 260 3646 modum
282 3585 349 3646 barn
373 3586 482 3665 syllaba
501 3587 707 3659 terminantur,
731 3593 763 3645 nt
784 3587 857 3646 adeo
879 3585 1009 3653 adibam,
1035 3586 1145 3664 prodeo
1166 3583 1338 3664 prodibam
1370 3601 1441 3660 quae

141 3704 210 3745 rere
234 3686 277 3760 io,
299 3687 402 3748 eadem
424 3705 441 3746 e
463 3705 556 3766 prope
576 3686 707 3747 ultimam
731 3687 870 3764 syllabam
892 3686 1033 3767 producta
1053 3686 1205 3757 dicuntur,
1229 3695 1262 3747 ut
1283 3687 1369 3748 audio
1392 3706 1442 3747 au·

141 3787 273 3863 diebam,
305 3789 402 3849 nutrio
425 3786 599 3849 nutriebam.
645 3787 697 3846 sed
718 3795 831 3849 veteres
857 3789 929 3849 baec
951 3788 1016 3849 sine
1044 3807 1060 3848 e
1087 3788 1180 3848 littera
1203 3787 1440 3867 pronuntiabant,

85 3951 91 3962 ,
144 3889 280 3950 audibam
300 3888 447 3949 nutribam
470 3889 617 3962 dieentes,
640 3896 672 3947 ut
692 3888 770 3967 apud
789 3888 946 3966 Vergilium
1452 3910 1474 3950 aa

308 3991 479 4052 nutribat
502 3992 742 4069 Thyrrusque
763 3996 872 4068 pater

141 4110 194 4170 pro
213 4089 369 4150 nutriebat.
393 4087 406 4173 Η
425 4092 529 4152 tertiae
549 4090 762 4167 coniugationis
782 4090 943 4170 productae
966 4091 1053 4151 verba
1077 4092 1231 4152 itulieutiro
1258 4094 1346 4153 modo
1370 4102 1440 4153 tenr-

142 4210 213 4271 pore
234 4191 391 4269 praeterito
414 4190 702 4271 plusquamperfecto
725 4192 824 4271 speeie
845 4199 945 4251 exacta
968 4191 1088 4252 adiectis
1110 4192 1146 4253 ad
1161 4193 1364 4273 imperativum
1380 4213 1440 4254 mo·

210 4412 225 4462 3
245 4413 287 4461 bet
303 4413 387 4462 ΑΒΜ
403 4412 466 4460 biaut
485 4426 501 4469 ς
594 4414 622 4463 ll
642 4413 754 4462 direntes
774 4413 799 4460 id
817 4421 844 4461 ut
864 4414 888 4461 Α
906 4413 1014 4462 dicente.
1031 4422 1059 4463 ut
1076 4415 1101 4464 B
1117 4416 1231 4463 direntes
1248 4415 1273 4462 id
1294 4416 1327 4464 Μ
1410 4415 1439 4464 le

140 4480 166 4529 in
185 4481 292 4545 prologo
311 4479 436 4544 Eruruelri]
456 4482 490 4530 20
563 4482 595 4531 15
615 4492 658 4530 ant
674 4497 703 4530 eo
721 4481 851 4530 Charisius
864 4500 891 4546 p.
913 4483 961 4533 156
980 4491 1023 4532 unt
1041 4498 1055 4531 e
1073 4495 1116 4532 mu
1135 4499 1149 4532 o
1170 4484 1225 4533 Bi!
1244 4493 1287 4531 aru
1306 4500 1320 4532 e
1340 4492 1363 4532 et
1382 4499 1396 4532 o
1415 4483 1437 4531 :l

213 4549 244 4599 te
262 4551 284 4597 si
304 4566 350 4600 orn.
370 4550 461 4603 ΑΒΜ.
480 4552 540 4600 aad.
561 4552 705 4603 Oborisius,
725 4565 781 4597 rum
800 4552 933 4602 Putarlrius
1017 4550 1051 4602 33
1074 4568 1153 4617 propo
1179 4554 1293 4601 ultimant
1316 4553 1436 4616 syllabam

141 4616 272 4666 Charisius
290 4633 369 4683 propo
386 4620 518 4684 (propriae
537 4620 581 4677 ,tlt
602 4620 688 4667 ullium
707 4619 805 4681 syllaba
824 4620 908 4670 nlntt
985 4621 1102 4670 dicuntur
1119 4622 1144 4669 A
1161 4623 1249 4669 dieunt
1268 4623 1327 4671 ΒΜ
1404 4620 1437 4670 35

140 4684 258 4733 audibam
278 4686 311 4734 al!
327 4687 427 4736 adibam
442 4687 493 4737 AB
586 4690 654 4752 apud
673 4687 825 4752 Vergilium]
846 4690 909 4740 Aen.
929 4689 974 4738 Vll
993 4688 1044 4739 485
1138 4689 1172 4739 36
1189 4690 1321 4739 Nutriebut
1342 4690 1373 4740 Μ

140 4749 292 4815 tiryrrusque
311 4755 335 4802 Α
353 4755 522 4819 tbyreuaquue
540 4756 572 4806 Μ
587 4756 700 4820 tlryrrurn
717 4756 743 4805 B
