3114 5356
133 250 196 314 3112
694 252 877 314 ntottttuts

188 366 348 421 amun

134 439 247 500 ratione
270 446 367 499 lamen
391 447 461 500 suut
478 438 616 516 qvviuuue.
662 437 870 499 nominativum
889 439 968 499 enim
986 440 1096 520 optime
1118 459 1221 502 cauum
1245 461 1315 504 esse
1338 443 1432 504 nolve

134 549 219 614 runt,
248 540 522 618 quoniamquidem
545 541 584 600 sit
605 539 712 619 positio
734 540 861 601 nominis
885 540 928 600 vel
956 549 1037 601 recta
1058 541 1220 603 nominatio
1242 542 1290 604 vel
1310 543 1431 605 declina

136 642 224 703 tiouis
244 641 352 719 regula.
397 658 485 718 quem
504 640 713 702 nominativum
730 641 832 701 Graeci
852 660 911 702 uon
933 643 1044 701 πτῶσιν
1059 642 1111 702 sed
1129 632 1230 720 ὀρθήν
1249 643 1297 704 vel
1314 633 1431 704 εὐθεῖαν

137 752 249 805 vocant.
307 742 546 820 καταχρηστικῶς
581 749 677 802 tamen
713 741 922 803 nominativum
953 761 1053 804 casnm
1088 743 1223 805 dicimus.
1281 745 1431 808 ablativum

138 845 240 907 Graeci
263 865 322 906 uon
342 844 458 906 habeut
488 843 567 904 lvnne
589 850 686 904 tamen
708 845 798 903 Vario
819 850 948 918 sermm,
971 843 1119 904 interdum
1140 845 1278 906 Latinum
1300 846 1450 925 appellata

136 945 204 1024 quia
226 945 347 1006 Latinae
366 946 483 1024 linguae
503 944 642 1025 proprius
662 951 724 1017 est,
756 943 841 1005 cuins
867 944 911 1005 vis
937 945 1014 1024 apud
1038 945 1168 1006 Graecos
1191 965 1247 1024 per
1274 946 1433 1024 genetivum

81 1032 84 1037 ¹
136 1046 335 1127 explicabitur.
380 1064 434 1126 per
454 1047 510 1107 lios
532 1046 630 1122 itaque
649 1062 735 1104 casus
757 1043 893 1122 obliquos
912 1064 1021 1105 nomeu
1042 1044 1086 1106 sic
1108 1044 1315 1108 declinabitur.

222 1149 294 1208 Cato
322 1167 430 1210 nomeu
459 1144 664 1228 appellativum
691 1145 807 1222 generis
832 1146 986 1207 masculini
1013 1146 1127 1207 numeri
1150 1147 1312 1226 singularis
1330 1151 1434 1227 agnae

137 1249 278 1330 simplicis
300 1268 388 1310 casus
417 1247 585 1309 nominativi
611 1254 640 1305 et
666 1245 803 1321 vocativi,
832 1247 911 1326 quod
939 1247 1133 1309 declinabitur
1146 1248 1220 1309 -siot
1260 1250 1433 1312 nominativo

137 1351 186 1412 lvic
206 1352 294 1424 Cato,
313 1350 447 1427 genetivo
471 1349 559 1409 liuius
580 1346 715 1422 tatouis,
743 1347 837 1409 dativo
859 1349 929 1410 huic
948 1349 1064 1423 Catoni,
1093 1350 1261 1411 accusativo
1285 1352 1367 1413 lvnnc
1385 1352 1461 1412 Cel*

124 1458 253 1523 todem,
280 1448 409 1509 vocativo
430 1469 448 1509 o
468 1450 558 1520 Cato,
581 1446 704 1508 ablativo
727 1448 763 1509 ab
788 1450 845 1510 lvoc
870 1451 996 1525 Catone;
1029 1449 1182 1529 pluraliter
1208 1451 1433 1514 nominativobi

139 1552 281 1624 Catones,
311 1549 443 1628 genetivo
465 1551 571 1611 horum
592 1549 752 1624 Catonum,
785 1550 880 1611 dativo
904 1550 952 1611 bis
980 1551 1155 1626 Catonibus,
1190 1553 1359 1615 accusativo
1385 1554 1434 1614 hos

141 1653 282 1725 Catones,
318 1651 447 1712 vocativo
469 1671 487 1711 o
507 1650 648 1723 Catones,
678 1650 802 1712 ablativo
824 1650 860 1711 ab
883 1651 929 1711 his
953 1651 1121 1714 Catonibus.
1167 1653 1239 1715 lulla
1258 1673 1369 1715 nomen
1388 1674 1434 1734 ap

140 1753 307 1835 pellativnm
330 1752 446 1830 generis
471 1751 601 1812 seminini
624 1753 738 1812 numeri
761 1752 917 1831 singularis
938 1755 1049 1831 figurae
1071 1756 1212 1835 simplicis
1235 1774 1325 1817 casua
1347 1754 1434 1817 nonii·

139 1855 228 1916 nativi
250 1861 279 1915 et
301 1854 437 1926 vocativi,
468 1852 546 1932 qvvod
565 1852 759 1915 declinabitur
785 1855 841 1915 sic:
877 1855 1056 1917 nominativo
1084 1858 1156 1919 llaec
1185 1857 1272 1930 lulia,
1306 1855 1433 1934 genetivo
1445 1866 1462 1905 ¹⁵

140 1958 226 2019 lvnins
248 1957 354 2029 luliao,
383 1956 478 2016 dativo
500 1955 569 2016 liuic
591 1955 696 2027 lnliae,
722 1955 887 2016 accusativo
915 1956 992 2017 lianc
1019 1958 1137 2034 luliam,
1165 1957 1299 2020 vocativo
1320 1977 1338 2017 o
1356 1956 1433 2028 lulla,

139 2058 262 2120 ablativo
281 2059 317 2119 ab
338 2060 394 2120 liae
416 2058 504 2133 lulia;
531 2056 682 2137 pluraliter
704 2057 880 2118 nominativo
902 2057 957 2119 liae
978 2059 1081 2133 lullae,
1110 2061 1244 2137 genetivo
1267 2052 1372 2119 harvim
1392 2058 1435 2118 ln·

139 2160 258 2234 liarnm,
291 2160 385 2221 dativo
408 2160 453 2220 lvis
477 2159 574 2231 iuliis,
601 2157 766 2219 accusativo
788 2159 842 2218 lvas
865 2157 969 2233 lulius,
991 2162 1120 2222 vocativo
1141 2181 1158 2221 o
1181 2161 1287 2234 luliue,
1316 2157 1434 2221 ablativo

139 2262 175 2322 ab
198 2262 245 2322 his
267 2262 355 2322 luliis.
402 2261 542 2340 templum
562 2277 669 2320 vvomeu
693 2258 898 2338 appellativum
919 2263 1035 2338 generis
1059 2263 1152 2322 uentri
1171 2262 1286 2323 numeri
1312 2260 1434 2338 siugula-

139 2363 181 2425 ris
209 2366 319 2442 ssgnrae
348 2362 489 2442 simplicis
516 2380 603 2422 casus
632 2357 800 2420 nominativi
829 2369 859 2420 et
886 2363 1023 2436 vocativi,
1050 2363 1128 2440 quod
1155 2362 1351 2423 declinabitur
1379 2361 1464 2423 siaa

139 2464 315 2525 nominativo
335 2466 391 2524 lvoc
412 2464 568 2543 templum,
590 2462 723 2540 genetivo
745 2462 833 2523 liuius
855 2463 971 2542 templi,
1000 2464 1095 2525 ‹lativo
1117 2463 1186 2523 lmic
1205 2463 1329 2543 templo,
1353 2481 1436 2523 accu-

140 2566 231 2627 sativo
253 2567 310 2626 lvoc
329 2565 486 2645 templum,
515 2564 644 2624 vocativo
667 2583 684 2623 o
708 2564 864 2643 templum,
891 2564 1016 2625 ablativo
1037 2565 1073 2625 ab
1094 2566 1150 2625 lvoc
1174 2564 1319 2646 tenvllplo;
1342 2567 1436 2645 plura·

139 2668 205 2728 liter
224 2666 400 2727 nominativo
419 2666 491 2724 lvaec
514 2664 635 2742 templa,
656 2664 789 2741 genetivo
804 2665 908 2725 lvornm
925 2666 1115 2745 templorum,
1139 2667 1235 2728 dativo
1249 2667 1297 2729 liis
1311 2667 1435 2746 templis,

140 2768 305 2828 accusativo
325 2768 398 2825 lvnec
421 2765 543 2844 templa,
567 2765 696 2824 vocativo
714 2787 733 2824 u
752 2765 875 2846 templa,
899 2768 1023 2827 ablativo
1043 2766 1078 2826 ab
1100 2767 1146 2826 liis
1168 2769 1295 2848 templis.
1342 2787 1436 2828 saeer-

140 2870 194 2929 dos
208 2887 315 2929 nomeu
333 2867 538 2945 appellativum
554 2867 671 2943 generis
687 2867 852 2928 communis
868 2870 982 2930 numeri
998 2869 1154 2946 singularis
1170 2871 1280 2946 figurae
1295 2869 1468 2949 simpliciam

141 2978 229 3029 casus
249 2967 416 3028 nominativi
440 2974 469 3025 et
492 2967 627 3040 vocativi,
647 2969 725 3044 quod
748 2969 942 3031 declinabitur
967 2972 1024 3030 sic:
1048 2971 1223 3031 novuiuativo
1245 2970 1293 3029 liic
1317 2979 1346 3030 et
1369 2970 1439 3030 lvaec

143 3069 296 3139 sacerdus,
319 3067 451 3145 genetivo
475 3068 561 3128 luvius
580 3070 758 3143 sacerdotis,
787 3070 882 3131 dativo
904 3070 973 3131 luvic
993 3072 1152 3144 sacerdoti,
1176 3073 1344 3133 accusativo
1363 3072 1439 3132 hune

123 3179 172 3249 ,el
193 3172 269 3231 banc
291 3169 488 3244 sacerdotem,
511 3170 639 3230 vocativo
660 3192 677 3231 o
701 3172 855 3246 sacerdos,
879 3172 1002 3233 ablativo
1025 3173 1061 3233 ab
1083 3175 1140 3233 lvuc
1162 3181 1191 3233 et
1212 3174 1248 3233 ab
1271 3174 1327 3234 lvac
1346 3192 1440 3235 sacor-

145 3276 229 3349 dote;
251 3272 402 3354 pluraliter
425 3272 600 3333 uouuuativo
623 3273 653 3333 hi
675 3282 703 3334 et
723 3274 777 3334 ivae
799 3275 982 3349 sacerdotes,
1009 3276 1141 3352 genetivo
1163 3277 1267 3336 lvorum
1291 3285 1321 3336 et
1340 3278 1439 3336 irarum

143 3375 344 3450 sacerdotum,
368 3374 463 3434 dativo
484 3373 529 3433 uis
552 3375 768 3448 sacerdotibus,
794 3375 959 3435 accusativo
983 3377 1037 3437 lios
1060 3385 1089 3435 et
1109 3376 1163 3435 lias
1186 3377 1372 3451 scacerdotcS,
1394 3398 1472 3438 voa

144 3478 236 3539 cativu
259 3498 276 3536 o
300 3476 483 3547 sacerdotes,
506 3475 629 3536 ablativo
645 3477 681 3536 ab
699 3476 745 3537 his
764 3475 973 3536 sacerdotibus.
1017 3478 1086 3538 lolia·
1106 3496 1213 3537 uuvueu
1236 3477 1441 3558 appellativum

144 3580 260 3657 generis
283 3579 378 3639 ovunis
400 3578 513 3637 muneri
538 3577 693 3655 singularis
717 3579 827 3655 ligurae
849 3578 990 3657 simplicis
1013 3598 1099 3638 casus
1117 3579 1283 3639 nominativi
1306 3588 1336 3638 et
1358 3599 1442 3640 voea-

146 3682 209 3753 tivi,
238 3680 315 3757 (prod
346 3677 539 3739 declinabitur
559 3679 616 3738 sic:
647 3680 823 3740 nominativo
846 3680 895 3739 uic
917 3687 946 3739 et
970 3680 1041 3739 lvaec
1068 3687 1096 3737 et
1118 3680 1174 3738 lvoc
1196 3679 1280 3753 l'eliu,
1310 3682 1441 3759 genetivo

144 3784 231 3844 liuius
253 3782 361 3855 felicis,
391 3777 486 3839 dativo
515 3779 583 3839 hnic
611 3778 702 3852 lelici,
735 3781 899 3841 accusativo
928 3781 1007 3845 lvuue
1034 3788 1063 3839 et
1090 3780 1164 3839 lianc
1193 3782 1307 3840 t'elicem
1337 3790 1366 3842 et
1387 3783 1442 3841 lvoe

145 3885 227 3958 lclix,
251 3883 379 3943 vocativo
402 3903 419 3942 o
440 3883 523 3961 l'elix,
547 3881 669 3942 ablativo
688 3881 724 3942 ab
742 3883 799 3942 lvoc
820 3891 850 3942 et
869 3883 904 3942 ab
921 3883 975 3942 liae
998 3891 1028 3943 ct
1048 3882 1084 3942 ab
1108 3883 1163 3943 lvoc
1182 3885 1265 3943 lelice
1289 3885 1332 3944 vel
1350 3883 1474 3956 lelici;u

146 3986 299 4067 pluraliter·
320 3985 497 4046 nominativo
520 3984 550 4044 lvi
572 3992 602 4044 ct
625 3984 680 4043 liae
704 3983 804 4043 leliees
824 3993 853 4043 et
881 3983 953 4043 haec
977 3983 1087 4056 lclicia,
1117 3985 1251 4061 genetivo
1279 3985 1386 4045 horum
1415 3990 1444 4043 ct

146 4090 248 4149 liavvun
272 4095 300 4147 ct
320 4087 425 4148 boumn
447 4086 590 4159 felicium,
615 4084 710 4144 dativo
740 4085 786 4144 lvis
809 4085 959 4159 felicibus,
989 4087 1153 4146 accusativo
1177 4087 1232 4145 lios
1255 4094 1283 4145 et
1306 4084 1361 4144 lias
1384 4085 1444 4145 leli·

216 4280 232 4325 2
257 4276 348 4341 positio
375 4276 483 4323 uovuiuis
509 4275 548 4322 uel
574 4283 653 4323 emtas
677 4273 820 4321 omninibus
846 4274 884 4321 uel
911 4272 1085 4321 declinationis
1109 4272 1305 4334 (vicelivuuiuncs
1331 4273 1367 4332 A)
1390 4271 1446 4321 AM

147 4348 238 4413 positio
258 4346 298 4395 uel
318 4352 383 4393 rectu
404 4345 512 4392 nominis
532 4344 571 4392 uel
590 4344 764 4391 vlcrliuuviuuis
782 4343 865 4391 ruder
885 4343 994 4391 Claui-vil
1080 4341 1096 4391 3
1121 4356 1169 4388 uvvu
1190 4342 1273 4405 ptosiu
1293 4343 1338 4390 sed
1357 4341 1444 4390 ortlveu

146 4419 185 4465 uel
206 4417 307 4465 eutlviau
329 4425 419 4464 uocant
439 4414 632 4462 vatin-lvrcsticus
650 4412 706 4461 Al!
788 4413 804 4460 -i
826 4411 932 4460 dirivuus
952 4412 1082 4459 tettan-tuaa-
1099 4411 1209 4458 diximus
1228 4411 1287 4459 Art
1368 4411 1443 4460 'lex-

148 4486 281 4551 plicabitur·
305 4485 328 4532 A
419 4483 513 4533 ulvlieos
540 4484 565 4532 A
589 4483 706 4545 obliquus
733 4482 763 4529 ,ll
847 4479 1013 4528 declinabitur
1035 4478 1039 4539 1
1064 4495 1096 4528 uu
1123 4494 1310 4528 imcuvuarvour
1337 4494 1444 4530 virunnis

148 4571 282 4604 uascvtvuv
298 4553 303 4616 Ι
320 4556 380 4605 Cato
399 4553 456 4602 Al!
540 4552 573 4600 25
599 4567 703 4600 munero
724 4549 793 4614 siugl
814 4550 910 4616 figurae
929 4549 1051 4614 simplicis
1071 4550 1102 4596 ,ll
1119 4548 1166 4610 tigri·
1184 4549 1262 4613 aimpl
1283 4549 1358 4596 nvuiir
1376 4546 1446 4611 siugl

148 4624 171 4671 A
257 4624 290 4673 32
313 4627 377 4689 gpvv‘v
400 4624 482 4674 ovuvu's
511 4638 614 4671 vuvuuuu
639 4621 709 4685 singl
735 4621 832 4685 figurae
858 4622 924 4683 simp
940 4620 970 4667 M
1001 4633 1124 4684 gcucvvuu
1145 4618 1218 4664 trium
1238 4620 1305 4681 ligni·
1325 4617 1444 4682 simplicis

148 4694 220 4740 uvvv‘u‘v·
237 4693 323 4757 singli·
341 4696 365 4742 A
451 4693 484 4743 35
507 4693 538 4741 ab
557 4692 603 4740 lvoc
622 4699 645 4739 et
664 4692 695 4739 ab
715 4691 761 4739 linc
781 4691 853 4738 selice
872 4690 912 4737 uel
932 4689 998 4737 felici
1016 4687 1047 4735 all
1074 4686 1105 4734 ab
1131 4686 1176 4733 lvoc
1201 4696 1225 4734 ct
1249 4689 1280 4735 ula
1307 4687 1354 4736 lvnc
1373 4695 1397 4734 et
1414 4685 1444 4734 ab

148 4759 195 4810 linc
214 4762 281 4809 tetta—‘v
300 4763 323 4810 A
