3114 5356
141 262 204 329 182
699 260 882 325 llllllllllllS

142 380 274 514 brelizl
288 380 381 531 litiga
398 450 563 530 temporum
582 457 705 530 septem.
741 440 947 528 pariambodcs
969 467 1004 509 cx
1018 444 1104 507 -hreri
1128 454 1158 507 et
1172 377 1403 527 loaigazt-liieii
1416 464 1440 513 et

141 554 256 616 duabus
271 553 366 631 longis
380 560 542 632 temporum
557 559 634 612 octo.
656 549 791 612 doriscos
805 569 840 611 ex
853 549 940 629 longa
961 557 992 611 ct
1010 548 1126 610 duabus
1144 547 1294 611 brevibus
1314 559 1346 612 et
1363 552 1438 632 longa

140 663 171 717 et
192 655 272 716 hrevi
291 662 455 735 temporum
476 659 599 733 septem.
644 650 795 713 iambodes
824 670 860 713 ex
884 651 964 712 hreri
985 658 1015 712 ct
1036 648 1125 727 longa
1146 657 1177 710 et
1197 649 1288 713 hacsi
1307 660 1340 715 ct
1359 652 1435 732 loap

141 765 172 819 et
199 757 279 820 brevi
307 765 472 836 temporum
496 760 619 834 septem.
670 751 785 832 cyprios
817 770 853 813 ex
886 751 963 812 brevi
989 758 1020 812 et
1047 750 1135 829 longa
1167 762 1202 812 et
1227 752 1350 816 duabus
1379 754 1436 815 hrc-

142 858 226 920 vibus
248 865 279 918 ct
300 858 386 935 longa
409 863 572 935 temporum
596 860 718 932 septem.
757 851 934 934 auticyprios
962 869 998 911 cx
1027 850 1113 929 longa
1142 860 1173 913 et
1202 853 1289 915 brevi
1316 861 1349 915 et
1373 855 1451 917 dua-a

141 959 198 1022 hus
219 958 315 1037 longis
338 967 368 1019 et
390 957 470 1019 hreri
492 967 657 1035 temporum
684 961 760 1016 octo.
810 951 1063 1042 hucchiochon'os·
1077 971 1113 1013 ex
1140 953 1262 1015 duabus
1292 954 1389 1035 longis
1409 964 1434 1015 et

141 1060 222 1122 brevi
242 1068 272 1121 et
284 1060 370 1138 longa
385 1066 415 1120 et
427 1058 507 1120 brevi
521 1064 684 1135 temporum
702 1059 777 1113 octo.
802 1077 822 1115 c
841 1052 1071 1132 hppodochmios
1093 1070 1128 1114 ex
1148 1052 1240 1134 longa
1262 1062 1296 1116 et
1313 1056 1390 1119 hreni
1408 1064 1433 1116 et

141 1160 228 1239 longa
251 1167 280 1221 et
299 1159 379 1221 liceri
397 1168 427 1220 ct
448 1159 536 1236 longa
557 1163 721 1234 temporum
743 1151 823 1213 octo.
863 1154 1017 1217 dochmios
1038 1174 1092 1235 per
1113 1155 1280 1236 spmzugiau
1304 1159 1433 1221 aniano

140 1262 273 1342 phosex
296 1260 427 1321 breviat
450 1258 546 1320 trihus
573 1255 667 1334 longis
694 1260 723 1314 et
745 1252 824 1315 brevi
850 1260 1015 1335 tcmponrm
1039 1264 1117 1317 octo.
1161 1257 1432 1341 molosscspoudics

141 1380 177 1423 ex
197 1360 293 1439 longis
315 1361 445 1439 quinque
467 1368 632 1439 temporum
653 1355 763 1415 decem.
978 1426 980 1430 .
1441 1378 1459 1417 n

227 1461 375 1520 Hactenus
396 1458 539 1537 originem
561 1464 591 1517 et
616 1455 766 1517 historiam
789 1453 969 1534 gementium
989 1457 1098 1536 pedum
1119 1459 1326 1539 exposuimus
1367 1479 1431 1542 poc·

87 1558 93 1566 ’
141 1567 250 1623 matrim
273 1544 379 1637 genera
399 1568 614 1635 metrorumque
636 1562 776 1617 tractatus
795 1555 951 1618 ostendere
968 1564 1086 1637 tempus
1107 1556 1190 1642 esti

635 1739 685 1801 nu
708 1731 945 1805 poshumus

227 1863 382 1924 Poematos
404 1876 509 1939 genera
531 1864 600 1919 sunt
617 1857 680 1920 tria.
719 1868 770 1919 aut
785 1859 864 1920 euim
880 1861 1005 1922 activum
1020 1869 1067 1923 est
1083 1862 1128 1922 vel
1143 1863 1338 1939 imitativum,
1360 1867 1431 1944 quod

140 1965 242 2027 Graeci
262 1962 439 2024 dramaticon
461 1959 505 2020 rel
526 1956 710 2032 mimeticon,
740 1970 791 2021 aut
816 1963 1011 2024 enarrativum
1036 1963 1082 2024 vel
1107 1965 1339 2042 enuntiativum,
1361 1968 1458 2047 quodh

141 2067 242 2129 Graeci
264 2065 431 2143 exegeticon
453 2062 498 2122 vel
521 2060 725 2140 apangelticon
746 2061 863 2138 dicunt,
885 2071 936 2125 aut
956 2082 1112 2125 commuue
1133 2065 1179 2125 rel
1196 2067 1338 2146 mixtum,
1360 2070 1430 2148 quod

141 2169 241 2229 Graeci
270 2157 373 2224 κοινόν
402 2162 446 2223 rel
473 2154 580 2239 μικτόν
607 2160 765 2241 appellant.
811 2163 991 2227 dramaticon
1020 2172 1066 2226 cst
1092 2164 1136 2226 rel
1163 2169 1294 2230 activum
1322 2172 1352 2232 in
1378 2190 1430 2251 quo

140 2286 283 2350 personae
304 2270 395 2343 agunt
418 2264 499 2325 solae
518 2263 582 2324 siue
603 2262 691 2324 ullius
713 2271 817 2344 poetae
839 2263 1079 2341 interlocutione,
1107 2276 1139 2327 ut
1161 2287 1194 2330 se
1216 2270 1329 2333 hahent
1350 2273 1431 2351 tragi-

138 2388 191 2431 cae
209 2374 238 2429 et
257 2366 387 2427 comicae
409 2362 541 2439 tabulae3
574 2382 634 2441 quo
655 2382 763 2441 gauere
785 2365 894 2444 scripta
914 2375 962 2428 cst
985 2367 1078 2447 pn'ma
1100 2368 1258 2433 bucolicon
1282 2382 1313 2433 et
1333 2392 1368 2434 ea
1386 2393 1432 2434 cu

59 2494 66 2515 ·
139 2470 184 2531 ius
205 2468 320 2529 initium
341 2474 387 2526 est
409 2466 499 2543 ‘quo
525 2471 576 2538 to,
599 2464 729 2540 hlocri,
752 2463 907 2546 pedesl'
950 2470 1121 2548 exegeticon
1143 2480 1189 2533 est
1212 2473 1257 2534 rel
1277 2470 1461 2553 enaricati-a

138 2590 204 2633 rum
226 2570 256 2630 in
278 2586 336 2646 quo
356 2574 442 2646 poeta
463 2565 527 2644 ipse
548 2565 676 2644 loquitur
702 2567 766 2628 sine
793 2566 880 2628 atilius
900 2587 1046 2648 personae
1070 2572 1315 2649 interlocutione,
1345 2583 1378 2636 ut
1402 2593 1432 2635 se

138 2672 247 2733 hahent
269 2677 328 2730 tres
351 2665 478 2744 georgici
500 2674 529 2726 et
551 2667 644 2746 prima
667 2686 736 2748 pars
757 2669 869 2748 quarti,
895 2669 965 2731 item
985 2670 1102 2733 Lucreti
1127 2675 1258 2736 carmina
1285 2684 1316 2737 et
1340 2685 1430 2737 cetera

138 2774 184 2833 his
208 2771 322 2859 siorilia.
366 2757 470 2824 κοινόν
498 2775 542 2827 ost
564 2767 608 2827 rel
631 2787 786 2830 commune
807 2770 837 2830 in
863 2790 921 2848 qrro
941 2781 1028 2851 pocta
1049 2774 1112 2853 ipse
1133 2775 1264 2853 loquitur
1284 2786 1315 2837 et
1336 2796 1432 2857 perso

138 2892 193 2932 nae
221 2872 375 2947 loqareute's
403 2868 644 2943 introducuntur,
679 2877 712 2930 ut
738 2879 783 2932 est
812 2873 919 2952 scripta
940 2873 1007 2935 llias
1036 2883 1064 2935 et
1088 2875 1212 2955 Odyssia
1236 2887 1297 2941 tcta
1320 2877 1431 2939 llomeri

138 2979 168 3032 et
190 2971 296 3032 hencis
318 2969 431 3048 Vergilii
456 2977 486 3030 et
506 2977 602 3031 cetera
624 2971 670 3033 his
693 2972 806 3033 similia.

421 3177 457 3218 ht:
477 3140 632 3218 crissantis
653 3177 796 3219 POEMATOS
818 3177 966 3220 hhhnntmt
986 3181 1039 3221 rut
1063 3183 1152 3223 hCTll'l

221 3277 375 3337 Poematos
396 3275 545 3337 ‹lcauiatici
568 3276 611 3336 vel
630 3277 714 3336 activi
736 3295 843 3355 genera
865 3286 935 3338 stud
956 3288 1108 3357 qaiattuor,
1130 3283 1207 3360 apurd
1229 3285 1357 3346 Graecos
1379 3295 1431 3345 tra·

135 3378 199 3457 gica
222 3380 332 3440 comica
354 3379 476 3458 satyrica
497 3379 627 3451 mimica,
649 3378 726 3459 apud
749 3378 896 3440 Romanos
918 3388 1096 3460 praetextata
1119 3383 1285 3447 tabernaria
1307 3379 1430 3449 Atellano

135 3478 280 3559 planipes.

410 3635 447 3677 llll
469 3635 564 3677 susem
586 3636 730 3678 rundatos
752 3634 899 3677 Eh'llGll'l'lCl
922 3637 974 3677 l'El.
995 3638 1160 3682 minuuntur
1442 3658 1462 3697 pi

222 3735 369 3820 Excgctici
392 3735 436 3795 vel
465 3736 618 3795 enarrativi
639 3735 753 3814 species
768 3744 845 3795 'suut
866 3744 944 3810 tres,
968 3738 1126 3817 angelticc,
1150 3741 1309 3819 historice,
1338 3747 1432 3807 didas--

136 3837 235 3899 calice.
281 3836 424 3914 angeltice
451 3844 496 3897 ost
526 3854 582 3914 qua
611 3837 773 3897 sentcntiae
801 3836 986 3912 scribuntur,
1018 3848 1049 3901 ut
1076 3850 1122 3902 cst
1142 3842 1325 3922 Theognidis
1353 3847 1431 3922 liher,

134 3939 204 3999 item
228 3939 334 3998 chriae.
380 3937 519 3999 historice
539 3947 585 3999 est
607 3955 662 4015 qna
685 3936 867 3998 clamationes
889 3946 919 3998 ct
938 3941 1126 4021 genealogiae
1149 3956 1374 4027 conponuntur,
1404 3959 1432 4012 ut

208 4122 383 4186 lpariamhus
402 4126 425 4173 L
512 4124 647 4175 2tlcric0s
666 4123 690 4172 B
776 4124 932 4175 diambicus
949 4128 974 4177 Ι,
1060 4130 1257 4200 danticp'prius
1277 4136 1311 4186 Μ
1331 4148 1431 4205 antpcp-

135 4193 206 4257 prius
218 4194 242 4241 B
311 4192 326 4240 7
344 4198 456 4243 (actaeon
473 4195 591 4253 indicaui,
609 4210 659 4259 quc
676 4195 787 4256 definitio
805 4194 912 4246 docimii
926 4212 961 4246 ecc
978 4196 1049 4248 treva·
1066 4208 1089 4250 et
1105 4203 1204 4255 duabus
1222 4210 1308 4271 longis
1325 4219 1349 4259 et
1364 4211 1434 4261 hreni

135 4270 159 4312 et
176 4266 252 4325 longo
271 4269 407 4326 temporam
424 4272 495 4322 octo,
521 4266 625 4328 quipse
643 4264 678 4312 cd
695 4280 820 4312 nwncrum
837 4266 1069 4331 pentasyllcdcrum
1087 4275 1241 4335 explendam
1258 4277 1343 4337 deest,
1361 4283 1431 4329 exci-

133 4332 203 4381 disse
219 4333 321 4380 videtur
404 4332 585 4397 ypodochmios
600 4331 664 4381 AB:
685 4332 885 4397 hypodochmios
904 4361 938 4370 —
956 4335 973 4385 8
990 4342 1046 4384 octo
1064 4354 1111 4390 om.
1132 4341 1166 4390 M
1250 4344 1267 4394 8
1285 4346 1431 4397 dochemics

133 4399 221 4448 ΑΒΜ
239 4399 370 4450 dochimos
395 4416 441 4465 per
465 4399 597 4463 συζυγίαν
615 4416 648 4450 ex
665 4402 736 4450 breui
753 4411 778 4450 et
794 4402 894 4453 duabus
912 4405 998 4470 longis
1017 4414 1042 4454 ct
1059 4407 1129 4457 breui
1149 4421 1173 4461 et
1193 4413 1272 4479 longa
1291 4424 1432 4482 temporum

135 4476 200 4520 octo.
223 4469 403 4534 hutistrophos
421 4486 477 4535 app.
496 4472 622 4521 Bacchica
709 4470 963 4537 llmolosospandios
981 4473 1006 4522 Α
1031 4478 1254 4546 molosospendics
1273 4484 1300 4532 B
1323 4489 1432 4537 moloso-

134 4538 243 4602 spendio
256 4537 289 4585 M
359 4538 389 4588 13
405 4553 438 4586 cr.
458 4554 587 4589 cosumus
602 4540 625 4587 Α
698 4540 728 4589 11
741 4541 874 4590 Poematos
886 4570 921 4578 -
930 4542 964 4591 25
977 4543 1068 4594 similia
1077 4547 1143 4598 Bed.
1154 4552 1187 4600 de
1197 4559 1269 4602 metr.
1277 4569 1306 4617 p.
1319 4553 1382 4607 1381
1393 4574 1431 4622 ap.

134 4604 268 4654 Poematus
287 4605 339 4654 ΑΒ
355 4608 501 4656 Poematum
521 4608 555 4657 M
623 4609 654 4658 l'l
672 4624 753 4671 cynon
775 4610 814 4659 uel
831 4612 923 4660 micton
943 4611 1030 4662 ΑΒΜ
1108 4617 1140 4668 18
1156 4620 1214 4668 sine
1235 4621 1323 4681 ullae
1400 4628 1434 4676 2⁶2

134 4672 252 4723 lucretica
270 4677 382 4724 cannino
401 4677 486 4725 ΑΒΜ
559 4676 592 4728 23
608 4694 690 4742 cynon
710 4678 796 4728 ΑΒΜ
881 4682 915 4731 28
933 4681 1042 4730 atellana
1060 4697 1078 4739 ς
1097 4688 1212 4738 abellanu
1232 4689 1319 4743 ΑΒΜ
1401 4695 1436 4746 30

136 4755 169 4788 us
185 4769 220 4777 -
236 4758 389 4794 aaauaartvt
408 4762 455 4795 om.
475 4747 560 4797 ΑΒΜ
637 4746 671 4799 33
690 4747 775 4797 chriae
792 4748 818 4796 A
838 4749 917 4798 diriae
934 4748 1000 4810 ΒΜ,
1019 4768 1065 4803 om.
1087 4768 1104 4811 ς
