3114 5356
575 298 972 370 tarantasmum
1082 272 1084 278 ’
1364 299 1428 360 455

1215 423 1237 463 p.
1250 411 1335 454 42161
1349 413 1374 456 Ρ.

108 495 200 565 iuno.
248 491 309 552 illic
330 490 408 550 enim
430 488 459 548 in
481 487 547 549 loco
570 496 630 561 est,
649 488 720 550 illuc
738 488 769 548 in
791 486 898 547 locum.
943 484 1074 545 decimus
1093 484 1198 545 modus
1218 485 1252 543 tit
1269 502 1323 563 per
1342 504 1428 565 prae·

110 593 299 680 positiones,
319 600 351 653 ιιι

626 689 827 770 rapuitque
849 688 885 749 in
908 687 1038 747 lomite
1061 687 1261 761 flammam

114 799 285 865 ablativum
311 791 390 853 enim
410 808 510 850 casum
532 808 585 869 pro
607 790 773 851 accusativo
793 788 907 868 posuit,
931 806 998 848 cum
1019 787 1153 847 debuerit
1174 788 1272 848 (licere
1294 789 1323 849 in
1344 791 1429 850 sorni-

115 910 204 975 ιωι,
241 893 325 975 quasi
346 891 443 971 rapuit
472 890 508 950 ad
533 891 679 953 fomitem:
717 903 747 951 et
772 890 850 969 apud
878 889 1004 949 amicum
1033 907 1068 949 eo
1091 906 1144 967 pro
1169 888 1205 948 ad
1230 889 1354 952 anticum
1383 911 1428 952 co.

116 998 302 1067 undecimus
323 993 430 1055 modus
452 1002 497 1055 est
519 1010 572 1071 per
593 991 718 1070 gradus,
747 991 840 1068 siquis
868 990 1086 1070 conparatirum
1112 997 1203 1068 ponat
1224 1007 1278 1068 pro
1298 991 1430 1071 superla-

116 1102 183 1166 tiro
207 1106 260 1160 aut
283 1094 450 1157 absolutum
470 1112 524 1174 pro
546 1091 702 1166 alterutro,
723 1092 753 1152 id
775 1100 821 1152 est
842 1091 867 1151 si
889 1091 967 1151 dicat
985 1090 1082 1152 bonus
1099 1090 1245 1164 omnium,
1267 1110 1334 1152 cum
1351 1094 1428 1172 opti-

117 1220 193 1267 mus
214 1198 323 1261 debeat
345 1195 459 1267 dicere,
493 1201 543 1254 aut
569 1192 673 1255 melior
701 1191 848 1266 omnium,
879 1211 946 1254 cnm
969 1192 1074 1253 melior
1101 1191 1239 1254 omuibus
1258 1191 1365 1254 debeat
1386 1194 1424 1255 di·

119 1320 214 1378 aere3
235 1298 321 1362 cuius
344 1295 509 1376 exemplum
531 1303 578 1357 est

555 1394 587 1456 is
610 1402 793 1473 quaestus
815 1403 873 1456 est
894 1394 1011 1456 multo
1036 1393 1264 1467 uberrimus,

123 1521 197 1567 enm
228 1500 335 1561 debeat
363 1497 462 1559 dicere
488 1497 581 1558 multo
610 1495 738 1557 uberior.
783 1495 975 1558 duodecimus
1003 1494 1109 1555 modus
1131 1497 1164 1556 dt
1186 1512 1240 1574 per
1261 1496 1432 1573 geminatio·

123 1621 200 1669 uem
222 1598 386 1673 abnuendi,
415 1605 446 1658 ut
467 1597 596 1660 ridicas
615 1614 775 1675 numquam
796 1596 868 1657 nibil
890 1595 1024 1676 peccari,
1052 1615 1120 1658 eum
1140 1596 1251 1667 debeat,
1268 1597 1326 1658 dici
1348 1617 1434 1660 ntim-

126 1712 220 1785 quam
241 1699 377 1781 peccari,
407 1699 545 1776 quoniam
568 1699 642 1761 duae
666 1698 821 1761 abnutivae
845 1716 933 1758 unam
955 1696 1185 1758 confirmativam
1208 1698 1327 1759 iaciunt
1374 1709 1433 1762 ter-

126 1807 190 1868 tius
217 1802 350 1864 decimus
370 1798 481 1859 modus
502 1801 534 1860 fit
556 1818 609 1878 per
630 1799 742 1861 ordinis
761 1798 1001 1871 inmutationem,
1034 1796 1060 1858 si
1080 1796 1254 1877 particulam
1275 1817 1364 1876 quam
1385 1802 1436 1863 de-

127 1907 204 1970 beas
228 1903 323 1984 printo
345 1901 411 1962 loco
432 1918 543 1979 ponere
568 1908 730 1979 postponas
759 1907 809 1962 aut
830 1917 919 1976 quam
940 1897 1031 1958 debes
1053 1906 1233 1977 postponere
1253 1899 1348 1978 primo
1367 1900 1433 1962 loco

128 2008 291 2078 conloces,
330 2003 400 2063 dum
431 2000 504 2061 dicis
534 2003 650 2060 ‘autem
680 2001 785 2073 renit',
819 2018 886 2060 cum
923 2006 1058 2078 oporteat
1086 2000 1143 2059 dici
1177 1999 1272 2059 ‘venit
1305 2004 1432 2062 antem'.

130 2103 406 2189 quartusdecimus
427 2100 539 2160 modus
560 2102 593 2161 ιιι
614 2120 667 2180 per
685 2100 906 2162 inmutationem
924 2105 1065 2160 accentus
1086 2098 1191 2170 taliter,
1214 2109 1246 2160 nt
1267 2100 1360 2177 siquis
1383 2103 1434 2163 ad·

130 2209 268 2271 rerbinm
291 2205 348 2266 loci
370 2202 436 2276 ubi,
465 2202 543 2279 quod
566 2207 612 2261 est
633 2201 761 2280 positum
781 2219 835 2280 pro
856 2199 992 2261 adverbio
1016 2198 1172 2278 temporis,
1196 2209 1281 2261 acute
1303 2222 1434 2282 pronun-

131 2311 187 2374 tiet
209 2316 240 2369 et
261 2306 301 2367 ita
323 2305 374 2365 fiat
396 2302 501 2375 locale,
524 2318 590 2365 oum
613 2300 719 2361 debeat
741 2321 808 2363 esse
828 2300 1005 2381 temporale,
1027 2308 1060 2361 ut
1083 2307 1128 2361 est
1148 2300 1179 2362 in
1201 2301 1251 2363 illo
1273 2321 1370 2379 versu

108 2431 115 2467 ι
272 2483 276 2490 .
302 2405 388 2468 inde
413 2403 475 2464 ubi
496 2419 630 2462 venere
652 2402 693 2463 ad
715 2403 856 2464 lauces.
973 2395 976 2401 ’

133 2512 186 2575 ubi
206 2509 287 2571 enim
310 2505 435 2586 graviter
455 2501 613 2580 legendum
627 2498 641 2586 ΙΙ
657 2513 717 2578 ost,
739 2504 878 2582 quoniam
902 2504 1047 2582 significat
1067 2510 1233 2580 postquam.
1264 2505 1307 2566 sic
1329 2513 1359 2566 et
1380 2508 1436 2568 alia
1479 2514 1483 2521 '

135 2613 288 2684 similiter,
322 2616 353 2669 ut
379 2606 404 2667 si
433 2602 602 2665 adverbium
624 2612 693 2683 post
712 2605 791 2683 gravi
816 2614 941 2668 accentu
960 2604 1182 2686 pronuntietur,
1211 2605 1267 2666 erit
1287 2612 1438 2688 praeposi

137 2715 195 2789 tio;
215 2713 241 2773 si
263 2717 366 2782 acuto,
389 2704 567 2778 adverbium,

665 2813 707 2867 et
725 2806 837 2885 longo
862 2816 949 2889 post
969 2816 1137 2888 tempore
1157 2808 1271 2869 renit.

108 2914 258 2995 squidam
278 2910 409 2973 adiciunt
430 2908 564 2986 quintum
577 2907 734 2982 decbnum,
757 2909 807 2988 qni
825 2917 930 2988 putant
953 2910 1040 2971 etiam
1061 2910 1092 2971 iu
1115 2928 1173 2970 uua
1195 2922 1278 2989 parte
1299 2912 1440 2973 orationis

138 3014 202 3075 steri
226 3012 451 3082 soloecismum,
483 3009 508 3069 si
530 3009 769 3072 inconvenienter
790 3013 856 3084 fiat,
880 3011 905 3072 si
927 3011 1164 3073 demonstrantes
1183 3010 1276 3073 virum
1299 3012 1377 3074 bane
1396 3014 1440 3074 di·

138 3133 259 3187 camus,
282 3121 333 3172 aut
355 3111 492 3171 seminam
514 3110 608 3185 bunc;
637 3120 687 3171 aut
707 3110 732 3172 si
753 3112 925 3191 interrogati
945 3130 1003 3189 quo
1024 3131 1182 3192 pergamus
1204 3113 1439 3191 respondeamus

138 3217 264 3290 Romae;
287 3222 445 3274 autunum
467 3212 663 3273 resalutantes
682 3212 790 3273 salvete
812 3213 959 3286 dicamus,
983 3233 1049 3275 cum
1069 3213 1168 3290 utique
1186 3214 1368 3292 praecedens
1388 3215 1439 3273 de-

138 3312 315 3377 monstratio
341 3314 386 3375 rel
413 3313 602 3392 interrogatio
628 3313 673 3373 vel
700 3311 834 3375 salutatio
858 3313 914 3373 rim
946 3322 1099 3375 contextae
1126 3313 1267 3401 orationis
1299 3313 1437 3374 obtineat

108 3417 224 3478 omulti
246 3414 335 3475 etiam
358 3414 562 3476 dubitaverunt
576 3412 660 3473 scala
685 3412 825 3491 quadriga
850 3431 940 3492 scopa
962 3414 1155 3475 soloecismus
1176 3433 1215 3475 an
1240 3415 1439 3476 barbarismus

139 3527 236 3591 esset,
267 3535 333 3577 cum
361 3516 472 3577 scilicet
502 3515 531 3574 id
554 3531 646 3592 genus
668 3512 804 3576 dictionis
830 3508 1045 3577 barbarismum
1074 3534 1140 3577 esse
1167 3515 1261 3596 ipsius
1285 3517 1345 3578 vitii
1368 3517 1439 3575 deti·

139 3620 252 3681 uitione
273 3617 369 3697 possit
390 3617 519 3696 agnosci.
554 3614 592 3676 ita
615 3616 690 3674 dunt
710 3616 790 3677 modi
809 3614 975 3676 soloecismi
997 3617 1160 3679 secundum
1182 3617 1338 3698 plerosque
1356 3623 1438 3695 quat·

138 3718 321 3792 ttrordecim,
344 3717 505 3779 secundum
527 3715 669 3794 quosdam
691 3715 866 3792 quindecim.

224 3845 307 3905 luter
324 3843 531 3905 soloecismum
550 3851 580 3904 et
599 3842 812 3905 barbarismum
840 3844 897 3904 boc
925 3843 1064 3920 interest,
1093 3844 1171 3923 quod
1194 3844 1386 3905 soloecismus
1409 3843 1438 3901 iu

110 3947 278 4029 apluribus
302 3944 434 4024 partibus
455 3945 492 4004 'iit
518 3952 547 4003 et
571 3943 774 4023 discrepantes
798 3953 828 4006 et
853 3945 1100 4024 inconsequentes
1129 3946 1205 4005 iuter
1220 3926 1265 4006 'se
1294 3942 1438 4004 dictiones

141 4050 247 4120 babet,
282 4045 481 4106 barbarismus
506 4053 605 4104 autem
635 4045 666 4105 iu
694 4065 751 4106 una
780 4056 810 4107 et
835 4047 984 4109 insoluto
1013 4064 1158 4107 sermone.
1203 4053 1334 4107 ceterum
1362 4043 1439 4123 apud

141 4157 250 4230 poetas·
271 4146 472 4207 barbarismus
501 4144 710 4225 metaplasmus
737 4147 858 4222 dicitur,
896 4147 1088 4210 soloecismus
1116 4148 1237 4209 schema
1263 4144 1439 4208 nominatur.

212 4369 229 4420 3
249 4367 392 4434 rapuitque]
416 4371 493 4432 Verq.
508 4367 573 4418 Aeo.
588 4369 599 4418 1
616 4368 665 4420 176
737 4369 769 4420 10
787 4373 809 4422 is
829 4381 933 4436 questus
949 4371 1041 4423 ΑΒΜ.
1064 4372 1245 4423 Tenssmcd.
1260 4372 1322 4431 112,
1336 4372 1372 4422 22

144 4440 176 4491 ta
202 4441 225 4489 si
243 4456 291 4490 our.
310 4436 395 4487 ΑΒΜ
481 4436 514 4488 13
537 4437 689 4488 abnuatiuae
706 4437 733 4486 B
754 4441 904 4492 abuuetiuae
927 4457 996 4492 corr.
1020 4441 1172 4491 abnuntiuae
1190 4441 1215 4490 Α
1238 4441 1392 4491 abnuotluae
1411 4432 1443 4488 Μ

143 4509 313 4573 abnegatiuae
332 4521 348 4562 ς
437 4508 470 4556 14
486 4506 577 4556 modus
595 4524 642 4558 om.
661 4507 746 4559 ΑΒΜ
812 4510 865 4568 ,ld
883 4520 982 4576 oportet
998 4510 1031 4559 M
1051 4512 1143 4576 oportit
1161 4511 1214 4560 ΑΒ
1301 4511 1332 4561 17
1351 4516 1441 4574 quarto

142 4577 241 4625 decimo
260 4574 319 4624 ΑΜ
407 4576 497 4626 modus
516 4593 562 4626 om.
580 4575 667 4627 ΑΒΜ
747 4577 782 4627 20
800 4577 869 4642 inde]
892 4581 970 4642 Verq.
987 4580 1051 4630 Aea.
1072 4579 1105 4627 vt
1123 4580 1172 4630 201
1254 4579 1341 4629 neuim
1359 4575 1444 4627 ΑΒΜ

212 4648 246 4695 22
266 4646 443 4709 pronuntiatur
455 4644 489 4693 M
572 4644 605 4694 24
623 4643 663 4708 et]
693 4647 772 4710 Vera.
789 4648 871 4700 bucol.
892 4647 967 4708 1,30
1050 4649 1084 4698 25
1100 4649 1203 4710 quidam
1221 4678 1256 4687 -
1273 4648 1309 4700 311
1325 4660 1442 4699 sermone

142 4716 238 4766 Donat.
255 4731 284 4777 p.
304 4711 372 4762 true
443 4715 468 4761 iu
488 4728 539 4762 una
556 4721 628 4778 porte
647 4717 760 4765 Domus
778 4716 804 4764 iu
821 4730 898 4766 uuam
914 4725 1012 4782 portem
1028 4715 1114 4766 ΑΒΜ
1180 4716 1216 4768 29
1233 4716 1348 4782 optineat
1365 4717 1390 4765 Α

141 4782 177 4834 36
193 4783 260 4833 luter
278 4796 307 4831 re
326 4781 455 4832 Odeririur
469 4797 495 4846 p.
515 4781 567 4833 2³8
586 4780 613 4829 ln
631 4796 659 4831 re
677 4781 761 4832 ΑΒΜ
