3114 5356
522 291 604 353 ΛΒΤ.
627 290 767 353 ummo.
790 291 913 354 blau
1308 294 1371 356 153

1149 398 1318 462 ’ρ.118.011.

60 481 210 562 tsnpister
232 498 287 560 pro
306 480 460 560 tantisper.
505 497 559 559 per
585 477 741 558 ectldipsin
764 496 898 556 quoque,
932 478 962 538 id
991 486 1036 538 est
1062 495 1116 558 per
1144 479 1231 540 tinius
1257 481 1372 542 btterae

63 583 236 656 elisionem,
259 589 291 642 ut
310 581 454 661 repsitum
476 598 531 659 pro
549 578 721 659 repositum.

155 685 232 746 Sunt
253 690 406 763 praeterea
427 679 674 764 pronuntiationis
692 681 836 758 quaedam
857 681 941 754 vitia,
975 698 1050 758 quae
1078 699 1138 741 non
1165 681 1237 742 nulli
1267 682 1372 744 barba·

65 788 178 848 rismos
201 792 322 864 putant,
344 783 488 845 iotacismi
512 782 692 844 labdaoismi-
705 779 885 860 myotacismi
907 783 1004 844 hiatus
1027 781 1207 844 conlisiones
1224 790 1254 844 et
1275 786 1372 847 omnia

39 906 147 966 aquae
168 886 236 969 plus
256 902 350 963 aequo
374 885 508 946 minusve
536 883 670 943 sonantia
698 882 735 942 ab
763 884 886 944 eruditis
914 882 1035 944 auribus
1063 892 1254 962 respuuntur.
1299 887 1373 947 baec

67 989 137 1049 vitia
168 986 330 1068 praelocuti
361 984 591 1068 controversiam
616 984 654 1045 de
681 985 800 1045 nomine
825 983 1024 1063 pertinacibus
1053 983 1256 1063 relinquimus.
1301 989 1374 1050 iota·
1449 1034 1454 1041 .

68 1088 156 1149 cismi
182 1095 254 1149 sunt
274 1104 342 1147 cum
361 1083 370 1143 i
393 1084 489 1146 littera
510 1105 600 1166 supra
615 1086 724 1147 iustum
740 1083 877 1145 decorem
893 1084 923 1145 in
940 1083 1179 1147 distinctionibus
1198 1089 1372 1150 extenditur.

68 1188 243 1250 labdacismi
266 1187 415 1261 similiter,
444 1189 469 1250 si
492 1188 589 1249 lucem
611 1186 705 1266 prima
728 1183 837 1264 syllaba
859 1183 904 1244 vel
925 1184 1031 1245 almam
1054 1185 1177 1247 nimium
1197 1187 1284 1267 plene
1305 1209 1375 1270 pro-

70 1290 252 1351 nuntiemus.
297 1289 479 1367 myotacismi
500 1307 618 1368 quoque
639 1296 710 1351 sunt
730 1304 797 1348 cum
817 1287 847 1347 in
867 1286 925 1345 tine
951 1285 1042 1364 partis
1063 1286 1213 1348 orationis·
1226 1288 1374 1352 invenitur

31 1410 56 1450 u
69 1410 99 1451 m
120 1390 218 1451 bttera
242 1397 272 1449 et
289 1389 409 1469 incipiat
428 1409 556 1469 sequens
577 1410 594 1451 a
617 1388 708 1450 vocali
730 1405 804 1465 quae
826 1405 886 1446 uon
909 1387 947 1446 sit
972 1385 1038 1447 loco
1059 1389 1249 1451 consonantis
1268 1393 1372 1471 posita.

70 1493 145 1552 baec
167 1491 247 1550 enim
266 1488 404 1551 scribitur
425 1491 559 1568 quidem,
581 1510 640 1551 nnn
662 1497 759 1551 autem
781 1487 964 1560 enuntiatur,
995 1496 1027 1547 ut
1050 1490 1264 1567 ‘quousque
1292 1502 1375 1555 tan-

70 1593 153 1653 dem
177 1591 368 1653 abutere'.
412 1601 483 1653 tuuc
504 1602 601 1655 autem
620 1589 846 1672 pronuntiamus
866 1607 897 1648 m
917 1587 1059 1663 litteram,
1082 1609 1149 1651 cum
1172 1594 1305 1670 sequitur
1325 1614 1375 1656 vo·

70 1695 144 1756 calis
165 1693 232 1754 loco
252 1694 442 1754 consonantis
462 1692 574 1774 posita,
596 1699 629 1753 ut
652 1700 698 1752 est

42 1868 47 1876 .
240 1812 319 1855 cum
340 1796 430 1855 luno
454 1804 649 1855 aeternum
671 1812 695 1853 s.
718 1811 743 1852 s.
765 1809 795 1869 p.
818 1810 844 1850 v.

33 1893 225 1958 indistinctio
244 1912 377 1973 quoque,
399 1913 475 1973 quae
498 1903 615 1975 separat
632 1892 736 1966 verba,
759 1900 791 1952 ut
808 1899 854 1952 est

771 1992 854 2051 dum
877 1992 1056 2053 conderet
1076 1994 1207 2057 urbem

240 2096 477 2175 inferretque
500 2097 528 2156 d.
549 2096 582 2156 L.

72 2216 148 2276 quae
172 2197 371 2276 pronuntiatio
394 2198 551 2271 servanda,
581 2215 621 2256 nc
642 2196 681 2257 sit
703 2194 919 2269 barbarismus,
951 2215 1010 2256 non
1038 2199 1067 2257 in
1098 2199 1243 2279 scriptura
1267 2200 1319 2260 sed
1344 2202 1373 2262 in

73 2317 229 2372 sannone,
251 2297 277 2358 si
297 2299 444 2359 muntiata
467 2297 563 2359 luerit

35 2508 61 2548 20
162 2504 165 2508 ’
607 2503 645 2544 llll
665 2501 838 2546 summersam

159 2600 359 2664 Soloecismus
387 2611 433 2662 est
456 2610 558 2663 contm
585 2603 728 2663 rationem
747 2602 868 2662 Romani
898 2602 1043 2662 sermonis
1070 2602 1239 2666 disturbans
1267 2606 1376 2669 oratio·

75 2724 144 2766 nem
168 2714 198 2765 et
220 2704 319 2765 vitium
339 2702 368 2762 in
391 2710 530 2763 contentu
547 2703 674 2782 partium
697 2702 838 2785 orationis
861 2711 964 2764 eonua
983 2704 1114 2782 regulam
1137 2705 1208 2768 artis
1229 2726 1375 2786 grama-

74 2807 151 2867 ticae
179 2806 305 2876 lactum,
339 2803 368 2863 id
397 2811 526 2866 estnon
548 2804 727 2864 conveniens
751 2802 857 2864 rationi
884 2805 1029 2866 sermonis
1051 2807 1185 2870 iunctura
1208 2810 1372 2871 verborum.

76 2903 273 2970 soloecismus
286 2896 399 2966 'dieitur
421 2906 533 2966 Graeca
554 2898 644 2984 loyce
670 2897 750 2964 orico
775 2896 929 2981 αἰκισμός,
968 2907 998 2966 id
1026 2918 1071 2969 est
1095 2909 1201 2990 integri
1230 2913 1376 2973 sunnonis

39 3027 64 3065 as
77 3006 245 3087 corruptio:
269 3007 311 3067 vel
334 3027 350 3068 a
372 3007 486 3068 civitate
508 3006 626 3067 Ciliciae
645 3024 720 3084 quae
739 3006 827 3067 Soloe
848 3006 918 3067 olim
939 3009 1106 3085 dicebatur,
1130 3031 1209 3074 nunc
1224 3014 1384 3094 Pompeio·-

77 3109 155 3190 polis
182 3115 318 3182 vocatur,
346 3109 430 3169 cuius
452 3107 566 3168 incolae
592 3108 660 3187 quia
685 3126 823 3169 sermone
842 3119 980 3189 corrupto
1002 3111 1214 3190 loquebantur,
1242 3116 1377 3177 similiter

76 3213 181 3273 vitiose
207 3209 362 3288 lotprentes
386 3209 464 3289 apud
491 3209 685 3270 Athenienses
706 3210 882 3280 σολοικίζειν
903 3211 1091 3287 dicebantur,
1122 3214 1201 3274 unde
1222 3215 1252 3274 id
1274 3216 1376 3276 vitium

77 3312 272 3376 soloecismus
299 3310 410 3381 dictum
436 3318 497 3384 est;
534 3310 638 3372 Latine
661 3329 680 3371 a
701 3311 876 3388 quibusdam
907 3314 1049 3393 stribiligo
1072 3314 1252 3394 appellatur:
1288 3316 1374 3376 vela

78 3406 189 3476 Solone
211 3413 308 3491 legum
323 3407 337 3495 ll
351 3420 490 3485 auctore,
512 3412 562 3489 qui
585 3412 787 3474 indifferenter
807 3412 923 3475 locutus
945 3424 999 3476 est
1044 3415 1238 3477 soloecismus
1259 3417 1293 3476 tlt
1313 3436 1376 3476 mo-

42 3540 66 3579 m
79 3519 124 3579 dis
147 3515 333 3596 generalibus
356 3513 588 3592 quattuordecim
610 3521 675 3588 aut,
701 3520 733 3574 ut
752 3515 885 3593 quidam,
909 3517 1090 3593 quindecim3
1112 3517 1304 3579 inmutatione
1326 3537 1377 3596 ge·

80 3638 185 3682 nerum
216 3626 277 3679 tam
309 3616 438 3677 nominis
466 3633 554 3695 quam
581 3615 782 3696 pronominis,
819 3635 942 3678 casuum
965 3636 1156 3680 numerorum
1183 3635 1375 3698 personarum

78 3733 259 3802 ternpomm,
288 3736 342 3799 per
363 3715 531 3797 qualitatem
552 3718 724 3792 verborum,
750 3736 804 3797 per
823 3718 928 3779 modos
950 3721 1122 3796 verbonrm,
1156 3739 1210 3801 per
1229 3719 1375 3792 adverbia,

80 3844 133 3906 per
160 3819 409 3904 praepositiones,
448 3836 502 3899 per
528 3819 635 3897 gradus
664 3819 855 3893 conlationis,
892 3839 946 3900 per
970 3825 1197 3902 geminationem
1219 3819 1376 3891 manendi,

79 3944 133 4005 per
158 3930 314 3995 accentus,
337 3938 391 4000 per
412 3920 522 3983 ordims
544 3920 776 3982 inmutationem.
821 3923 934 4002 primus
956 3925 1063 3986 modus
1083 3922 1249 3987 soloecismi
1270 3925 1303 3985 llt
1324 3940 1377 4005 per

47 4040 67 4081 a
80 4025 303 4086 inmutationem
326 4040 466 4099 generum
487 4023 628 4095 nominis,
652 4024 719 4083 cuni
741 4022 866 4086 dicimus
888 4027 986 4087 ‘utra
1009 4027 1123 4087 silex'
1141 4034 1192 4087 aut
1214 4029 1378 4086 ‘amarae

81 4125 261 4188 corticis’
291 4132 341 4186 aut
367 4125 572 4213 ‘purpurea
602 4123 830 4201 narcissns',
864 4145 932 4188 cum
954 4135 1017 4188 ater
1043 4125 1117 4188 silex
1143 4124 1249 4187 debeat
1269 4124 1326 4186 dici
1349 4132 1377 4184 et

149 4305 212 4354 2nt
228 4312 357 4370 repostum
375 4317 392 4360 ς
480 4302 497 4354 3
515 4301 579 4354 san
596 4303 663 4354 -u
681 4303 847 4369 relinquimus
861 4307 956 4357 Dona.
972 4321 1000 4370 p.
1021 4303 1089 4356 1768
1178 4305 1210 4356 10
1227 4311 1253 4353 et
1272 4304 1377 4368 incipiat

81 4373 133 4423 AB
150 4374 276 4438 incipiens
290 4374 324 4424 M
410 4372 441 4423 ll
461 4369 604 4438 quousque]
627 4374 678 4423 (lte.
698 4375 726 4422 ia
744 4375 816 4426 Catil.
835 4377 845 4426 1
864 4375 877 4424 l
967 4374 999 4424 11
1017 4382 1071 4423 tum
1085 4388 1111 4431 ς.
1132 4375 1212 4438 Vere.
1231 4372 1297 4422 Aea.
1316 4370 1378 4423 1³6

81 4457 139 4491 cum
156 4442 221 4491 luno
240 4451 370 4493 aeterrmm
388 4456 495 4493 servans
512 4441 560 4493 snb
579 4450 679 4508 pectore
695 4443 788 4496 aulum
878 4444 909 4494 lb
927 4451 1028 4510 separat
1044 4442 1070 4491 A
1155 4442 1186 4494 to
1202 4439 1273 4507 dum]
1297 4443 1376 4506 Verg.

81 4512 147 4561 Aea.
166 4511 210 4561 15
228 4513 289 4561 dum
307 4512 427 4562 conderet
445 4511 532 4560 urbem
549 4510 706 4574 inferretque
722 4512 786 4562 deos
803 4513 874 4563 latio
950 4513 986 4562 24
1001 4512 1077 4577 lngus
1094 4526 1155 4561 oues
1174 4524 1275 4575 cyamus
1292 4510 1325 4559 M
1340 4511 1377 4560 lo·

81 4595 127 4628 cus
144 4581 303 4631 ouesclamos
321 4582 345 4630 A
364 4582 450 4630 locoso
466 4580 607 4630 nesciamus
623 4580 651 4630 B
719 4581 754 4630 25
779 4583 849 4632 solae
868 4581 919 4631 AB
1003 4581 1038 4629 27
1061 4581 1198 4631 soloecizin
1219 4580 1270 4629 AB
1287 4579 1378 4630 soleci-

81 4650 122 4698 zin
143 4649 175 4699 Μ
242 4650 276 4700 28
292 4649 489 4699 soloecismnsb
508 4649 684 4701 soloecismum
702 4650 788 4700 ΑΒΜ
863 4649 899 4700 30
916 4657 1035 4712 quattuor
1052 4650 1134 4700 dicem
1152 4651 1177 4699 A
1255 4646 1290 4699 31
1309 4650 1377 4699 ordi-

82 4719 122 4767 nis
139 4719 320 4768 inmutatioues
339 4718 424 4767 ΑΒΜ
491 4717 525 4769 35
544 4715 609 4782 atra]
631 4719 709 4783 Verp·
730 4719 795 4770 Aea.
814 4720 849 4767 Vl
866 4718 917 4769 6112
987 4717 1100 4786 amarae]
1121 4720 1199 4784 Verg.
1212 4718 1294 4771 bwol.
1306 4718 1332 4773 6.
1344 4718 1379 4770 61
1491 4740 1504 4754 ·

152 4786 187 4837 311
203 4800 330 4852 purporea
347 4786 409 4837 ΒΜ
423 4799 549 4852 porporea
565 4787 599 4836 A.
622 4788 699 4851 Verp.
719 4787 798 4838 bacol.
817 4788 842 4847 a,
860 4786 895 4838 38
