3114 5356
123 350 196 419 ,494
694 342 880 407 blembis

115 465 270 610 Jocblilb
285 462 513 597 ”zheminam
536 530 749 611 corripiuntur3
778 527 944 591 accusativo
968 530 1029 605 sie,
1051 531 1147 594 'l'roas
1172 463 1314 616 religi:
1329 460 1443 617 helpe

137 623 208 714 nas,
228 637 374 710 vocativo,
397 653 415 694 o
437 633 530 694 Troes
550 632 680 712 Phryges
700 638 730 693 et
748 637 846 692 cetera
867 629 982 692 sinidio.

675 802 725 878 DE
756 815 896 879 blE'l'lllS

195 938 395 1012 histrorum,
429 938 458 1000 id
482 944 528 999 est
554 935 701 1015 legitimae
724 933 952 1015 conpositionis,
985 930 1151 997 obscuritas
1178 939 1380 1019 scrupulosae
1399 941 1440 1003 in·

137 1041 278 1103 tentionis
296 1039 464 1117 indaginem
488 1038 677 1099 vehementer
698 1034 827 1114 inquirit
871 1053 959 1114 quam
981 1034 1101 1098 obrem
1122 1039 1206 1100 omni
1228 1040 1368 1101 anlractu
1387 1042 1459 1103 cir-s

137 1139 305 1204 cumitionis
324 1138 420 1202 ablato
441 1139 585 1219 quaedam
602 1131 700 1199 metra
722 1136 848 1199 dilucide
865 1144 897 1198 et
914 1136 1197 1217 breviter-exposui.
1239 1140 1353 1203 etenim
1372 1142 1439 1203 mibi

137 1262 187 1304 res
207 1241 360 1304 videbatur
379 1240 507 1304 absurda
527 1257 590 1301 rem
611 1237 707 1300 natira
728 1237 909 1300 obscuritate
927 1237 1077 1300 dildeilem
1097 1238 1187 1315 etiam
1207 1240 1338 1320 ealigine
1354 1260 1438 1324 mpe-

138 1343 255 1407 sitionis
273 1343 422 1421 obtegere.
928 1374 934 1386 =

693 1422 743 1483 DE
766 1421 886 1483 VERSV

223 1544 333 1606 Versus
360 1552 405 1606 ost
426 1543 554 1624 partium
576 1540 705 1620 legitima
732 1539 886 1620 dispositio
911 1549 942 1602 et
963 1540 1071 1621 pedmn
1093 1541 1171 1603 culta
1194 1542 1350 1622 copulatio
1371 1559 1464 1605 oon-n

138 1645 261 1708 sonandi
285 1645 384 1726 specie
405 1644 557 1706 metricam
578 1642 719 1703 exhibens
740 1640 881 1721 regulam.
897 1637 911 1723 Η

520 1828 569 1889 ΒΕ
591 1827 801 1891 uterium)
824 1826 1056 1889 fluxauuruu

224 1948 331 2011 Versus
354 1948 490 2011 heroicus
512 1967 530 2009 a
548 1946 703 2008 duodecim
725 1946 841 2026 syllabis
864 1945 895 2007 in
917 1954 1031 2027 septem
1051 1945 1155 2008 decem
1175 1946 1343 2026 longiatur;
1366 1949 1434 2011 tdtra

139 2070 198 2112 non
221 2058 327 2131 potest.
372 2068 441 2110 nam
462 2049 487 2109 si
508 2046 576 2129 plus
596 2048 700 2122 babet,
725 2049 912 2110 excutiuntur
934 2067 988 2128 per
1009 2046 1165 2127 ecthlipsin
1187 2048 1233 2108 rel
1256 2051 1434 2132 synalipben.

139 2151 291 2213 scanditur
312 2157 409 2212 autem
428 2151 553 2212 seriens.
597 2149 702 2231 recipit
721 2151 809 2212 etiam
830 2149 938 2230 pedes,
961 2167 1028 2210 cum
1050 2155 1095 2208 est
1116 2147 1286 2227 legitimus,
1309 2151 1385 2212 inter
1405 2171 1433 2212 se
1446 2180 1468 2218 rs

140 2251 265 2314 variatos
286 2251 376 2326 duos,
400 2251 564 2331 spondeum
585 2260 615 2312 et
632 2249 638 2333 Ι
657 2250 786 2317 resoluta
806 2250 870 2312 eius
887 2249 1051 2330 posteriore
1072 2256 1157 2328 parte
1183 2249 1343 2329 dactylum.
1387 2252 1435 2313 sed

141 2353 291 2433 spondeus
314 2361 457 2433 perpetuo
479 2352 510 2413 in
530 2354 590 2414 line
615 2353 750 2431 ponitm,
778 2351 862 2412 cuius
889 2351 955 2413 loco
981 2350 1155 2432 plerumque
1177 2351 1338 2415 trochaeus
1361 2354 1436 2415 inre·

102 2514 105 2519 .
139 2454 232 2528 nitur,
254 2472 288 2514 ea
310 2454 498 2532 rationeque
518 2453 733 2514 indifferentem
755 2453 785 2514 in
807 2452 944 2515 omnibus
968 2450 1070 2513 metris
1092 2458 1277 2531 postremam
1299 2454 1435 2534 syllabam

138 2564 251 2618 veteres
284 2575 351 2617 esse
382 2555 577 2616 crediderunt.
631 2552 662 2613 hi
692 2553 780 2633 igitur
811 2552 902 2634 pedes
931 2551 1050 2633 syllabis
1080 2549 1215 2633 inpares,
1255 2555 1436 2635 temporibus

138 2656 291 2734 aequales,
320 2673 373 2715 sex
398 2655 572 2733 regionibus
594 2653 741 2714 distributi
769 2662 910 2732 quaterna
937 2660 1070 2733 tempora
1094 2671 1147 2716 sua
1169 2654 1343 2717 scandendo
1371 2672 1466 2736 par-a

139 2757 246 2817 tientes
269 2763 407 2832 quattuor
425 2762 455 2814 et
475 2756 574 2834 viginti
594 2753 777 2833 temporibus
799 2755 996 2816 metri-totius
1018 2753 1077 2815 sire
1103 2763 1198 2817 tomas
1221 2754 1268 2815 rel
1295 2765 1436 2817 commata

140 2857 200 2916 sive
222 2856 303 2928 cela,
332 2874 407 2933 quae
429 2854 532 2916 Latine
555 2857 700 2918 sectiones
722 2858 813 2919 incisa
836 2856 968 2919 membra
989 2855 1141 2930 dicuntur,
1170 2860 1304 2935 perlecta
1323 2862 1436 2919 eonior·

138 2956 266 3016 matione
288 2954 497 3016 concludunt..
521 2957 692 3018 observatur
713 2967 810 3020 autem
834 2977 872 3018 ne
892 2958 1012 3019 ultimus
1033 2976 1086 3038 pes
1109 2957 1147 3019 sit
1169 2958 1357 3037 trisyllabus,
1391 2978 1436 3019 er-

139 3056 232 3134 ceptis
252 3056 384 3135 pauculis
405 3057 537 3118 versibus
559 3058 609 3136 qui
631 3058 808 3137 hypermetri
828 3061 981 3133 dicuntur,
1012 3079 1136 3138 quorum
1159 3059 1372 3122 abundantiam
1390 3080 1435 3120 er-

140 3156 250 3235 eipiuut
282 3157 311 3216 bi
342 3178 445 3221 versus
475 3161 526 3238 qui
558 3169 698 3220 secuntur
728 3159 903 3240 incipientes
931 3180 947 3220 a
975 3160 1125 3240 synalipire
1154 3161 1270 3222 ratione
1297 3162 1466 3242 ryrnnmas

139 3258 230 3330 facta,
265 3277 360 3337 eoque
385 3263 463 3323 iacto
490 3263 590 3324 vitium
618 3261 696 3339 quod
726 3269 787 3322 erat
815 3262 845 3322 in
872 3264 929 3322 tine
954 3280 1056 3324 versus
1084 3262 1265 3324 continuatio
1290 3264 1435 3342 sequentis

138 3359 282 3421 emendat.

577 3472 614 3514 nr,
636 3474 741 3515 nonem
764 3473 867 3515 rnrrsrs
887 3473 999 3514 asnorcr

222 3570 329 3632 Versus
358 3571 466 3632 herous
493 3571 627 3633 senarius
655 3573 777 3633 diversis
803 3571 953 3633 vocabulis
981 3571 1154 3652 appellatur.
1199 3570 1279 3633 idem
1307 3573 1385 3633 enim
1411 3581 1437 3631 et

137 3671 305 3732 hexameter
324 3671 369 3731 vel
391 3671 510 3750 Pythius
535 3673 579 3732 vel
604 3675 706 3752 epicus
728 3685 758 3734 et
781 3674 923 3753 Priapeus
951 3680 980 3734 et
1007 3673 1158 3734 bucolicus
1181 3683 1320 3749 vocatur,
1351 3688 1465 3754 super-³¹·

137 3789 210 3847 qrras
238 3772 450 3851 appellationes
477 3772 562 3832 etiam
586 3773 688 3834 Latine
712 3775 817 3852 longus
841 3769 930 3857 [pes]
955 3774 1070 3835 dicitur.
1115 3774 1226 3836 heroici
1248 3775 1340 3853 igitur
1362 3783 1434 3846 sunt,

139 3870 275 3945 quietiens
298 3871 327 3929 in
349 3873 444 3951 primo
465 3873 607 3952 spondius
631 3885 677 3935 est
704 3885 733 3936 et
761 3875 791 3935 in
821 3876 906 3936 terlio
935 3885 964 3936 et
990 3875 1020 3935 iu
1044 3885 1136 3936 serto.
1181 3876 1322 3937 heroicus
1344 3886 1435 3938 aulem

137 3980 291 4047 propterea
318 3972 440 4048 dicitur,
472 3974 551 4053 quod
573 3974 700 4036 virorum
722 3975 840 4038 sortium
866 3996 915 4038 res
943 3987 1041 4055 gestas
1063 3996 1097 4038 ac
1124 3979 1200 4038 iacta
1222 3987 1434 4049 corunemoret;

137 4070 337 4133 lresametrunr
360 4093 491 4152 quoque,
518 4075 595 4151 quod
618 4094 669 4135 sex
690 4077 859 4154 regionibus
883 4077 1039 4156 spondium
1064 4086 1094 4137 et
1116 4076 1264 4156 dactylum
1283 4080 1376 4159 pedes
1396 4079 1435 4138 di·

208 4286 219 4334 1
238 4283 327 4350 fryges
345 4285 452 4334 delllnas
473 4284 558 4335 ΑΒΜ
637 4289 653 4336 2
673 4286 762 4351 fryges
780 4287 805 4335 A
824 4284 904 4352 friges
922 4287 979 4336 ΒΜ
1063 4289 1079 4336 d
1098 4289 1257 4353 scripulosae
1277 4290 1326 4339 Μα
1342 4290 1432 4354 scripe-

135 4355 204 4403 losne
223 4355 248 4403 B
267 4354 427 4419 screpolosae
447 4354 471 4402 A
548 4356 564 4406 5
583 4357 650 4406 ornrri
667 4355 783 4405 sarriraetu
802 4355 828 4404 B
846 4358 914 4406 omrai
930 4356 1054 4405 arrriractu
1073 4375 1089 4407 α
1107 4360 1220 4407 omniurn
1240 4359 1323 4407 fructu
1342 4360 1366 4406 A
1383 4373 1431 4406 onr-

136 4423 176 4471 niu
195 4422 276 4472 tractu
295 4422 328 4471 Μ
397 4423 627 4481 inconsonantia
682 4424 711 4473 ll
732 4425 836 4474 exibeus
855 4426 915 4474 ΒΜ
930 4442 999 4476 corr.
1019 4426 1142 4476 exbibens
1161 4428 1186 4477 A
1260 4426 1432 4478 l3duodmin1

133 4508 202 4542 corr.
219 4492 400 4544 duodecemA
419 4493 557 4542 duodecem
577 4493 607 4542 M
677 4495 796 4557 {erigatur
814 4495 839 4542 Β
916 4495 947 4544 ll
967 4493 1086 4559 etlilipsiu
1105 4497 1130 4543 A
1149 4497 1256 4561 eclipsin
1276 4496 1335 4547 ΒΜ
1404 4493 1430 4543 la

134 4562 246 4609 sextiens
264 4562 358 4626 recepit
378 4561 463 4612 ΑΒΜ
544 4562 773 4614 sumammuh!
850 4565 978 4628 legitimos
995 4562 1053 4612 ΒΜ
1137 4565 1169 4615 18
1189 4580 1239 4628 qua
1257 4566 1319 4615 ΒΜ
1332 4567 1392 4628 qnia
1409 4561 1429 4610 A

203 4629 235 4679 19
250 4630 416 4679 credederunt
436 4630 461 4678 A
539 4632 574 4681 20
595 4633 733 4696 partientes
749 4648 766 4680 a
784 4633 909 4696 potientes
927 4632 1013 4682 ΑΒΜ
1090 4636 1122 4683 21
1142 4643 1223 4683 tomas
1243 4635 1380 4686 Caesarius
1396 4644 1428 4679 tu·

133 4708 188 4743 mos
207 4698 232 4745 B
248 4707 331 4747 tumes
350 4698 407 4746 AM
485 4699 518 4747 25
537 4716 552 4749 a
570 4702 652 4750 uocati
670 4699 841 4766 synaloephae
860 4702 958 4750 ratione
976 4717 992 4759 ς
1073 4702 1108 4752 30
1124 4701 1258 4769 Priapeus]
1278 4703 1396 4767 proprius
1414 4710 1428 4752 ς

202 4763 233 4814 31
255 4767 348 4830 longus
368 4767 419 4814 AB
442 4766 518 4830 louge
537 4768 581 4817 M:
607 4769 701 4835 longus
720 4783 812 4819 uersus
831 4770 958 4826 dieiturs'
1045 4771 1079 4822 32
1103 4770 1220 4821 heroicus
1237 4771 1263 4821 B
1288 4770 1382 4821 heroici
1401 4765 1429 4816 Μ

134 4830 245 4882 hieroieo
263 4832 345 4896 (corr.
366 4832 448 4895 ¹rum)
467 4835 491 4883 A
