3114 5348
214 335 297 378 xxvru
576 301 579 307 ¹
750 310 957 373 PRAEFATIO

214 506 308 578 tano,
330 519 390 583 per
410 495 600 561 uuiversum
622 494 805 557 litterarum
829 493 975 558 ordinem
1005 494 1147 558 deducta
1173 502 1205 558 ct
1232 492 1368 559 Graecis
1393 493 1512 579 glossis

215 599 375 662 instructa
397 604 490 679 sunt3
517 597 661 681 itemque
683 592 757 659 aliis
785 593 883 677 loeis,
914 595 1057 660 maxime
1085 597 1120 659 in
1150 593 1309 682 exemplis
1338 593 1512 660 verborum

216 720 300 786 quae
319 698 354 761 in
369 699 465 762 tertio
480 696 564 762 libro
581 703 667 778 sunt,
690 695 820 779 Latinis
832 697 1001 762 vocabulis
1024 718 1121 783 saepe
1136 697 1303 782 adscripta
1320 706 1369 760 est
1385 696 1513 761 Graeca

107 832 115 842 ·
214 800 453 886 interpretatio.
497 819 581 883 quae
609 799 742 885 quidem
771 797 880 864 omnia
902 807 940 862 ut
961 798 1086 863 nullam
1114 798 1288 863 utilitatem
1316 795 1455 880 habent,
1485 797 1513 860 si

215 899 280 964 lide
301 900 504 987 antiquitatis
527 900 756 981 destituuntur,
779 901 827 964 ita
846 921 911 964 non
932 899 1005 964 dieo
1021 900 1152 964 omnino
1170 901 1304 963 inventa
1321 918 1341 960 a
1357 897 1513 977 Cauchis,

216 1001 274 1065 sed
301 1009 412 1065 tamen
445 1023 486 1065 ne
514 1001 643 1086 integra
669 1000 800 1087 quidem
829 1023 848 1065 o
882 1000 994 1064 codiee
1019 1009 1150 1086 recepta
1178 1009 1263 1064 sunt.
1309 998 1451 1086 denique
1479 1001 1514 1063 in

217 1100 452 1188 supplementis
470 1101 675 1184 lacunarum,
697 1124 781 1189 quae
803 1102 946 1166 maxime
965 1103 1109 1166 animum
1140 1099 1373 1183 advertebant,
1403 1123 1513 1188 quam-

217 1225 315 1292 quam
336 1202 496 1290 quaedam
519 1202 607 1267 haud
628 1203 886 1269 contemnendae
908 1202 985 1267 fidei
1006 1202 1151 1287 repperi,
1174 1209 1301 1282 tamen,
1321 1222 1396 1264 eum
1415 1223 1457 1265 ne
1478 1202 1514 1265 in

216 1305 268 1369 his
290 1305 424 1391 quidem
450 1304 558 1371 omnia
586 1326 604 1368 e
634 1305 747 1371 codiee
774 1306 879 1393 petita
907 1325 979 1368 esse
999 1302 1162 1383 viderem,
1189 1300 1314 1366 leviora
1343 1301 1514 1388 quaedam,

218 1427 302 1492 quae
325 1426 421 1492 quem
440 1405 483 1470 ad
505 1404 636 1471 modum
658 1405 880 1471 scriberentur
896 1403 979 1471 nihil
1001 1404 1168 1484 intererat,
1191 1403 1296 1466 omisi.
1341 1402 1392 1467 his
1412 1403 1515 1489 igitur

217 1507 289 1571 sine
309 1505 532 1589 incommodo,
555 1509 686 1593 opinor,
713 1508 843 1572 omissis
868 1506 996 1594 reliqua
1022 1504 1069 1568 ita
1089 1503 1193 1569 relata
1219 1513 1295 1567 sunt
1321 1512 1358 1568 ut
1380 1514 1515 1591 atquae

219 1609 264 1672 sit
283 1607 365 1672 fides
380 1608 474 1673 istius
496 1605 575 1672 libri
597 1608 756 1695 adpareat
774 1616 807 1672 et
828 1630 911 1694 qnae
932 1608 975 1672 ad
996 1604 1255 1672 emendationem
1280 1603 1421 1670 Charisii
1445 1629 1515 1693 per-

219 1711 325 1775 tinent
340 1717 473 1798 recepta
495 1710 561 1773 sint
575 1709 692 1776 omnia.
737 1731 812 1773 nam
834 1732 918 1795 quae
941 1707 1082 1793 singulis
1106 1702 1281 1768 tribuenda
1303 1717 1390 1772 esset
1408 1717 1516 1773 aucto·

218 1811 300 1875 ritas
317 1819 349 1876 et
364 1833 428 1901 quo
450 1810 546 1876 modo
568 1811 635 1877 illis
654 1812 698 1876 ad
720 1811 822 1876 verba
841 1810 1009 1897 scriptoris
1029 1806 1232 1873 restituenda
1250 1808 1408 1874 utendum
1430 1819 1517 1874 esset

95 1929 100 1939 '
218 1933 293 1978 raro
308 1912 530 1979 adnotandum
543 1933 614 1977 esse
629 1911 814 1978 videbatur.

305 2000 536 2080 Emendatior‘ri
571 2013 713 2079 Charisii
745 2021 819 2100 post
844 2013 988 2077 Pierium
1017 2010 1219 2098 Cyminium,
1256 2014 1312 2098 qui
1342 2012 1518 2076 manifesta

220 2113 381 2200 quaedam
408 2115 491 2179 vitia
517 2114 665 2197 sustulit,
694 2115 818 2202 primus
837 2132 985 2199 >operam
1020 2111 1111 2176 dedit
1139 2111 1342 2197 Georgius
1375 2111 1516 2183 Fabri·

220 2214 324 2295 eius,
347 2213 438 2278 euius
461 2215 562 2281 editio
584 2215 672 2280 facta
693 2224 744 2279 est
763 2213 911 2279 Basileae
928 2232 957 2274 a.
977 2216 1069 2275 1551.
1099 2215 1128 2278 is
1143 2221 1251 2277 autem
1273 2215 1321 2277 ita
1335 2215 1516 2301 prinoipem

221 2313 395 2379 editionem
417 2326 549 2382 secutus
574 2325 624 2381 est
645 2325 683 2380 ut
704 2316 842 2383 conlatis
871 2314 1012 2377 maxime
1035 2313 1077 2377 iis
1104 2335 1188 2400 quae
1216 2308 1256 2378 de
1285 2314 1396 2379 eodem
1420 2337 1516 2400 argu·

219 2423 328 2480 mento
351 2415 393 2481 ab
415 2415 490 2481 aliis
517 2418 739 2503 grammaticis
760 2417 928 2503 disputata
950 2424 1026 2480 sunt
1047 2418 1207 2502 quaedam
1236 2415 1415 2500 corrigeret
1440 2437 1517 2479 eon·

218 2517 346 2581 iectura
374 2518 535 2584 interdum
555 2517 735 2607 probabili,
764 2519 895 2604 saepius
925 2517 1025 2580 nimia
1053 2515 1239 2605 corrigendi
1267 2514 1400 2579 licentia
1426 2538 1516 2579 usus.

221 2618 280 2682 aad
301 2628 431 2703 praeter
451 2639 491 2682 ea
506 2641 590 2703 quae
605 2621 641 2683 in
664 2620 812 2704 inpresso
835 2617 1015 2706 exemplari
1032 2625 1178 2684 correcta
1194 2625 1270 2680 sunt
1287 2615 1368 2680 mihi
1386 2628 1517 2702 praesto

220 2717 284 2783 fuit
305 2721 489 2804 exemplum
512 2720 670 2807 principis
700 2719 852 2783 editionis
874 2740 975 2784 manu
995 2718 1141 2784 Fabricii
1161 2739 1267 2782 novae
1290 2717 1442 2783 editionis
1470 2719 1517 2783 fa·

219 2818 356 2882 ciendae
379 2841 478 2882 causa
499 2819 707 2903 adnotatum,
729 2819 817 2906 quod
838 2842 925 2884 nuno
943 2822 1055 2905 regiae
1075 2818 1294 2884 bibliothecae
1317 2817 1518 2885 Drasdensis

221 2925 280 2981 est.
324 2940 367 2983 ex
389 2941 428 2983 eo
448 2922 551 3007 petita
572 2929 649 2987 sunt
675 2942 759 3007 quae
787 2943 830 2984 ex
858 2922 1086 2986 ‘notis-manu
1114 2920 1262 3006 seriptis’
1291 2920 1436 2984 Fabricii
1462 2924 1518 2987 ad·

221 3018 349 3105 scripsi.
394 3018 491 3086 huius
513 3021 649 3086 inventa
672 3022 806 3087 retinuit
827 3021 970 3087 Helias
991 3021 1217 3088 Putscbius
1246 3030 1314 3085 tum
1337 3044 1410 3086 eum
1435 3023 1519 3088 Oba·

221 3124 336 3188 risium
366 3122 478 3188 multis
504 3124 609 3188 modis
637 3131 797 3188 mutatum
827 3125 861 3187 in
895 3123 1137 3189 Grammaticus
1164 3122 1301 3186 Latinae
1330 3125 1518 3191 auctoribus

222 3224 336 3291 edidit.
381 3225 440 3289 sed
462 3246 686 3311 quaecumque
708 3224 764 3289 ille
793 3233 868 3309 post
888 3223 1078 3290 Fabricium
1099 3225 1235 3288 novavit
1264 3247 1282 3288 e
1305 3224 1419 3289 codiee
1446 3226 1519 3292 Iani

222 3326 374 3410 Dousae,
398 3327 439 3390 de
461 3346 525 3412 quo
546 3333 644 3390 antea
666 3326 788 3391 dictum
810 3333 877 3408 est,
905 3328 1039 3411 recepit.
1084 3346 1160 3389 nam
1188 3325 1259 3410 ipse
1281 3348 1444 3412 perpauca
1463 3331 1520 3395 ad·

223 3427 316 3492 didit.
360 3449 424 3514 quo
441 3425 564 3490 laetum
581 3435 683 3491 estut
702 3436 831 3515 praeter
851 3426 953 3490 multa
970 3426 1139 3491 verissime
1155 3449 1197 3491 ex
1212 3436 1322 3492 vetere
1339 3432 1520 3517 exemplari

222 3529 374 3594 restituta
385 3527 452 3593 alia
473 3528 550 3591 item
571 3529 650 3592 satis
673 3528 775 3593 multa
794 3535 976 3592 commenta
997 3528 1162 3591 temerarii
1182 3530 1374 3593 correctoris
1396 3532 1519 3618 recipe·

222 3637 283 3693 ret.
327 3637 491 3715 postremo
518 3628 760 3695 Friderieus
787 3629 1095 3694 Lindemaunus
1122 3629 1292 3716 praeclaro
1321 3631 1517 3699 emendatio-

223 3729 274 3793 nis
294 3729 457 3815 praesidio
483 3731 680 3814 instructus,
708 3731 924 3818 Neapolitano
948 3729 1059 3795 codiee
1090 3754 1110 3795 a
1131 3731 1171 3795 B.
1198 3732 1238 3796 G.
1262 3729 1444 3797 Niebuhrio
1464 3756 1521 3799 ex·

223 3852 335 3912 cnseo,
357 3832 391 3895 iu
406 3834 692 3916 grammaticorum
713 3833 906 3898 Latinorum
921 3833 1087 3898 volumine
1107 3843 1224 3920 quarto
1239 3832 1371 3918 Lipsiae
1387 3854 1417 3896 a.
1439 3835 1520 3899 1840

224 3930 410 4020 Charisium
432 3932 535 3998 edidit
559 3938 654 4022 eique
674 3958 732 4022 pro
752 3933 898 3998 bonitate
921 3932 1058 4015 codicis,
1085 3935 1178 3998 euius
1208 3936 1304 4021 eopia
1329 3932 1418 3997 faeta
1446 3934 1521 4014 fuit,

224 4032 399 4098 salutarem
428 4055 507 4099 sane
535 4059 666 4124 operam
694 4035 867 4120 praestitit.
915 4054 992 4096 nam
1014 4034 1118 4098 multa
1145 4057 1229 4120 quae
1258 4035 1335 4101 olim
1361 4058 1381 4098 a
1410 4035 1521 4104 Pierio

223 4134 346 4200 omissa
366 4144 459 4199 erant
480 4137 604 4222 primus
624 4136 767 4217 addidit,
789 4156 873 4219 quae
894 4157 1065 4222 perperam
1094 4157 1114 4198 a
1134 4135 1287 4201 Fabricio
1309 4136 1520 4204 et‘Putsohio

222 4238 354 4301 invecta
376 4245 470 4300 erant
496 4238 649 4314 removit,
683 4237 824 4323 denique
857 4238 967 4300 omnia
1001 4237 1044 4301 ad
1070 4240 1296 4303 auctoritatem
1319 4237 1395 4302 libri
1421 4261 1520 4305 manu

224 4339 338 4424 seripti
359 4341 537 4402 revocavit.
582 4338 641 4403 sed
662 4336 748 4402 idem
772 4357 844 4401 cum
869 4335 920 4401 his
937 4359 1020 4423 quae
1035 4361 1056 4402 a
1071 4337 1251 4403 Niebuhrio
1274 4341 1521 4407 accuratissime

223 4439 391 4523 exscripta
408 4438 550 4522 fuerunt,
573 4448 609 4504 ut
628 4436 793 4527 adfirmari
821 4437 935 4502 audivi
956 4438 999 4504 ab
1023 4440 1064 4503 iis
1084 4440 1141 4527 qui
1161 4440 1231 4503 eius
1254 4451 1410 4528 excerpta
1430 4444 1521 4509 vida·

223 4544 313 4614 runt,
333 4539 512 4625 prudenter
533 4540 581 4603 uti
602 4541 759 4619 nesciret,
782 4560 889 4626 neque
906 4539 1168 4605 emendationem
1189 4551 1361 4628 corruptae
1382 4545 1521 4632 scriptu·

223 4657 279 4701 rae
301 4660 422 4724 magno
445 4661 544 4726 opere
564 4639 692 4704 adiuvit
713 4661 819 4726 neque
841 4640 921 4727 quid
945 4641 980 4705 in
1007 4640 1120 4706 codice
1142 4640 1299 4726 seriptum
1328 4653 1416 4709 esset
1440 4646 1522 4711 satis

223 4748 375 4805 accurato
402 4739 540 4805 rettulit.
585 4762 628 4804 ex
652 4762 717 4829 quo
735 4741 821 4828 siqui
845 4740 930 4807 forte
951 4743 1113 4807 mirantur
1133 4740 1220 4826 quod
1243 4764 1342 4831 saepe
1360 4764 1381 4808 a
1401 4743 1522 4811 Linde·

223 4840 336 4905 manni
352 4840 540 4908 testimonio
558 4862 697 4930 eaquae
718 4842 790 4931 ipse
805 4843 840 4908 in
854 4840 968 4909 codiee
986 4842 1110 4929 scripta
1129 4864 1202 4909 esse
1223 4843 1295 4911 dixi
1314 4842 1525 4932 dissentiunt,
