3114 5356
134 275 196 338 390
689 269 872 333 ulotffluts

202 392 269 435 ese
283 392 309 431 aa
323 390 347 431 n.

186 405 201 446 p
530 476 605 519 nam
628 454 814 518 constitui
835 472 916 515 cum
937 453 1093 531 quedam
1113 454 1282 535 hospite

297 580 352 621 me
372 578 457 619 csse
477 559 582 620 illum
599 564 884 628 conventuram,

388 807 440 848 me
463 796 536 848 tum
556 785 669 864 [cum]
691 801 841 844 uxorem
864 781 1068 843 credidisti
1092 782 1254 844 scilicet

301 890 510 950 ducturum.
1435 901 1443 933 ι

135 994 264 1072 iungitur
286 991 601 1072 plusquamperfectum
621 998 737 1066 tempus
758 986 859 1047 fmitivi
880 983 960 1049 medi
976 983 1096 1046 instanti
1118 984 1253 1059 finitive,
1275 986 1364 1047 reluti

300 1093 448 1154 dixerat
468 1091 550 1161 ille,
577 1098 610 1149 et
632 1088 701 1148 iam
725 1107 793 1168 per
814 1086 957 1147 moenia
978 1085 1121 1146 clarior
1147 1084 1253 1163 ignis

304 1193 457 1254 autlitur

135 1326 154 1360 e
179 1297 308 1373 iungitur
329 1295 442 1354 instans
465 1291 638 1352 linitixemm
658 1293 757 1353 ftttxxro
777 1289 967 1362 tinniverunt,
991 1295 1023 1348 ut
1040 1286 1117 1366 apud
1140 1288 1304 1366 Vergilium

300 1410 519 1472 quamquam
559 1392 701 1452 animus
742 1390 958 1452 meminisse
990 1388 1120 1448 horret
1153 1388 1348 1470 tractuque
1375 1407 1448 1450 ree

1082 1488 1209 1570 sayra,

305 1593 512 1672 incipiam,-

138 1706 167 1757 et
187 1705 232 1756 est
259 1713 435 1773 quamquam
463 1695 577 1765 barret,
606 1694 760 1773 incipiam:
793 1693 861 1752 item
891 1692 1010 1752 instanti
1040 1692 1312 1767 subiunctirorum‚
1346 1693 1425 1753 relati

138 1798 209 1859 dieo
233 1797 375 1877 quamuis
396 1796 572 1874 intellepas:
591 1795 661 1855 item
681 1794 821 1873 perfecte
839 1792 1123 1868 subiunrhrnrnm,
1148 1793 1238 1854 reluti
1254 1794 1323 1854 dice
1338 1812 1424 1872 quam

139 1901 181 1960 ris
203 1898 388 1960 intellexeris.
431 1898 591 1977 reperimus
614 1896 690 1975 apud
717 1905 829 1956 referes
848 1896 962 1957 instans
984 1895 1160 1955 linitirerum
1183 1895 1266 1974 iungi
1286 1897 1373 1956 etiam
1390 1894 1448 1953 inu

140 2003 270 2080 perfeeto
294 1999 559 2072 subiunctirerum,
585 1998 662 2077 qued
685 2017 751 2058 rare
772 1999 819 2071 fit,
848 1997 931 2057 euius
957 1995 1081 2081 exempli
1108 1995 1252 2074 prodendi
1277 1994 1423 2076 gratiani

139 2103 200 2163 sela
222 2101 354 2162 Tulliana
375 2101 480 2161 strffrcit
503 2100 670 2161 arroteritae.
715 2099 754 2159 ait
783 2100 860 2160 enim
888 2099 918 2158 in
941 2096 1084 2158 lloseiana
1108 2096 1167 2169 sic,
1202 2099 1299 2158 ‘earm
1335 2097 1423 2159 nialla

140 2203 436 2283 prescriptionis
473 2202 611 2262 mentio
648 2201 776 2274 fieret,
812 2220 891 2262 earm
925 2200 1034 2260 etiem
1076 2217 1202 2257 unx-nes
1233 2199 1298 2275 qui
1329 2207 1423 2258 antea

139 2313 352 2366 metuerant
384 2304 556 2365 redirent
586 2300 751 2386 aciamss
767 2304 967 2364 defunctos
993 2319 1031 2360 se
1058 2298 1247 2379 periculis
1270 2301 1424 2360 arbitra·

140 2415 286 2480 rentur,
316 2424 445 2485 nomen
478 2407 646 2466 refertur
673 2406 708 2465 in
737 2404 888 2465 tabulas
914 2401 1019 2464 Sexti
1041 2400 1198 2461 lloscii'.
1245 2399 1452 2479 mugitum-a·

140 2510 301 2591 perfectum
327 2509 500 2569 duitirorum
531 2508 690 2587 inperfecte
718 2505 984 2577 subiunctivomm‚
1017 2500 1102 2561 veluti
1138 2501 1274 2562 dicebam
1306 2502 1425 2582 quamris

94 2656 97 2661 .
140 2610 342 2688 intellegeres:
375 2609 444 2669 item
469 2609 544 2668 idem
569 2616 686 2687 tempus
716 2608 845 2687 iungitur
871 2614 901 2667 et
928 2603 1215 2685 plusquamperfecto
1237 2602 1426 2666 subiunctiro

141 2731 221 2781 runt,
261 2709 347 2769 reluti
376 2707 506 2768 dicebam
539 2710 671 2785 quamvis
704 2709 907 2769 intellexisses.
959 2708 1028 2766 item
1057 2703 1186 2781 iuxxgitur
1214 2707 1377 2784 perfectum
1403 2714 1426 2763 et

138 2806 472 2889 plusquamperfechuu
499 2807 687 2884 finitiverant
715 2810 885 2889 inperfecte
911 2817 939 2869 et
964 2806 1252 2888 plusquamperfecto
1275 2806 1427 2867 subiuncti-

140 2930 256 2981 vorum‚
281 2909 368 2969 relati
391 2909 448 2968 dixi
470 2910 599 2988 (paraturis
618 2912 817 2989 intellegeres,
838 2910 907 2970 elici
927 2909 1068 2988 qraemeis
1092 2906 1320 2984 intellexisses,
1347 2909 1454 2969 daea

140 3029 209 3070 retra
239 3009 615 3090 pererrantis,intelleperem
649 3012 776 3073 dixeram
807 3013 936 3089 quamvis
965 3010 1167 3071 intellexisses.
1213 3011 1283 3071 item
1307 3014 1427 3072 futxmmr

142 3112 315 3172 finitisomm
340 3111 468 3189 iungitur
486 3114 632 3190 praesenti
653 3114 901 3174 subiunctixerum
921 3121 950 3172 et
964 3113 1120 3191 praeterito
1136 3113 1268 3191 perfer-to
1290 3122 1320 3173 et
1340 3116 1428 3173 futtuo

142 3222 169 3272 et
192 3212 383 3292 optatirerum
407 3215 502 3274 future
522 3214 576 3288 ita,
605 3215 699 3274 dicam
723 3215 854 3292 quamvis
880 3213 1048 3291 intellegas,
1078 3213 1173 3272 dicam
1196 3213 1328 3290 quamvis
1353 3210 1429 3272 intel-

143 3313 262 3388 fereris,
284 3314 377 3375 (licam
400 3314 425 3376 si
449 3316 640 3389 intellexeris,
665 3316 759 3376 dicam
782 3325 816 3378 ut
836 3316 996 3394 intellegas.
1042 3334 1100 3375 nen
1125 3320 1286 3391 numquam
1309 3313 1430 3392 iungitur

214 3524 225 3573 l
246 3538 295 3571 uam
310 3541 338 3587 p.
362 3526 418 3575 Ter.
439 3527 503 3575 Her.
523 3529 533 3575 1
552 3528 576 3584 ¹2,
598 3525 646 3575 120
716 3523 842 3590 hospitem
861 3540 917 3574 esse
930 3525 1012 3573 ABM
1030 3522 1130 3587 hospite
1149 3536 1206 3570 esse
1225 3535 1257 3577 ςε
1277 3521 1378 3589 hospite
1395 3535 1429 3569 me

141 3609 223 3657 emp
293 3593 432 3649 2illam5·
508 3604 691 3643 conarentnrum
706 3608 744 3657 ps·
819 3595 835 3642 4
859 3608 899 3641 arxe
915 3602 966 3641 tum
985 3608 1040 3641 earm
1060 3592 1110 3641 AB
1128 3606 1167 3638 me
1186 3600 1238 3639 tum
1257 3592 1299 3641 rui
1320 3592 1353 3640 ,11
1368 3598 1428 3639 metu

142 3678 234 3726 ‹exrnxp
254 3677 309 3710 curn
330 3678 369 3711 me
387 3672 438 3710 tum
458 3677 482 3717 ς.
507 3666 563 3714 Ter.
582 3664 689 3726 Adelph.
710 3663 733 3709 V
751 3663 776 3723 3,
796 3663 829 3712 25
917 3663 1059 3711 credidistis
1077 3661 1101 3709 A
1187 3660 1202 3707 1
1222 3658 1334 3725 dixerat]
1358 3663 1428 3722 Verp.

141 3733 205 3782 Aea.
225 3733 247 3779 ll
266 3731 316 3780 705
404 3732 420 3781 a
444 3735 534 3781 lacerna
552 3748 623 3796 petam
639 3734 751 3780 indicavi
767 3735 865 3797 relique
881 3746 946 3793 para
962 3728 1204 3796 pliusqmmqrerfecti
1219 3732 1340 3792 temporis
1357 3741 1380 3781 et
1396 3732 1429 3778 iu·

140 3810 213 3865 tegra
227 3800 311 3861 suferri
324 3803 438 3865 definitio
456 3816 509 3850 mem
527 3803 580 3851 suis
598 3803 719 3863 eaerrrplia
734 3804 875 3863 perimunt.
895 3817 948 3849 ema
968 3800 1112 3864 excipiebat
1130 3800 1222 3847 initium
1242 3815 1323 3849 nouae
1335 3802 1430 3850 detea-

139 3869 247 3934 periboea
271 3872 339 3919 suedi
355 3872 447 3934 finitivi
464 3871 653 3934 disputationis,
680 3871 762 3933 qualis
785 3879 822 3919 est
842 3871 912 3932 apud
936 3871 1073 3919 Charisiano
1095 3885 1121 3931 p.
1141 3866 1193 3916 234
1210 3883 1249 3931 sq.
1338 3870 1429 3917 instans

142 3938 267 3986 dnitiuum
286 3938 401 3999 (finitiuo
420 3939 446 3987 Β
453 3938 464 4001 l
484 3938 568 3987 futtuo
587 3937 717 3997 (fartaxrunr
740 3938 787 3999 M)
807 3938 903 3986 lltxitiuo
923 3939 1023 4000 ABMp
1109 3935 1177 4000 apud
1195 3935 1351 4002 Vergilium]
1371 3938 1430 3986 Aa.

143 4007 164 4054 ll
186 4005 217 4052 12
303 4006 335 4054 lu
354 4008 471 4070 luctuque
489 4007 584 4071 refugit
602 4007 719 4070 itxeipiam
736 4023 781 4057 ern.
802 4006 910 4069 AB.lfp‚
928 4008 988 4057 add.
1008 4006 1137 4055 Charisius
1226 4003 1258 4055 13
1272 4006 1430 4057 subiunctiue

141 4073 242 4136 ABlfp
328 4076 405 4124 veluti
422 4102 456 4112 —
476 4076 508 4126 14
523 4076 738 4125 subiunctivorum
755 4091 802 4125 em.
827 4075 926 4139 ABrlfp
1015 4074 1046 4124 15
1064 4075 1162 4123 instans
1180 4088 1197 4136 p
1215 4073 1335 4124 instantis
1354 4070 1432 4124 ABM

214 4142 245 4193 16
264 4142 290 4191 fxt
310 4143 438 4194 Charisius
457 4144 504 4194 fuit
522 4144 621 4208 ABhfp
690 4144 833 4209 exemplum
849 4160 868 4207 p
951 4144 982 4193 17
1001 4142 1094 4192 suflicit
1113 4141 1173 4191 AM
1192 4142 1302 4191 suilla-iet
1322 4145 1346 4193 B
1362 4140 1430 4192 suffl-

141 4221 209 4260 eeret
224 4229 244 4276 p
263 4210 373 4260 sufficiat
392 4213 521 4264 Charisius
606 4215 631 4262 in
650 4214 768 4261 rusciano
784 4213 818 4263 B.
838 4213 888 4263 Cic.
905 4229 954 4276 pro
972 4214 1048 4283 Hqsc.
1068 4211 1153 4260 Aruer.
1173 4211 1198 4271 8,
1214 4211 1247 4260 21
1332 4212 1364 4262 18
1381 4225 1430 4260 enx-

144 4280 183 4328 uis
200 4281 225 4328 A
295 4280 328 4331 19
346 4291 486 4331 metuerunt
504 4283 571 4346 ABp
588 4292 774 4332 menmauerant
792 4282 825 4331 Μ
841 4290 1019 4336 ηιοῐιιοηιιιῑς
1089 4279 1205 4343 redirep
1276 4296 1307 4329 ac
1324 4282 1373 4330 iam
1387 4278 1431 4341 Mp

142 4349 221 4396 satiem
240 4348 264 4396 A
283 4350 358 4399 etiem
375 4351 401 4399 B
486 4350 619 4400 defunctos
641 4366 668 4399 se
688 4351 721 4399 M
741 4350 874 4399 defunctos
898 4365 954 4399 esse
975 4350 1026 4399 AB
1051 4347 1179 4397 inhrnctus
1200 4363 1293 4413 essep
1317 4365 1373 4399 esse
1390 4348 1431 4396 de-

143 4415 275 4474 funetose
294 4434 351 4468 sese
370 4417 504 4498 defunctos
520 4420 654 4470 Petschius
729 4418 763 4468 20
781 4418 858 4468 refert
877 4419 910 4469 M
982 4419 1081 4468 tabulas
1100 4416 1231 4466 Charisius
1249 4419 1343 4467 tabulis
1360 4415 1431 4479 Bhfp

143 4485 234 4535 tabells
253 4487 278 4536 A
347 4496 412 4536 sexu
431 4488 506 4537 roscii
525 4488 597 4538 AMb
617 4498 640 4538 te
658 4488 733 4536 roscii
751 4488 776 4537 B
794 4489 846 4536 exti
863 4502 987 4552 roseusp
1065 4485 1097 4534 21
1120 4486 1198 4534 veluti
1216 4486 1332 4536 dicebam
1349 4513 1384 4522 -
1400 4483 1431 4533 27

145 4553 359 4606 subiunctiserum
378 4573 424 4607 em.
438 4573 466 4620 p.
554 4557 587 4607 23
609 4557 723 4621 iungitur
740 4555 923 4621 perfectum-et
939 4553 1187 4621 plusquamperfecto
1211 4552 1223 4616 (
1230 4566 1295 4603 -tum
1314 4556 1357 4611 A)
1374 4554 1431 4603 sub·

144 4620 312 4672 iuuetiuorum
337 4625 405 4688 (rell.
423 4624 484 4684 em.)
507 4625 591 4675 ΑΒΜ
679 4625 713 4674 25
735 4625 814 4674 ueluti
836 4624 890 4673 dixi
915 4625 1032 4688 quamuis
1054 4623 1224 4671 intellexisses
1243 4626 1313 4687 (rell.
1332 4624 1392 4685 om.)
1408 4621 1433 4671 B

212 4691 265 4740 dixi
288 4694 403 4756 quamvis
425 4693 595 4744 intellexisses
619 4694 732 4743 dixeram
758 4694 874 4757 quemvis
897 4693 1058 4757 intellegeres
1082 4708 1129 4741 em.
1148 4691 1207 4740 AM
1292 4692 1327 4742 28
1352 4692 1432 4740 dicam

145 4758 260 4816 quamvis
279 4759 433 4810 intellexeris
452 4785 486 4796 -·
503 4759 537 4811 29
555 4762 689 4828 intellegas
707 4778 753 4814 om.
771 4778 789 4826 p
858 4760 893 4812 29
912 4771 937 4809 ut
956 4761 1086 4811 Charisius
1104 4760 1126 4808 si
1144 4758 1229 4809 ΑΒΜ
