3114 5356
203 282 267 351 260
392 290 398 303 ’
664 314 671 325 ·
773 275 936 340 CllAlllSll
1143 346 1145 350 ⁸

255 415 280 457 p.
294 401 342 443 nso.
357 399 381 441 u
399 397 424 441 r.
778 377 783 390 ⁸
1260 456 1264 461 Ι
1289 398 1314 441 p.
1331 384 1457 430 tumr.

205 475 272 536 lens
301 480 332 533 et
363 478 470 530 cetera.
516 465 650 527 similiter
682 462 753 527 nolo
787 482 847 525 nou
882 462 926 523 ris
954 477 1014 520 non
1042 459 1119 533 vult,
1157 457 1234 520 malo
1265 458 1360 520 mavis
1393 457 1499 519 maudt

206 590 383 654 ‹puramquam
411 570 498 631 etiarn
527 569 605 628 circa
632 566 706 627 lraec
730 564 819 626 rerba
845 563 979 625 similiter
1000 561 1170 643 imperativa
1188 560 1347 622 observare
1369 560 1500 623 debemus

207 674 369 740 secundum
391 669 609 732 adnotationem
631 665 866 746 praecedentem.
911 666 964 727 sed
983 674 1052 727 sunt
1077 663 1126 741 qui
1146 663 1184 723 ita
1208 661 1326 736 dicunt,
1348 661 1436 723 malis
1455 681 1500 723 no

205 778 259 853 lis,
291 784 321 838 et
341 770 468 855 optativa
492 777 605 831 tantum
626 768 762 829 instantis
784 775 814 829 et
839 769 987 848 praeteriti
1011 767 1122 828 utinam
1145 763 1243 824 malim
1269 762 1356 823 malis
1376 762 1500 825 melitet

207 879 297 940 nolim
314 877 391 938 nolis
413 872 494 935 nolit
539 869 696 930 videndum
719 879 824 932 estne
846 869 875 931 in
898 868 1117 931 similitudinem
1139 865 1244 926 cadant
1268 864 1336 926 volo
1362 873 1393 926 et
1417 864 1528 936 volvot

206 979 287 1058 quod
304 985 350 1040 est
369 974 469 1036 eodo.
514 971 564 1032 ubi
587 970 665 1031 enim
687 991 705 1032 o
727 970 801 1031 duas
827 971 943 1033 recales
973 980 1003 1032 et
1029 967 1119 1031 semel
1144 994 1163 1029 a
1182 961 1323 1027 declinari
1347 966 1433 1028 volvo
1450 965 1501 1028 vol-

204 1081 308 1142 vebam
330 1077 413 1139 volvi.
457 1073 540 1135 rolvo
562 1079 658 1134 autem
681 1079 726 1133 est
743 1071 845 1134 tertiae
872 1071 1090 1134 declinationis:
1111 1063 1116 1152 Ι

950 1168 1033 1256 totll
1049 1170 1197 1232 volvere
1220 1187 1344 1232 casus.

207 1297 278 1342 nam
298 1275 364 1337 volo
386 1275 467 1337 volas
487 1275 599 1355 parimas
621 1281 680 1336 est:

763 1376 863 1437 volat
883 1374 950 1437 ille
972 1394 1036 1455 per
1055 1394 1141 1436 aera
1162 1389 1342 1450 magnum.
1513 1395 1531 1435 s

209 1491 239 1544 et
263 1499 337 1560 quac
359 1497 394 1538 ex
412 1476 476 1538 volo
496 1478 584 1538 verba
603 1481 691 1553 liunt,
719 1478 788 1539 nolo
810 1476 952 1550 ennato,
979 1476 1108 1537 futurum
1130 1493 1227 1554 neque
1249 1471 1394 1534 infinitivo
1415 1490 1502 1552 neque

208 1579 362 1664 participio
383 1577 501 1639 habent.
672 1566 676 1573 ’

294 1683 366 1743 ltem
384 1678 461 1741 aliud
485 1680 605 1741 verbum
624 1681 662 1743 ita
686 1681 858 1744 declinatur.
896 1679 1004 1740 finitiva
1028 1679 1164 1740 instantis
1183 1696 1249 1739 sum
1273 1695 1306 1738 es
1328 1685 1391 1752 est,
1413 1677 1503 1757 inper-

210 1786 279 1848 fecti
302 1801 398 1856 eram,
427 1781 549 1860 perfecti
572 1782 627 1855 fui,
660 1780 940 1863 plusquamperfecti
961 1782 1089 1852 fueram,
1123 1779 1212 1840 futuri
1235 1798 1294 1839 ero,
1340 1780 1504 1860 imperativa

208 1886 347 1948 instantis
367 1904 413 1957 es,
444 1883 509 1944 aliis
531 1884 587 1957 sie,
618 1884 657 1945 sit
675 1884 766 1946 simus
788 1886 850 1945 estc
872 1882 947 1957 sint;
975 1882 1063 1942 futuri
1092 1890 1142 1942 aut
1170 1881 1252 1959 qrrasi
1277 1882 1367 1942 futuri
1390 1890 1456 1943 esto
1476 1890 1533 1942 tun

208 1996 272 2050 esto
292 1985 340 2047 illc
369 1991 463 2045 estote
482 1985 542 2046 sint
563 1993 592 2045 et
614 1993 711 2046 suum.
745 1985 871 2065 optativa
889 1984 1026 2045 instantis
1044 1992 1073 2044 et
1089 1982 1243 2062 inperfecti
1266 1982 1378 2044 utinam
1403 2002 1505 2055 essem,

210 2088 330 2171 perlecti
354 2086 474 2158 fuerim,
502 2084 782 2167 plusquamperfecti
806 2085 943 2159 fuissem,
972 2085 1061 2146 futuri
1083 2085 1147 2146 sim.
1192 2083 1377 2147 subiunctiva
1400 2087 1506 2147 instan-

208 2190 247 2253 tis
267 2208 334 2252 oum
357 2189 427 2259 sim,
460 2187 615 2266 inperfecti
640 2206 752 2262 essem,
786 2186 908 2267 perfecti
932 2186 1053 2258 fuerim,
1075 2186 1358 2266 plusquamperfecti
1379 2187 1507 2259 fuissem,

209 2292 300 2354 futuri
323 2311 373 2353 cro
397 2296 425 2349 et
445 2287 537 2348 fuero.
581 2288 720 2363 infinitiva
740 2288 876 2349 instantis
896 2306 978 2360 esse,
1013 2286 1160 2367 praeteriti
1183 2286 1290 2360 fuisse,
1323 2288 1415 2350 futuri
1435 2290 1509 2350 futu·

209 2412 276 2455 rum
298 2412 365 2455 esso
387 2399 417 2451 et
438 2391 567 2449 futurum
598 2389 650 2449 ire.
695 2408 750 2449 nec
776 2387 1002 2469 appellationem
1028 2408 1083 2449 uec
1111 2407 1218 2448 nomeu
1243 2407 1300 2449 nec
1323 2390 1542 2469 participiumst

209 2495 348 2575 praebet3
384 2490 435 2553 sed
465 2507 520 2549 uec
548 2489 696 2569 passivum
725 2489 803 2551 facit
848 2490 1001 2571 participia
1025 2498 1123 2550 tamen
1152 2489 1257 2569 recipit
1282 2491 1357 2551 leaeo
1386 2499 1509 2565 tantum,

210 2593 398 2671 singulariter
418 2599 451 2652 ut
469 2591 517 2650 hio
537 2592 652 2651 futurus
674 2600 703 2651 ct
725 2591 874 2669 pluraliter
897 2592 925 2652 lri
949 2591 1037 2652 luituri
1058 2597 1088 2651 et
1109 2599 1214 2652 cetera.
1260 2590 1395 2652 similiter
1422 2592 1511 2653 dccli-

210 2701 318 2756 nantur
349 2692 436 2751 etiam
463 2708 539 2768 (puae
566 2709 600 2750 ex
629 2710 663 2751 co
692 2692 843 2771 conposita
872 2699 956 2765 sunt,
994 2691 1071 2752 velut
1096 2712 1216 2772 prosum
1245 2693 1351 2754 adsum
1372 2713 1509 2773 praesum

209 2781 311 2856 destun
341 2793 445 2853 obsum
472 2791 616 2851 intersum
644 2791 757 2864 iusum,
798 2801 827 2853 et
855 2792 938 2869 siqua
972 2793 1027 2853 alia
1056 2813 1090 2853 ex
1110 2794 1157 2854 his
1180 2795 1354 2856 derivantur.
1400 2797 1453 2857 sed
1477 2816 1512 2857 ex

209 2894 256 2954 his
278 2894 336 2953 duo
358 2893 415 2953 ista
439 2891 547 2953 habent
569 2889 720 2971 participia
743 2892 829 2954 ctiam
848 2893 1000 2966 instantis,
1024 2915 1161 2974 praesum
1179 2906 1207 2957 ct
1230 2897 1344 2958 obsum.
1390 2916 1459 2959 nam
1483 2909 1547 2959 ets

210 3012 351 3074 praeseus
374 3000 404 3054 et
421 2993 529 3054 absens
552 2992 686 3054 dicimus.
730 2994 806 3055 iuter
834 2996 907 3056 lraec
934 3014 1008 3073 quae
1031 3016 1099 3056 cum
1121 3017 1185 3058 sum
1207 2998 1296 3058 verbo
1318 3003 1513 3080 pronuntiau-

212 3102 260 3155 tur
286 3113 378 3154 unum
402 3114 525 3174 possum
551 3115 610 3156 non
638 3102 736 3175 potest
759 3096 848 3157 rideri
874 3097 956 3173 (facit
983 3099 1060 3159 enim
1090 3101 1252 3179 perfectum
1280 3103 1393 3180 potui),
1428 3104 1513 3165 cuius

212 3194 437 3257 declinationem
460 3197 646 3258 inseruimus.
692 3195 770 3258 velut
788 3198 897 3259 linitiva
919 3199 1055 3262 instantis
1078 3221 1199 3281 possum
1216 3210 1302 3281 potes
1321 3213 1438 3283 potest,
1460 3225 1513 3285 po·

211 3305 317 3370 teram,
350 3299 448 3376 potui,
478 3308 646 3379 potueram,
679 3305 792 3377 potero.
837 3301 1003 3379 imperativa
1025 3303 1162 3363 instantis
1190 3312 1274 3382 potes
1294 3307 1388 3383 possit
1408 3308 1513 3384 posei-

210 3417 279 3460 mos
295 3406 417 3477 poteete
434 3402 576 3479 possint,
614 3399 702 3461 futuri
727 3406 849 3479 potesto
873 3403 976 3478 possit
999 3405 1149 3482 possimus
1173 3413 1320 3484 potestate
1343 3407 1460 3486 possint
1484 3417 1547 3467 etas

209 3509 363 3581 possunto.
406 3501 532 3581 optativa
549 3501 684 3564 instantis
704 3508 734 3562 et
755 3501 909 3582 inperfecti
933 3503 1044 3565 utinam
1066 3527 1196 3588 possem,
1217 3508 1373 3588 potuerim,
1397 3508 1513 3587 potuis·

279 3763 295 3814 3
314 3762 402 3813 dicunt
420 3761 447 3812 N
462 3763 548 3814 dicant
563 3764 588 3812 P
659 3763 676 3813 6
695 3772 719 3812 et
736 3763 814 3814 semel
832 3763 954 3814 declinari
973 3765 999 3814 P
1015 3766 1048 3816 ad
1066 3768 1143 3817 seunel
1164 3760 1285 3820 decliner.
1304 3767 1337 3815 rit
1358 3765 1382 3814 N
1387 3784 1395 3815 c
1413 3782 1429 3816 u
1447 3767 1514 3816 diros

210 3831 314 3881 uocales
329 3833 361 3881 ad
378 3831 457 3882 semel
476 3832 643 3883 declinaverit
662 3832 855 3885 Lindemanuur.
888 3835 1016 3884 excidisse
1034 3838 1148 3887 videntur
1170 3852 1234 3902 puae
1254 3837 1285 3885 de
1303 3838 1407 3885 duorum
1424 3837 1513 3886 cerdo-

209 3917 263 3951 rum
282 3902 340 3952 uolo
358 3904 397 3950 ris
416 3910 440 3952 et
455 3902 514 3951 volo
535 3902 606 3951 volas
623 3901 654 3950 ab
671 3917 700 3951 eo
717 3903 784 3967 quod
800 3910 838 3952 est
858 3903 931 3953 volvo
946 3904 1091 3968 defferentes
1106 3908 1173 3956 dieta
1189 3913 1264 3956 eram
1334 3902 1412 3969 8tot]
1432 3907 1513 3971 Ver-9.

208 4002 275 4053 Aen.
294 4002 338 4054 19
410 4004 442 4054 10
458 4002 538 4069 volat]
564 3995 643 4071 llerp.
663 4006 728 4053 Aen.
750 4005 829 4056 1300
907 4006 936 4056 ll
957 4007 1105 4072 fortiusque
1123 4010 1247 4058 infinitiuo
1263 4024 1345 4071 neque
1363 4011 1474 4075 particir‘r
1490 4011 1516 4059 N

205 4071 248 4128 stit
266 4088 346 4134 neque
363 4075 526 4140 participium
543 4074 569 4123 P
656 4073 687 4125 13
711 4081 844 4135 temporum
867 4079 965 4127 nondua
986 4081 1011 4127 in
1030 4081 1197 4130 declinatione
1213 4077 1285 4129 uerbi
1301 4093 1358 4127 sum
1376 4081 1469 4129 masa
1487 4084 1513 4130 iu

211 4141 244 4201 P,
264 4145 455 4206 superscripta
472 4152 528 4193 suut
545 4145 570 4192 in
588 4143 614 4192 N
684 4143 715 4193 15
734 4158 762 4191 es
781 4143 847 4193 nlius
865 4148 902 4194 sis
920 4147 946 4195 P
963 4156 1016 4196 esto
1033 4147 1090 4197 aliis
1109 4150 1145 4198 sis
1164 4149 1189 4197 N
1275 4157 1329 4196 esto
1348 4157 1374 4196 tu
1392 4159 1449 4198 esto
1468 4151 1513 4199 ille

210 4217 291 4268 estote
309 4211 405 4262 Pecto
424 4223 451 4261 tu
470 4222 494 4261 et
513 4213 556 4262 ille
574 4227 688 4263 essemus
707 4220 787 4262 estote
807 4214 833 4262 N
910 4215 942 4266 16
955 4217 1051 4267 utinam
1070 4233 1114 4267 om.
1135 4218 1168 4278 N,
1188 4218 1249 4266 odd.
1266 4217 1292 4265 P
1373 4218 1406 4267 et
1426 4227 1512 4268 mmon

208 4271 273 4329 lia'ec
290 4281 382 4346 recipit
399 4289 494 4332 tautum
513 4283 589 4346 singr‘r
607 4290 631 4331 et
647 4283 700 4348 plt'r.
719 4282 766 4333 mi.
786 4281 828 4332 hic
844 4281 945 4334 iuturus
963 4294 988 4335 et
1005 4293 1053 4337 cet.
1074 4289 1098 4334 P
1119 4317 1121 4322 π
1168 4286 1201 4337 23
1221 4296 1246 4335 ιιι
1266 4287 1341 4351 psum
1357 4287 1448 4338 adsum
1467 4290 1514 4338 ob-

209 4363 267 4398 sum
286 4350 408 4399 intersum
428 4351 511 4399 insum
528 4360 553 4401 et
566 4354 589 4401 si
607 4367 658 4414 qus
676 4353 701 4402 P
783 4353 817 4400 24
833 4351 982 4403 deriunntur
997 4355 1024 4403 N
1039 4355 1197 4405 declinentur
1216 4356 1242 4405 P
1324 4358 1358 4407 25
1376 4358 1425 4407 ista
1448 4360 1513 4408 Dio-

207 4419 292 4468 medes
303 4432 331 4479 p.
351 4418 402 4470 355
420 4421 455 4467 its
472 4419 522 4469 NP
589 4421 624 4471 26
642 4435 707 4484 quse
725 4434 780 4469 sum
799 4420 878 4470 uerbo
894 4424 1087 4488 pronuntientur
1105 4428 1138 4474 uu
1158 4427 1198 4489 (ut
1209 4425 1246 4486 P)
1262 4439 1367 4489 possum
1379 4426 1430 4475 NP
1447 4443 1513 4490 qnae

210 4502 268 4536 curu
286 4488 363 4537 uerbo
383 4499 572 4553 praeponuntur
589 4490 638 4539 hoc
655 4489 737 4540 solnm
758 4503 862 4553 possum
880 4493 978 4542 codices
995 4494 1122 4544 Diomedis
1149 4509 1214 4554 quae
1237 4510 1252 4543 s
1273 4509 1330 4543 serm
1354 4497 1434 4546 uerbo
1452 4511 1512 4562 pro

209 4556 356 4605 enuntientur
374 4568 401 4606 ut
418 4571 523 4622 possum
540 4574 575 4608 to:
593 4574 672 4609 unum
691 4573 794 4623 possum
815 4560 1001 4611 Liudcmonnccs
1086 4564 1120 4613 25)
1143 4563 1239 4624 impet.
1259 4565 1318 4614 inst.
1336 4575 1411 4628 potes
1429 4569 1514 4630 possit

209 4625 338 4688 possimus
356 4634 481 4688 potestote
497 4629 595 4692 possint
613 4637 638 4677 et
655 4636 764 4694 posunto
783 4626 809 4675 N
822 4629 903 4693 iupei.
921 4640 994 4694 potes
1013 4633 1096 4694 possit
1114 4631 1152 4680 tm
1170 4632 1300 4694 possimus
1313 4641 1441 4696 potestote
1453 4650 1514 4701 pos·

208 4693 259 4808 sipt
275 4701 423 4809 plt'p‘ps'suot
442 4696 474 4749 P.
497 4697 668 4760 supplementa
684 4695 801 4759 praebuit
820 4698 953 4748 Diomedes
966 4713 995 4761 p.
1015 4699 1078 4751 ³55:
1098 4702 1132 4764 ef.
1150 4715 1254 4765 prmum,
1274 4703 1398 4753 decemo
1412 4720 1444 4768 p.
1465 4705 1514 4756 178

210 4774 225 4809 e
245 4793 251 4808 .
300 4776 325 4810 m
343 4777 382 4811 or.
