3114 5348
526 374 532 384 ι
598 293 807 357 PRAEFATIO
1282 314 1346 357 rrxr

60 479 109 543 bus
131 478 335 567 pervetustis
359 474 529 542 codicibus
551 499 587 542 se
609 479 788 565 sumpsisse
807 477 921 541 scribit
942 476 987 541 ib.
1015 500 1048 563 p.
1072 475 1117 540 X.
1139 476 1239 541 alium
1261 478 1348 542 codi-

60 604 121 644 cum
149 580 405 646 corbeiensium
431 577 573 642 indicem
606 601 650 643 ex
684 578 797 642 codice
824 577 965 662 Anglico
999 578 1129 642 saeculo
1157 578 1348 660 duodecimo

58 686 186 770 scripta,
208 682 267 769 qui
286 680 365 745 olim
385 679 525 744 Puteani
546 679 624 764 fuit,
647 681 751 746 edidit
771 678 950 744 Haenelius
970 679 1006 742 in
1027 677 1161 765 Serapei
1183 679 1348 744 volumine

57 783 192 848 secundo
214 806 247 868 p.
266 781 328 846 107
352 803 439 868 sqq,
460 780 495 844 iu
517 803 582 868 quo
598 782 675 846 item
698 782 891 848 ‘Diomedes
908 782 1160 866 grammaticus'
1183 780 1347 844 indicatus

60 894 146 971 estp.
161 885 234 947 109.
265 881 392 944 iduum
403 879 446 943 ad
457 882 597 948 eundem
608 883 754 949 codicem
771 882 981 946 referendum
997 883 1041 945 sit
1059 880 1168 945 dicere
1187 903 1253 944 non
1275 904 1348 969 pos-

10 1001 13 1015 ·
58 1007 133 1067 sum,
153 992 330 1070 propterea
341 981 430 1069 quod
446 982 527 1047 mibi
544 1006 610 1048 non
622 993 750 1048 constat
763 993 874 1047 utrum
891 983 934 1047 ad
946 982 1178 1048 Germanicum
1188 991 1349 1047 monaste-

55 1088 151 1168 rium,
180 1086 277 1149 cuius
305 1081 409 1146 libros
430 1080 538 1146 Maius
560 1084 737 1166 indicavit,
765 1105 808 1147 an
830 1084 873 1148 ad
895 1083 1059 1149 Gallicum
1081 1081 1196 1146 eodem
1217 1085 1348 1147 nomine

55 1185 250 1274 appellatum
271 1183 301 1248 is
322 1182 425 1246 index
445 1184 618 1269 pertineat.
663 1195 805 1249 ceterum
820 1183 1007 1248 Puteaneus
1027 1182 1133 1248 codex
1154 1184 1284 1270 saepius
1304 1182 1349 1247 ad

55 1286 316 1352 emendationem
334 1281 506 1349 Diomedis
526 1282 693 1347 adhibitus
716 1294 777 1349 est.
822 1307 865 1349 ex
887 1284 949 1349 hoc
970 1287 1056 1350 enim
1082 1287 1184 1371 petita
1208 1294 1284 1349 sunt
1308 1308 1349 1350 ca

55 1411 147 1476 quae=
161 1386 408 1451 adnotaverunt
429 1382 586 1475 ,Scaliger
610 1385 646 1448 in
675 1385 794 1451 Catull.
824 1392 882 1471 17,
915 1392 934 1452 3
966 1411 999 1473 p.
1016 1389 1134 1450 atet
1159 1371 1348 1451 Ludovicus

56 1490 168 1554 Carrio
190 1485 320 1552 emend.
345 1482 363 1547 I
388 1486 426 1548 14
449 1482 560 1558 (Grut.
584 1482 681 1574 lamp.
704 1496 727 1551 t.
752 1488 820 1575 ΙΠ)
844 1513 875 1576 p.
903 1493 978 1573 117,
1008 1509 1205 1577 quamquam
1228 1489 1255 1552 is
1278 1490 1348 1575 qui-

55 1591 122 1654 dem
144 1611 212 1654 non
232 1586 342 1673 ipsum
364 1582 484 1649 librum
503 1584 562 1649 sed
581 1585 719 1652 schedas
738 1589 829 1655 Petri
843 1589 993 1655 Danielis
1010 1612 1187 1677 usurpasse
1208 1590 1348 1673 videtur,

55 1702 83 1755 et
104 1689 321 1756 Casaubonus
344 1686 387 1750 de
409 1695 470 1749 sat.
492 1708 582 1773 poes.
606 1711 638 1774 p.
662 1693 703 1754 96
726 1691 777 1756 ed.
797 1690 912 1756 Ramb.
936 1691 1083 1776 Scaliger
1112 1701 1267 1777 excerpta
1288 1713 1349 1755 sua

54 1791 173 1858 utenda
194 1790 360 1854 concessit
381 1786 553 1872 Putschio,
582 1791 639 1874 qui
665 1801 780 1881 postea
806 1814 826 1854 a
851 1791 973 1857 Iacobo
995 1792 1178 1877 Bongarsio
1209 1792 1349 1857 eundem

55 1892 171 1958 librum
188 1889 320 1955 aPetro
332 1887 474 1953 Daniele
496 1888 660 1983 conlatum
673 1894 814 1980 accepit:
836 1916 868 1958 v.
892 1915 1029 1978 gramm.
1042 1893 1116 1957 Lat.
1139 1901 1224 1957 auct.
1242 1892 1347 1979 praef.

56 2007 85 2059 ct
105 2018 137 2082 p.
160 1995 235 2057 271.

133 2093 232 2160 Alter
251 2090 357 2157 codex
372 2099 422 2154 est
439 2091 517 2154 item
536 2089 754 2160 Parisinus
771 2094 957 2179 749301),
981 2096 1037 2180 qui
1052 2094 1223 2160 Diomedis
1244 2091 1347 2158 libros

56 2201 86 2263 in
112 2196 276 2287 principio
310 2202 343 2258 et
372 2193 410 2256 in
436 2193 501 2256 fine
532 2192 657 2280 aliquot
682 2195 882 2261 membranis
911 2195 1050 2260 abscisis
1080 2193 1246 2260 mutilatos
1272 2216 1347 2259 con·

55 2303 148 2376 tinet,
176 2298 202 2363 f.
234 2298 373 2362 1-104
399 2301 448 2358 uel
474 2290 638 2372 quantitate
668 2311 722 2361 aru
751 2321 771 2361 α
800 2319 926 2378 corpore
951 2334 995 2346 —-
1021 2318 1059 2361 uc
1088 2312 1116 2361 te
1142 2307 1259 2361 moueat
1283 2317 1347 2361 com

46 2413 104 2464 -1111
125 2408 247 2478 immam
271 2418 332 2477 pro
359 2401 446 2460 breui
470 2410 523 2459 sut
547 2401 665 2460 breuem
689 2421 749 2478 pro
775 2407 865 2478 lonas
894 2400 941 2483 (p.
972 2401 1049 2481 321,
1075 2398 1254 2479 22-518,
1280 2397 1347 2482 31).

56 2500 246 2568 Diomedem
276 2497 445 2585 excipiunt
475 2502 619 2574 aulcores
648 2512 735 2564 notae
762 2504 964 2565 Romanorum
996 2498 1038 2562 ab
1069 2498 1182 2564 eodem
1213 2496 1347 2589 librario

58 2604 194 2691 scriptae
222 2599 247 2664 f.
278 2599 468 2663 105—167.
512 2596 653 2686 denique
686 2602 720 2665 in
742 2601 807 2667 fine
836 2600 958 2665 codicis
986 2598 1100 2663 addita
1127 2607 1176 2663 est
1203 2605 1347 2678 exposita

57 2711 133 2768 Petri
158 2705 328 2766 Aoaaardt
355 2719 447 2779 super
477 2700 588 2778 Topica
621 2703 751 2766 sacculo
785 2711 900 2789 quarto
934 2702 1060 2767 decimo
1089 2703 1221 2787 scripta.
1265 2704 1348 2766 anti·

56 2809 198 2893 quierem
229 2801 355 2867 codicis
384 2807 510 2887 partem
538 2803 586 2865 sic
619 2811 654 2865 ut
686 2802 890 2867 Puteaneum
926 2802 1051 2868 decimo
1082 2803 1212 2869 saeculo
1245 2806 1347 2894 scrip·

55 2920 116 2971 tam
159 2928 234 2971 esse
275 2901 438 2968 iudicavit
477 2902 663 2967 Fridericus
700 2901 895 2985 Diibnerus,
938 2906 1030 2969 cuiue
1073 2927 1173 2992 opera
1212 2906 1248 2969 in
1285 2906 1347 2971 hoc

56 3008 135 3074 libro
166 3028 249 3071 usus
282 3026 367 3069 sum.
417 3025 491 3095 nam
527 3004 598 3091 ipse
635 3005 742 3069 solum
777 3005 980 3070 Puteaneum
1016 3027 1235 3071 excusseram.
1285 3029 1347 3093 ego

56 3120 227 3196 utrumque
239 3105 376 3188 librum,
398 3114 435 3168 ut
448 3103 536 3189 dixi,
559 3110 658 3171 etiam
674 3107 716 3171 ad
732 3115 894 3172 extremos
917 3107 1039 3171 saeculi
1054 3110 1132 3171 noni
1149 3129 1253 3172 annos
1271 3131 1344 3194 per·

56 3214 155 3275 tinere
178 3230 277 3296 posse
297 3205 461 3294 putabam.
506 3209 668 3294 scriptura
689 3216 796 3271 autem
817 3209 889 3294 pari
917 3207 985 3273 fere
1008 3211 1044 3274 in
1071 3218 1209 3295 utroque
1238 3211 1347 3296 specie

57 3324 116 3396 eat,
138 3311 291 3400 quamvis
313 3310 349 3373 in
369 3308 535 3373 Puteaneo
553 3311 659 3373 minus
675 3321 828 3373 accurate
845 3309 973 3375 litterae
992 3319 1160 3393 exaratae,
1179 3312 1213 3374 in
1232 3311 1345 3376 decur-

10 3454 12 3464 ι
57 3422 117 3477 tato
146 3432 275 3477 summa
308 3408 505 3497 aequalitate
533 3411 642 3474 omnia
668 3411 954 3498 perscripta-sint.
974 3483 978 3489 ¹
997 3432 1115 3474 versus
1146 3413 1181 3474 in
1207 3411 1346 3497 singulis

57 3515 182 3601 paginis
204 3511 327 3575 babent
345 3511 487 3575 tricenos
508 3520 542 3575 et
558 3514 672 3578 trinos.
717 3512 775 3576 sed
797 3513 832 3575 in
854 3511 1018 3577 hoelibro
1046 3512 1087 3576 de
1115 3533 1178 3599 quo
1207 3513 1346 3576 dicimus

57 3615 232 3679 recentiore
252 3632 365 3688 manu,
392 3634 489 3698 quam
512 3611 689 3677 Diibuerus
711 3615 806 3678 tertio
828 3615 954 3680 decimo
977 3614 1116 3679 saeculo·
1131 3615 1347 3700 antiquiorem

58 3737 122 3780 esse
137 3712 315 3797 indicavit,
337 3712 441 3778 multa
455 3735 538 3801 quae
554 3713 631 3778 olim
646 3734 747 3798 prave
763 3717 884 3802 scripta
899 3739 971 3780 esse
985 3715 1184 3782 videbantur
1201 3726 1348 3780 correcta

59 3826 135 3885 sunt.
168 3824 204 3879 et
223 3816 367 3880 maxime
388 3815 520 3902 quidem
542 3814 575 3878 iu
596 3816 702 3899 prima
721 3825 814 3903 parte
832 3816 909 3881 libri
931 3816 1013 3881 illud
1035 3818 1158 3881 factum
1180 3825 1240 3880 est.
1269 3839 1345 3881 nam

57 3929 123 4002 post
143 3938 288 4004 eaquae
310 3916 351 3981 de
373 3916 601 3981 coniunctione
620 3926 802 4003 temporum
822 3919 944 4002 scripta
965 3928 1039 3981 sunt
1061 3941 1092 4004 p.
1109 3920 1190 4000 388,
1214 3923 1251 3982 10
1274 3941 1346 4006 sqq.

10 4057 12 4068 ·
59 4040 124 4085 rara
151 4020 348 4085 correctoris
369 4017 510 4102 vestigia
531 4017 699 4104 adparent.
744 4018 832 4082 hunc
854 4016 973 4083 librum
993 4019 1085 4103 olim,
1112 4042 1186 4084 cum
1206 4021 1270 4084 iarn
1294 4020 1347 4084 de-

58 4129 198 4185 curtatus
221 4127 308 4200 erat,
334 4127 552 4205 usurpaverat
573 4120 799 4202 Rauccnetus,
822 4142 866 4184 ex
887 4122 980 4185 cuius
1001 4124 1164 4208 excerptis
1187 4121 1347 4207 quaedam

58 4223 250 4309 transcripta
271 4220 403 4283 suntin
426 4217 612 4305 exemplum
635 4219 788 4285 editionis
810 4223 991 4305 Rivianae,
1012 4224 1098 4311 quod
1116 4244 1204 4286 nunc
1225 4220 1347 4285 1111.θί-

59 4320 145 4387 densi
168 4320 374 4388 bibliotheca
390 4327 550 4385 servatur.
592 4340 699 4406 neque
720 4332 891 4408 praeterea
912 4345 933 4386 a
948 4346 1110 4411 quoquam
1133 4344 1207 4388 eum
1226 4320 1347 4386 librum

59 4422 94 4486 ad
107 4422 370 4489 emendationem
379 4422 585 4508 grammatici
602 4421 787 4487 adhibitum
803 4446 875 4489 esse
890 4425 1004 4489 inveni
1019 4436 1094 4489 ante
1109 4420 1346 4502 Gaisfordium,

58 4525 160 4607 quiet
184 4524 246 4589 hoc
269 4534 303 4589 et
323 4522 493 4589 Puteaneo
519 4522 604 4588 libro
633 4546 711 4588 usus
738 4527 872 4589 tertium
900 4527 1021 4591 librum
1042 4523 1214 4590 Diomedis
1244 4521 1348 4586 edidit

10 4644 14 4707 1
58 4624 87 4687 ia
106 4625 323 4713 scriptoribus
345 4623 475 4689 Latinis
498 4627 544 4690 rei
567 4626 731 4690 metricae.
776 4627 908 4692 eosdem
934 4626 1037 4692 libros
1059 4627 1094 4690 in
1113 4646 1209 4688 usum
1232 4621 1347 4687 Fride·

58 4726 110 4790 rici
132 4725 354 4791 Lindemanni
376 4726 553 4792 Dtibnerus
576 4749 650 4791 cum
677 4725 825 4792 Putscbii
854 4728 998 4793 editione
1028 4725 1219 4790 contulerat.
1263 4744 1348 4811 quae

58 4836 206 4915 excerpta
223 4849 290 4891 una
307 4847 383 4891 cum
399 4826 535 4913 reliquis
555 4828 684 4892 schedis
705 4827 938 4908 Lindemanni,
960 4847 1043 4911 quae
1058 4823 1102 4888 ad
1117 4826 1348 4908 grammaticos
