3114 5356
711 312 911 377 EXCEDPTA
1397 314 1460 378 537

158 516 228 560 men
251 496 465 571 conlationem,
493 498 518 559 si
538 496 595 558 illis
616 499 709 577 magis
731 498 899 562 adverbium
920 499 1060 578 iungatur
1085 507 1116 559 et
1143 430 1462 582 maximop’,oeut”1dagis

159 599 262 671 rudis,
289 607 319 659 et
340 598 464 659 maxime
485 597 632 673 similiter,
661 601 739 663 sicut
765 620 782 663 e
810 599 957 661 contrario
980 599 1077 661 minus
1104 609 1134 661 et
1160 601 1281 662 minime
1303 601 1460 665 adduntur.

160 700 272 762 utimur
292 708 391 760 autem
417 699 509 777 gradu
530 701 784 781 conparativornm
808 700 839 761 in
861 719 920 761 uno
943 708 974 760 et
996 698 1088 761 altero
1115 720 1208 781 prope
1235 701 1406 780 aequalibus
1427 722 1462 765 ac

160 798 307 863 similibus
328 802 409 876 (nam
429 800 612 862 dissimilium
634 800 804 881 conparatio
825 800 905 862 nulla
923 804 998 878 est),
1017 810 1050 861 ut
1070 803 1119 864 ‘hi
1136 803 1195 865 duo
1210 802 1264 864 viri
1279 802 1387 877 fortes,
1410 805 1462 865 sed

128 901 210 967 suto
231 898 323 961 altero
345 900 476 962 fortior’.
520 902 589 962 item
611 901 816 982 conparativus
842 901 951 979 gradus
974 910 1003 963 et
1031 903 1078 965 bis
1105 902 1155 981 qui
1180 903 1225 965 sui
1252 903 1369 981 generis
1393 914 1464 967 sunt

160 1001 261 1062 ethis
283 1000 334 1079 qui
356 1001 568 1063 alteriussunt
594 1009 788 1081 conparatur,
819 1009 853 1065 ut
879 1021 974 1082 equus
1001 1004 1130 1066 velocior
1155 1021 1233 1082 equo
1258 1003 1380 1080 dicitur,
1410 1007 1461 1085 qni

159 1103 293 1166 eiusdem
320 1103 436 1181 generis
461 1112 522 1177 est,
552 1103 623 1165 item
643 1103 773 1165 velocior
792 1122 880 1179 cane,
902 1106 953 1183 qui
973 1105 1094 1167 alterius
1117 1104 1234 1183 generis
1255 1112 1310 1169 est.
1355 1125 1461 1186 super·

159 1204 266 1266 latirus
291 1222 359 1265 vero
387 1203 433 1264 bis
458 1212 572 1265 tantum
596 1204 647 1283 qui
672 1204 719 1267 sui
747 1205 864 1283 generis
886 1214 956 1267 sunt
977 1205 1177 1287 praeponitur.
1222 1222 1289 1266 nam
1310 1205 1462 1269 velocissi-

159 1324 228 1367 mus
248 1323 342 1383 equus
364 1323 424 1366 non
446 1307 553 1368 dicitur
575 1305 632 1368 nisi
656 1305 743 1384 equis
768 1316 954 1386 conparatus
1001 1308 1099 1386 itaque
1127 1306 1324 1386 superlativus
1352 1307 1461 1386 gradm

114 1431 145 1472 so
161 1415 213 1469 aut
233 1407 370 1467 omnibus
392 1407 438 1467 sni
458 1407 575 1485 generis
593 1407 801 1487 praeponitur,
829 1417 863 1469 ut
889 1408 1072 1470 ‘Danaum
1100 1408 1309 1469 fortissime
1336 1410 1460 1486 gentis

159 1506 328 1586 Tydide',
356 1516 406 1568 aut
433 1507 530 1570 nullis
573 1508 648 1570 scito
674 1515 774 1569 autem
795 1509 1015 1588 cooperativum
1037 1507 1159 1585 gradum
1182 1525 1284 1569 casum
1302 1507 1460 1571 ablativum

159 1608 277 1669 υοιιοο
297 1616 355 1670 um
383 1609 496 1670 numen
523 1609 681 1688 sanguesa
703 1627 791 1688 quam
819 1608 955 1690 ploratis,
985 1617 1018 1670 οι
1044 1607 1159 1669 unitor
1188 1605 1238 1675 ruo
1266 1592 1381 1671 caesor
1403 1608 1462 1671 urs

158 1709 276 1771 dicitur.
320 1708 514 1789 superlativus
536 1729 606 1771 vero
627 1729 729 1773 casum
751 1711 915 1789 genetivum
938 1711 1028 1770 trahit
1052 1718 1081 1769 et
1102 1716 1215 1769 tantum
1238 1707 1344 1787 plurali
1365 1711 1462 1788 iungi·

158 1817 209 1870 tur
230 1827 369 1884 numero,
391 1818 423 1872 ut
444 1811 576 1874 omnium
598 1813 779 1874 iustissimus
797 1807 943 1894 dicitur.ss

115 1931 144 1971 ss
248 1910 385 1974 Omnium
411 1913 561 1974 nominum
591 1922 729 1993 quattuor
753 1919 824 1975 sunt
850 1911 1062 1973 declinationes
1087 1918 1204 1990 praeter
1230 1927 1265 1970 ea
1291 1926 1368 1986 quae
1398 1929 1456 1973 non

159 2011 362 2088 declinantur,
385 2015 452 2093 quia
471 2023 531 2076 tam
554 2033 608 2095 per
630 2014 808 2094 singularem
829 2030 917 2092 quam
940 2029 994 2091 per
1013 2010 1155 2091 pluralem
1177 2026 1331 2072 numerum
1354 2012 1457 2075 eadem

159 2123 350 2194 permanent,
377 2123 410 2176 nt
430 2117 507 2195 frugi
527 2133 622 2194 nugas
643 2115 737 2177 nihili.
780 2113 876 2176 omnis
896 2121 995 2175 autem
1011 2110 1169 2172 declinatio
1192 2128 1209 2171 a
1231 2110 1366 2188 genetivo
1385 2130 1457 2173 casn

158 2218 359 2295 cognoscitur.
408 2235 477 2289 nam
506 2217 556 2294 qni
583 2218 791 2280 nominativum
817 2221 934 2277 servant
960 2214 1060 2293 inepte
1085 2212 1214 2287 iaciunt,
1241 2229 1310 2275 cum
1339 2212 1457 2289 midam

157 2335 251 2380 casus
269 2336 329 2379 non
350 2328 421 2381 sunt
442 2318 622 2379 nominativi.
671 2325 823 2398 praeterea
851 2315 942 2378 multa
973 2322 1042 2377 sunt
1067 2313 1185 2375 nomina
1212 2311 1318 2374 similia
1345 2313 1458 2392 pmmae

109 2446 143 2486 ιι
158 2418 315 2500 positionis
337 2419 540 2481 declinationis
563 2420 675 2500 primae
697 2428 727 2480 et
751 2419 870 2495 tertiae,
898 2427 931 2480 ut
950 2421 1063 2479 Aeneas
1084 2415 1247 2477 Maecenas.
1291 2413 1329 2474 de
1349 2413 1457 2492 quibam

156 2520 230 2600 quid
253 2520 310 2582 diei
328 2528 441 2602 potest,
463 2519 519 2581 nisi
540 2520 619 2599 quod
638 2522 790 2600 genetivus
809 2523 846 2584 sit
868 2519 977 2582 arbiter
996 2519 1168 2581 discernens
1190 2515 1346 2592 utriusqus
1366 2514 1457 2577 decli·

156 2622 286 2684 nationis
315 2619 456 2684 nomina?
504 2621 667 2685 declinatur
690 2623 789 2702 igitur'
806 2622 918 2704 primae
946 2618 1149 2682 declinationis
1177 2614 1329 2694 genetivus
1352 2617 1382 2678 i'n
1410 2635 1455 2690 ae,

156 2724 308 2787 secundae
330 2725 360 2786 in
381 2725 407 2799 i,
430 2725 533 2786 tertiae
553 2725 584 2787 in
605 2725 648 2800 is,
671 2733 791 2803 quartae
808 2732 861 2786 eut
879 2723 909 2784 in
932 2741 968 2784 us
989 2729 1041 2783 aut
1061 2720 1091 2780 in
1109 2737 1139 2779 u.
1167 2717 1229 2778 'sed
1250 2717 1280 2779 bi
1302 2718 1364 2778 tere
1385 2727 1456 2781 sunt

156 2826 329 2889 nominativi
356 2827 386 2887 in
413 2827 506 2906 prima
529 2826 740 2901 declinatione,
770 2843 896 2906 quorum
920 2821 1045 2903 genetivi
1070 2819 1101 2880 in
1130 2837 1165 2878 ae
1190 2819 1399 2892 terminantur,
1425 2821 1455 2881 in

110 2947 142 2991 a>
157 2946 209 3001 as,
231 2935 264 2989 ut
283 2929 398 2990 deneas
419 2928 539 3008 Lysiaa3
567 2930 598 2990 in
619 2947 652 3002 a,
678 2937 712 2990 ut
734 2929 847 2991 Seneca
865 2925 993 3005 Agrippa
1012 2921 1128 2999 auriga,
1155 2919 1226 2980 item
1247 2920 1402 2995 feminina,
1424 2929 1456 2981 ut

156 3030 276 3092 mnuna
297 3029 427 3106 colonia;
450 3030 479 3090 in
501 3049 549 3104 es,
573 3039 605 3090 ut
628 3029 757 3091 Drontes
777 3029 913 3091 Achates.
958 3043 1049 3106 quare
1072 3041 1142 3101 ergo
1165 3020 1321 3083 Maecenas
1341 3019 1456 3082 Haece·

156 3130 252 3205 natis,
276 3133 390 3193 Aeneas
415 3150 484 3192 vero
508 3128 644 3192 Aeneae?
687 3132 755 3210 quia
777 3130 896 3192 nomina
919 3130 1030 3191 Graeca
1051 3126 1082 3186 iu
1104 3145 1140 3195 ας
1162 3120 1335 3201 productam
1356 3122 1456 3185 termi⁴

109 3261 111 3265 ¹
156 3241 228 3295 nata
247 3233 291 3294 vel
313 3232 453 3314 disydaba
470 3234 561 3307 llexa,
588 3250 656 3292 cum
676 3231 754 3311 apud
778 3249 830 3293 eos
852 3248 907 3310 per
932 3228 1097 3308 genetivum
1118 3244 1155 3283 ου
1176 3223 1288 3284 habent
1307 3223 1337 3283 in
1360 3231 1455 3283 exue·

154 3334 259 3396 mitate
280 3329 436 3415 syllabam,
457 3335 533 3416 apud
553 3353 609 3396 nos
631 3332 743 3411 primae
760 3339 831 3393 sunt
849 3328 1070 3401 declinationis,
1093 3323 1173 3385 velut
1192 3325 1307 3396 Λυσίας
1324 3323 1453 3398 Λυσίου,
1497 3366 1504 3381 .

110 3427 162 3502 ι’
211 3428 303 3509 tavae
325 3429 487 3514 Ἀμύντου,
518 3434 618 3514 Lysias
646 3431 765 3511 Lysiae,
790 3432 929 3511 amyoas
956 3432 1113 3508 Amyntam
1147 3433 1177 3485 et
1203 3423 1343 3502 disyllaba
1367 3425 1451 3499 liena,

152 3540 249 3600 Antea
269 3540 377 3613 Antea,
395 3536 507 3599 ,blenas
528 3534 645 3608 blenae,
678 3533 745 3612 quia
769 3541 799 3594 et
826 3531 904 3612 apud
926 3530 1054 3591 Graecos
1079 3515 1185 3596 Ἀυτᾶς
1202 3516 1308 3599 itari,
1337 3525 1453 3602 Μηνᾶς
1514 3610 1516 3614 Ι

151 3639 265 3719 Μηνᾶ.
309 3657 378 3701 nam
400 3637 492 3717 Dryas
513 3634 650 3715 Dryantis
678 3641 708 3694 et
733 3632 832 3695 'l'boas
858 3631 1017 3706 rlboantis,
1046 3629 1113 3710 quia
1137 3645 1193 3688 nec
1218 3625 1392 3699 fleetuntm,
1421 3634 1451 3685 et

151 3741 254 3802 omnia
269 3758 344 3819 quae
364 3738 410 3802 vel
427 3739 458 3800 in
480 3757 529 3810 τος
544 3736 589 3798 vel
606 3735 637 3798 in
657 3733 708 3806 δος
725 3733 802 3814 apud
824 3733 952 3794 Graecos
967 3740 1076 3794 exeunt
1092 3749 1145 3811 per
1163 3725 1328 3807 genetivum
1347 3725 1450 3787 eodem

152 3861 226 3904 cusu
248 3842 326 3923 apud
344 3862 401 3904 nos
423 3861 440 3899 o
461 3839 492 3903 in
514 3840 524 3901 i
545 3845 657 3900 mumto
679 3836 857 3910 atteruntur,
879 3833 957 3897 relat
978 3825 1081 3911 Δρύας
1099 3822 1270 3907 Δρύαντος,
1290 3824 1450 3906 nosDryas

110 3969 136 4009 vs
151 3943 307 4023 Dryantis,
327 3941 426 4004 'l'boas
446 3940 597 4003 Thoantis.
636 3935 771 4001 similiter
792 3945 822 3997 et
842 3935 872 3996 in
895 3934 1051 3999 femininis
1087 3933 1158 3993 item
1178 3929 1305 3990 Orontes
1323 3928 1450 3991 Achates

151 4045 285 4106 Drontae
312 4052 342 4105 et
366 4043 494 4106 Achatae
521 4041 605 4115 lacit,
640 4039 778 4118 quoniam
808 4045 837 4098 et
867 4035 946 4115 apud
972 4036 1100 4096 Graecos
1128 4050 1182 4111 per
1208 4049 1246 4089 ou
1276 4030 1449 4090 atteruntur.

149 4163 228 4225 quae
248 4151 346 4205 autem
369 4143 522 4224 conposita
545 4149 615 4204 sunt
636 4150 666 4202 et
690 4138 824 4219 genetivo
850 4137 929 4216 apud
951 4137 1079 4198 Graecos
1104 4152 1156 4203 ους
1183 4139 1342 4193 extremam
1364 4129 1450 4208 sylis,

148 4246 220 4308 bam
239 4244 348 4305 babent
368 4244 470 4306 tertiae
489 4252 558 4305 sunt
580 4241 656 4324 apud
676 4260 732 4301 nos
750 4235 965 4306 declinationis,
988 4244 1021 4295 ut
1035 4236 1181 4313 Diogenes
1197 4231 1352 4309 Diogenis,
1371 4230 1448 4309 apud

147 4347 219 4410 illos
242 4343 388 4426 Διογένης
411 4342 588 4425 Διογένους,
609 4334 811 4420 Ἀρισιοτὲλης
829 4330 1061 4415 Ἀριστοτέλους,
1084 4333 1255 4396 Aristoteles
1275 4330 1448 4395 Aristotelis.

110 4470 136 4510 a·
149 4448 242 4510 liuius
265 4421 362 4510 umen
382 4449 495 4528 primae
516 4443 721 4508 declinationis
743 4441 860 4503 nomina
885 4436 1047 4500 masculina
1074 4443 1187 4499 mutum
1214 4441 1295 4496 sunt
1309 4440 1340 4493 et
1364 4431 1449 4492 iemi·

220 4668 354 4736 bgr-adue
371 4684 405 4718 ex
423 4668 464 4719 lais
481 4667 507 4716 B
579 4664 699 4717 balteris
716 4661 742 4711 B
819 4657 851 4709 m
868 4654 994 4722 Danaum]
1015 4658 1095 4721 Verg.
1112 4655 1177 4705 Aen.
1195 4654 1206 4703 l
1223 4650 1259 4705 DD
1338 4646 1371 4701 lb
1387 4646 1446 4699 Om-

146 4741 220 4790 nium
238 4740 370 4789 nominom
386 4765 421 4774 —
438 4738 498 4796 544,
520 4735 548 4785 ll
570 4744 629 4784 trux
648 4734 748 4783 Choria.
765 4747 793 4794 p.
811 4731 895 4794 iaqq.
967 4726 997 4776 at
1019 4726 1196 4776 sitcdnra'riss
1214 4722 1240 4772 m
1255 4721 1282 4773 B
1350 4719 1384 4768 22
1401 4717 1446 4766 de·

143 4809 267 4858 clinaturi
284 4808 364 4873 igitur
380 4807 432 4857 B·
487 4805 521 4854 28
539 4805 565 4854 in
584 4801 603 4868 i]
620 4801 716 4851 insB
794 4799 828 4849 27
848 4799 875 4847 in
891 4814 923 4847 us
940 4798 966 4847 B
1040 4794 1075 4846 28
1093 4795 1161 4845 tlexa
1179 4792 1205 4842 B
1283 4788 1318 4840 DD
1335 4790 1404 4841 llexu
1421 4786 1448 4836 B

200 4911 410 4958 oasnnsrrer
431 4909 543 4951 narrar
565 4908 587 4951 1.
1198 4877 1239 4938 35
