3114 5348
149 266 209 329 224
736 269 897 334 CHARlSll

199 382 361 439 amma
1221 389 1385 444 amun

147 456 260 518 babet
283 461 414 516 natura
436 459 707 534 praestantius,
734 458 831 521 nibil
859 460 955 536 quod
986 461 1102 538 magis
1132 470 1297 539 expetat,
1331 481 1435 542 quam

147 560 396 631 honestatem,
418 574 522 635 quam
545 558 668 621 decus.
712 561 772 622 bis
792 580 877 640 orgo
897 561 1071 642 pluribus
1092 562 1305 624 nominibus
1330 584 1435 627 unam

146 680 218 721 rem
245 659 428 723 declarari
458 660 555 736 volo,
584 662 650 723 sed
680 670 778 739 utar,
816 672 854 725 ut
883 682 988 743 quam
1007 663 1166 753 'exime
1198 665 1433 744 significem,

146 761 351 843 pluribus’.

229 865 361 935 Vicissim
390 864 461 926 Cato
488 864 524 925 de
548 867 700 929 consulatu
727 888 797 943 suo,
834 868 914 948 ‘qui
946 868 1117 930 maximis
1144 867 1307 930 vicibus'
1339 869 1458 950 inquits

144 970 204 1026 ‘ac
239 965 441 1041 vicissim’,
478 974 508 1028 et
534 968 636 1031 Cicero
661 969 698 1030 de
721 978 873 1032 senectuto
902 970 1084 1032 ‘vicissim
1115 968 1248 1033 umbris
1275 972 1431 1051 aquisve

144 1065 397 1147 refrigerari'.

125 1248 134 1267 ·
227 1170 363 1232 Vitiosius
383 1172 484 1234 Cicero
505 1173 542 1234 de
567 1159 731 1249 senectute,
762 1175 970 1237 ‘Caecilius
992 1174 1171 1237 vitiosius
1196 1174 1291 1236 illud
1313 1175 1368 1236 ait
1388 1176 1431 1237 de
1456 1200 1460 1204 ·

144 1279 371 1335 senectute’.

225 1375 336 1437 Vicilini
359 1376 460 1439 Cicero
483 1375 519 1436 de
538 1384 703 1450 senectute,
730 1379 807 1458 ‘Sp
833 1378 998 1441 Carvilio
1022 1405 1041 1442 a
1063 1378 1094 1440 C.
1113 1377 1292 1441 Flaminio
1315 1387 1358 1440 tr.
1382 1379 1427 1460 pl.
1443 1402 1467 1443 ιι

143 1478 261 1555 quoad
296 1477 419 1558 potuit
448 1475 593 1538 Vabins'
619 1478 797 1541 Maximus
836 1481 984 1542 restitit
1013 1498 1138 1559 agrum
1164 1480 1354 1542 Picentem
1393 1490 1429 1542 et

143 1577 324 1642 Gallicum
344 1577 482 1641 viritim
504 1588 636 1641 contra
662 1589 818 1642 senatus
840 1583 1106 1643 auctoritatem
1133 1580 1343 1644 dividenti'.

226 1681 404 1743 Vniverse
427 1678 528 1741 Cicero
550 1699 603 1760 pro
625 1681 744 1743 Scauro.
953 1688 978 1751 .'

225 1783 343 1847 Vtrinde
373 1784 444 1846 Cato
478 1801 531 1862 pro
562 1783 701 1867 Hispanis
736 1786 773 1847 de
800 1787 962 1860 frumento,
990 1786 1132 1848 ‘utrubi
1165 1786 1272 1861 hona,
1304 1786 1427 1848 utrubi

102 1944 107 1953 .
140 1889 232 1953 mala
262 1886 383 1967 gratia
411 1883 596 1964 capiatur,
635 1886 788 1949 utrinde
816 1887 924 1961 iram,
963 1888 1109 1949 utrinde
1138 1889 1325 1949 sactiones
1355 1888 1463 1952 tibio

139 1993 276 2073 pares’.

223 2092 302 2153 Vnde
324 2109 377 2171 pro
397 2076 491 2167 equo
510 2089 576 2151 loco
597 2090 716 2153 Plautus
734 2092 764 2153 in
785 2091 927 2167 Rudente,

302 2192 486 2254 undenos
508 2191 655 2254 hostias
677 2193 992 2272 agerevoluisti‘l

221 2293 479 2358 Vehementissime
505 2312 558 2374 pro
585 2295 742 2357 fortissime
770 2304 800 2357 ot
829 2316 895 2358 vere
924 2297 1027 2359 Calvus
1054 2297 1084 2357 in
1110 2296 1268 2368 Vatinium,
1294 2295 1424 2356 ‘velve-

137 2398 372 2460 mentissime
395 2394 582 2477 probare’.
1435 2419 1461 2458 aa

187 2544 190 2549 -
220 2500 412 2562 Vehementer
434 2496 540 2576 Caepio
561 2497 591 2557 in
609 2496 646 2557 bl.
664 2499 817 2561 Aemilium
837 2502 978 2562 Scaurum
1001 2500 1063 2578 lego
1084 2501 1181 2574 Varia,
1212 2499 1265 2571 εΟ.
1293 2499 1422 2561 Albius

135 2604 190 2664 vir
213 2603 411 2664 bonusest
434 2606 469 2657 et
490 2597 728 2660 vehementer
749 2600 937 2663 idoneus’.

740 2768 819 2830 Xllll
874 2827 880 2839 ,

220 2872 263 2933 Do
292 2870 512 2944 coniunctione,
550 2878 581 2930 ut
615 2869 654 2929 ait
680 2870 877 2931 Cominianus.
921 2874 1085 2935 coniunctio
1114 2881 1157 2934 est
1184 2891 1252 2952 pars
1281 2860 1418 2935 orationis

135 2982 255 3034 nectens
275 2972 471 3050 ordinansque
492 2971 673 3033 sententiam.
713 2971 909 3033 coniunctioni
930 2974 1064 3035 accidunt
1080 2976 1170 3054 figura
1187 2975 1260 3035 ordo
1278 2983 1415 3055 potestas.
1432 2992 1459 3034 es

134 3078 227 3155 ligrrra
250 3083 295 3137 est
317 3092 372 3153 qna
395 3068 584 3157 appellaturi}
600 3083 648 3134 aut
669 3072 806 3154 simplex,
829 3081 861 3135 ut
879 3074 1011 3152 quidem,
1036 3085 1084 3138 ant
1103 3076 1268 3155 conposita,
1287 3087 1321 3137 ut
1339 3076 1418 3155 equi·

134 3177 209 3238 dem.
234 3176 305 3238 ordo
329 3184 375 3238 ost
392 3194 449 3254 quo
468 3185 588 3256 apparot
607 3172 612 3259 Ι
632 3195 705 3256 quac
726 3175 867 3257 praeponi
885 3184 996 3238 tantum
1017 3178 1122 3258 possit,
1140 3185 1173 3238 ut
1190 3185 1234 3254 at,
1258 3197 1332 3258 quae
1350 3177 1418 3240 sub·

133 3281 212 3358 iungi
234 3287 345 3342 tantum
367 3279 477 3360 possit,
507 3287 631 3357 utque,
659 3296 732 3357 qnae
754 3278 893 3359 praeponi
917 3287 944 3339 et
969 3279 1116 3357 subiungi,
1144 3286 1177 3340 ut
1198 3280 1293 3341 etiam.
1337 3287 1418 3359 pote-

133 3392 193 3444 stas
222 3381 458 3444 coniunctionum
486 3381 516 3441 in
545 3382 674 3461 quinque
706 3380 819 3461 species
853 3379 996 3441 dividitm.
1041 3388 1107 3442 sunt
1135 3380 1212 3441 enim
1240 3379 1417 3461 copulativae

132 3484 321 3547 disiunctivae
344 3482 502 3564 expletivae
522 3485 655 3546 causales
677 3482 849 3558 rationales3
878 3483 1053 3563 copulativae
1076 3490 1104 3540 et
1130 3500 1186 3559 que
1205 3491 1234 3543 at
1255 3490 1301 3543 ast
1321 3502 1355 3544 ac
1373 3490 1454 3543 atat

131 3603 203 3664 que,
224 3585 413 3648 disiunctivae
432 3594 481 3647 aut
502 3606 535 3646 ve
556 3585 601 3646 vel
624 3605 661 3646 ne
681 3604 736 3646 nec
757 3565 867 3664 neque,
888 3585 1043 3666 expletivae
1059 3583 1174 3661 quidem
1195 3583 1331 3662 oqrmtem
1346 3603 1417 3663 quo-

131 3707 187 3768 quc
215 3697 311 3750 autem
340 3696 435 3749 tanmn
462 3707 565 3768 porro,
604 3687 735 3749 causales
765 3685 957 3764 alaaotoyraol
986 3686 1009 3747 si
1041 3685 1095 3746 etsi
1126 3685 1241 3747 tametsi
1273 3685 1415 3765 siquidem

197 3911 214 3962 5
244 3909 332 3974 inquid
349 3923 417 3958 corr.
436 3907 517 3970 inquit
535 3906 561 3955 N
646 3907 663 3957 c
689 3907 721 3956 de
742 3903 886 3971 senectute]
912 3906 957 3973 lu,
974 3908 1007 3958 57
1092 3905 1158 3957 Sde
1175 3901 1315 3969 senectute]
1334 3904 1364 3970 8,
1382 3902 1415 3956 25

128 3980 194 4030 illud
217 3993 277 4029 vero
301 3979 367 4029 idem
390 3977 516 4027 Caecilius
537 3975 656 4026 vitiosius
739 3978 772 4027 10
791 3977 822 4026 de
842 3977 984 4044 senectute]
1003 3979 1033 4035 4,
1056 3977 1086 4027 11
1112 3974 1159 4041 Sp.
1182 3975 1292 4027 Carvilio
1317 3975 1415 4040 corregs

129 4051 273 4114 quiescente
296 4049 325 4100 G.
348 4048 471 4097 Flaminio
493 4045 593 4096 tribuno
621 4045 717 4110 plebis,
744 4048 828 4110 quoad
854 4047 949 4112 potuit,
975 4047 1065 4097 restitit
1088 4061 1160 4111 sqq„-
1186 4046 1221 4109 cf.
1248 4045 1275 4096 C.
1293 4044 1325 4099 F.
1348 4044 1415 4096 Her·

128 4136 209 4170 mann.
226 4117 295 4170 Mas.
317 4117 397 4170 libert.
416 4119 507 4173 aoeies.
530 4117 596 4180 1111.
615 4115 666 4167 573
764 4115 869 4166 corbilio
891 4114 917 4164 N
1015 4115 1044 4166 11
1069 4116 1161 4165 Fabius
1179 4115 1305 4166 Maximus
1323 4114 1416 4165 Fabri·

1071 4194 1095 4221 ΓΟ

128 4242 181 4291 circe
203 4239 230 4289 ss.
257 4240 382 4290 maximus
404 4238 431 4288 N
516 4238 547 4288 12
576 4236 748 4287 diuidentibus
776 4236 907 4288 Fabricius
968 4236 1026 4285 ’14
1054 4195 1085 4299 iio
1104 4236 1218 4300 hispanis
1236 4235 1261 4285 N
1275 4251 1322 4302 pro
1340 4237 1415 4287 Lusi-

128 4311 195 4360 tanis
210 4309 329 4375 Hispanis
346 4309 478 4359 Fabricius
566 4309 597 4357 15
611 4306 711 4356 utrinde
727 4308 789 4355 iram
808 4306 906 4358 utrinde
923 4304 1044 4355 lectiones
1062 4320 1082 4353 ω
1099 4307 1218 4368 utrinque
1233 4306 1297 4356 irem
1314 4306 1416 4356 utrinde

128 4381 232 4430 lection.
252 4379 277 4427 Ν
345 4381 377 4430 17
397 4379 548 4443 imprudente
564 4376 598 4428 N.
612 4376 700 4426 erasa
717 4377 786 4426 liud.
803 4379 813 4425 l
829 4379 855 4438 5,
874 4376 905 4428 15
980 4375 1012 4424 21
1032 4376 1096 4434 Quia
1114 4374 1204 4425 Albius
1222 4389 1244 4424 ω
1319 4376 1354 4427 22
1371 4391 1417 4425 ue·

129 4449 253 4500 bimemer
269 4448 295 4498 N
362 4451 396 4500 24
415 4449 452 4498 De
469 4448 643 4498 conirrnctione
661 4461 682 4495 ω
701 4444 846 4498 Coninuuio
862 4445 888 4494 N
954 4445 1248 4509 coniunctio—p.23tl
1258 4443 1413 4495 ed.Patsrli.

129 4535 179 4570 non
203 4520 277 4569 nobis
305 4518 471 4585 inpetendum
502 4515 556 4583 est]
588 4518 721 4578 adscripto
748 4523 785 4565 est
808 4516 979 4579 discrepantia
1009 4518 1153 4577 scripturae
1183 4515 1275 4565 codicia
1300 4514 1417 4565 Pasieiai

129 4587 198 4639 root}
221 4587 289 4652 (P).
327 4589 517 4640 coniunctio-
534 4587 598 4644 stu,
618 4584 650 4635 10
681 4587 858 4651 recognoveris
875 4587 956 4636 Dicar.
977 4600 1004 4648 p.
1029 4584 1080 4635 109
1100 4600 1138 4648 sq.
1233 4585 1268 4636 25
1292 4584 1416 4635 accedunt

129 4668 179 4707 tres
199 4659 282 4723 ligura
299 4658 323 4706 P
406 4661 440 4710 27
462 4666 593 4724 apparetq3
613 4657 721 4722 proponi
744 4664 839 4705 tantum
858 4657 940 4720 possit
963 4664 990 4705 ut
1013 4662 1064 4716 atqt
1082 4655 1202 4720 subiungi
1220 4661 1316 4705 tanturn
1332 4655 1415 4721 possit

129 4736 156 4778 ut
177 4731 252 4791 quiq:
275 4728 354 4793 pponi
379 4736 404 4777 et
425 4727 546 4793 subiungi
569 4734 596 4774 ut
616 4727 691 4775 etiam
717 4733 830 4792 potestas
849 4725 874 4773 P
901 4732 1006 4789 apparet
1027 4724 1104 4790 pponi
1129 4733 1224 4774 tantum
1247 4724 1329 4789 possit
1345 4731 1373 4774 nt
1391 4733 1417 4773 et

134 4832 261 4847 ........
285 4798 300 4846 u
319 4799 429 4862 subpool
446 4807 473 4847 ut
491 4812 540 4860 que
558 4794 672 4847 Potestas
691 4795 717 4844 N
733 4799 824 4846 laeana
839 4810 856 4844 a
875 4794 982 4845 librario
998 4795 1087 4844 relicta
