3114 5356
514 293 646 355 nsnr.
670 268 780 355 ortnl.
804 292 875 354 urs.
899 248 939 354 ι’
1313 294 1353 356 57

97 424 123 465 p·
139 410 185 455 ss.-
193 411 228 455 41
242 409 267 452 P.
1052 445 1055 450 .
1204 422 1226 463 p.
1240 366 1303 453 ³1⁸1„

42 500 229 563 quemquo
250 480 447 544 constituatur
465 479 581 540 invenit.
626 497 718 557 qrrare
747 498 814 540 cum
838 486 968 560 utroque
987 499 1099 561 periere
1124 480 1249 541 nominis
1269 482 1355 544 buius

44 586 118 649 sine
147 583 310 646 tormidine
338 581 511 645 barbarismi
545 581 623 660 loqui
651 580 751 656 liceat,
783 587 1007 661 utrumcumque
1038 581 1159 655 dixeris,
1192 581 1353 665 inobiurga·

31 698 117 749 'tum
137 694 199 748 est
872 736 878 750 .

143 786 263 850 Canitia
289 806 327 849 an
355 785 475 848 canities
498 784 621 846 dicenda
649 785 687 847 sit
708 786 864 865 qrraentnr.
909 785 1014 847 canitia
1036 802 1091 845 nee
1119 783 1355 851 inrationabiliter

23 910 112 953 suec
133 888 300 951 abbonide
321 888 443 1051 Ἦιιιι,
471 895 500 947 et
519 886 585 947 ideo
604 905 663 947 non
683 895 729 948 est
750 886 792 948 nb
806 883 820 971 ΙΙ
834 888 966 968 analogia
988 886 1191 957 recedendtnn.
1234 891 1354 954 cariities

48 1002 158 1055 autern
181 991 299 1071 poetico
314 990 351 1051 de
389 1008 420 1050 re
440 989 470 1049 in
491 988 637 1050 leuitatem
658 989 723 1051 soni
743 997 879 1091 copupta
898 998 951 1052 est
996 1007 1084 1070 porro
1098 964 1353 1070 presaefflrationi

50 1095 139 1179 aggi
164 1084 260 1175 λόγῳ,
283 1110 351 1154 cum
373 1091 487 1172 poetica
508 1090 628 1152 mollitia
648 1110 751 1171 parum
774 1092 916 1153 convenit.

143 1195 275 1256 Senecta
301 1213 339 1255 nn
366 1200 502 1254 senectus
529 1192 650 1254 dicenda
674 1191 713 1253 sit
739 1194 895 1272 quaeritur.
946 1193 1080 1272 quotiens
1107 1176 1195 1272 igitu'r
1220 1195 1303 1276 plura
1323 1197 1353 1258 in

52 1296 189 1359 eandem
211 1296 409 1375 significatum
427 1293 629 1368 devertuntur,
652 1294 705 1357 sed
724 1295 819 1356 omnia
838 1315 895 1365 ¹sua
916 1294 1015 1374 regula
1030 1303 1090 1358 tuta
1113 1303 1182 1356 sunt
1200 1321 1220 1357 s
1243 1305 1355 1359 utrum-

18 1418 117 1480 ssqne
135 1417 212 1479 ergo
231 1397 269 1459 dc
289 1415 349 1474 quo
370 1396 518 1474 quaeritur
545 1396 755 1476 inreprehensa
777 1416 912 1459 sermone
934 1396 1053 1458 dicetur.
1098 1405 1128 1458 et
1147 1399 1207 1460 suis
1228 1398 1355 1480 deelina-

54 1501 192 1563 tionibus
221 1506 321 1561 curret
341 1506 459 1560 senecta
481 1497 524 1559 sic
552 1516 638 1578 quem
659 1499 833 1562 admodum
853 1499 937 1560 docta
961 1517 1066 1591 magpa
1085 1499 1195 1580 ampla,
1219 1510 1250 1562 ut
1270 1502 1356 1564 laciat

56 1610 201 1665 senoetae
223 1608 388 1674 senectam,
408 1618 493 1679 quem
516 1601 553 1662 ad
575 1600 694 1663 modum
710 1602 813 1713 ‹1er
827 1602 959 1676 doctam,
982 1619 1104 1680 magnae
1122 1621 1271 1681 magnam,
1292 1622 1354 1665 am·

57 1704 125 1785 plac
156 1703 302 1785 amplom3
340 1710 477 1765 senectus
499 1720 586 1782 quem
614 1702 650 1764 ad
673 1705 902 1767 modum'rirtus
925 1703 1003 1766 salus
1022 1703 1120 1784 palus,
1147 1715 1178 1765 ut
1202 1704 1288 1766 faciat
1309 1725 1355 1767 se-

58 1806 190 1868 nectutis
210 1802 356 1868 senectuti
381 1812 574 1877 senectutem,
595 1821 682 1882 quem
701 1805 877 1868 admodum
905 1806 996 1868 autes
1016 1805 1128 1867 uirtutis
1149 1806 1245 1867 virtuti
1267 1807 1356 1869 virtu·

27 1916 120 1971 istem
144 1917 175 1969 et
194 1907 277 1970 salos
299 1905 402 1968 salutis
423 1905 508 1967 saluti
531 1906 653 1968 salutem
675 1915 705 1969 et
720 1907 804 1988 palus
826 1906 940 1988 paludis
958 1906 1055 1988 paludi
1076 1906 1219 1987 paludem.

144 2009 257 2072 lleruln
284 2027 324 2070 an
351 2008 478 2070 merulus
508 2000 688 2093 [κόσσυφος]
717 2007 872 2070 dicendum
901 2008 938 2068 sit
967 2007 1122 2086 quaeritur.
1172 2008 1282 2070 merula
1312 2009 1356 2069 di·

62 2111 155 2172 cenda
179 2118 236 2173 est
281 2109 378 2172 arium
400 2111 477 2172 enim
498 2111 614 2172 nomina
643 2111 785 2191 quaedam
807 2116 919 2170 tantum
945 2109 1121 2184 masculina,
1150 2110 1290 2187 quaedam
1314 2112 1356 2171 le·

63 2213 171 2274 minina
201 2214 384 2276 extremitate
408 2214 447 2275 ita
475 2213 542 2274 olim
570 2212 750 2274 consuetudo
776 2210 907 2293 possedit
942 2218 973 2271 ut
999 2210 1111 2288 signata
1140 2211 1238 2291 potius
1268 2231 1355 2291 quam

65 2322 204 2396 usurpata
223 2315 372 2391 videatur;
404 2317 581 2391 masculina,
603 2325 664 2378 tarn
690 2333 777 2394 quam
799 2331 917 2387 corvus,
940 2311 1077 2391 gragulus
1098 2305 1232 2391 κολοιός,
1254 2314 1356 2395 psitta-

35 2432 134 2491 ραις-ς
156 2416 313 2491 feminina,
333 2426 392 2479 tam
415 2437 500 2497 quam
520 2419 632 2497 aprile,
654 2415 764 2480 ciconia
787 2405 943 2494 πελαργός,
963 2413 1047 2475 fulica
1069 2405 1163 2490 λάρος.
1205 2414 1263 2478 boc
1284 2434 1356 2495 quo-

10 2586 12 2591 ,
68 2536 120 2596 que
148 2519 185 2580 de
204 2535 263 2598 (pm
289 2521 437 2604 quaeritur
461 2520 612 2601 inpensius
633 2520 665 2581 in
688 2536 710 2579 n
729 2516 839 2578 mernla
867 2514 964 2596 potins
984 2534 1069 2621 qpam
1092 2535 1204 2631 pegus
1225 2517 1355 2579 merulus

10 2636 12 2643 ·
69 2620 272 2682 enuntiabitur.

10 2712 12 2717 ’
149 2721 230 2783 llaec
257 2731 361 2785 ostrea
381 2722 517 2786 leminino
547 2741 654 2802 genere
678 2720 816 2800 singrdari
845 2739 966 2782 numero
993 2739 1029 2782 an
1050 2721 1107 2782 boc
1132 2728 1260 2784 ostreum
1284 2740 1357 2783 neu·

72 2823 129 2883 usli
148 2814 304 2885 dicendum
328 2825 367 2886 sit
388 2826 543 2903 quaeritur.
589 2832 618 2886 et
636 2825 758 2885 dicenda
779 2823 852 2885 haec
871 2830 967 2886 ostrea
988 2824 1126 2885 feminine
1142 2821 1281 2902 singulari
1302 2840 1356 2885 nu-

44 2938 163 3000 triero,
192 2926 259 3004 quia
289 2927 327 2987 ita
352 2926 389 2987 ab
416 2928 535 2989 eruditis
557 2947 615 2989 non
639 2946 710 2988 vane
730 2926 898 2987 adnotatum
921 2933 980 3000 est,
1005 2925 1112 2988 nullius
1132 2923 1264 2987 animalis
1289 2942 1357 3003 spe·

76 3026 141 3088 ciale
161 3046 270 3089 nomen
293 3028 414 3089 insertiri
439 3030 516 3109 quod
538 3030 668 3091 neriuale
689 3029 735 3091 sit.
1169 3048 1175 3055 ·

149 3129 304 3207 llargarita
331 3146 371 3189 an
391 3133 576 3210 margaritum
599 3131 753 3194 dicendum
775 3131 813 3192 sit
837 3130 993 3208 quaeritur.
1038 3138 1066 3191 et
1084 3120 1185 3191 'lerunt
1205 3127 1358 3209 peritiores

77 3367 149 3420 1-3
164 3369 190 3418 Ν

133 3453 242 3504 nominis
260 3450 338 3501 buius
353 3451 411 3499 sine
427 3448 560 3501 tormidine
584 3451 734 3502 barbarismi
759 3450 828 3514 loqui
853 3450 948 3499 licent.
969 3450 1078 3498 .rr'rcnm
1094 3483 1101 3497 .
1120 3481 1127 3496 .

132 3540 227 3590 diseris
244 3539 437 3603 inobiorgatum
456 3546 494 3587 est

74 3674 101 3725 2⁵
131 3674 156 3724 Ν
170 3656 231 3731 ιδ’,
250 3682 261 3723 ι
298 3672 359 3735 qnia
378 3671 413 3720 itn

132 3845 144 3895 l
163 3845 208 3908 qni
223 3864 238 3895 s
255 3841 371 3892 nominis
388 3853 420 3888 ω·

125 4051 190 4101 διδ
205 4064 254 4102 oss.
276 4046 314 4109 Ν,
331 4044 394 4097 add.
408 4061 430 4094 ω
499 4046 557 4096 diu
576 4047 702 4098 lenitatem
721 4048 777 4096 soni
796 4054 913 4110 corrupto
931 4054 970 4097 est
987 4046 1136 4098 Putscdtus:
1155 4046 1306 4113 correptnb'

70 4118 220 4171 ldiueunnt
239 4116 332 4169 omnin
348 4113 499 4167 Petscdios:
528 4117 655 4166 dioertuut
673 4134 704 4167 eo
722 4118 805 4166 omorio
829 4121 933 4168 coniecit
952 4116 1095 4167 Bondomus
1118 4119 1144 4167 in
1164 4119 1228 4167 notis
1245 4132 1302 4181 γε.
1321 4116 1357 4163 ni·

70 4188 143 4240 duno·
156 4193 245 4255 postus
261 4184 396 4237 manse
414 4185 551 4249 pocenaria,
569 4187 656 4252 quibus
671 4203 720 4251 quo
734 4189 832 4237 rosinae
849 4193 874 4236 et
891 4191 1025 4237 ‘senectus’
1044 4196 1068 4237 et
1086 4191 1210 4238 ‘senecta’
1229 4186 1357 4245 diceretpr

69 4262 201 4322 αριιωιυι
218 4265 295 4310 erute
321 4256 358 4318 es.
374 4252 446 4304 Sera.
462 4256 488 4304 in
508 4257 587 4321 Verp.
605 4256 671 4310 Aea.
687 4256 722 4305 xl
742 4255 790 4307 165
815 4253 1148 4321 1ιιιιεοιαε]ιὶεεειιιιιιαιί.
1181 4272 1237 4305 nom
1254 4261 1357 4303 senecta

69 4339 125 4381 suos
139 4332 243 4383 fictur.
279 4324 436 4384 Sallustius,
454 4333 555 4376 senecta
573 4328 621 4375 ina
637 4335 728 4380 aetate.
755 4342 806 4390 per
822 4341 850 4376 ee
866 4330 1057 4392 catenoplemoa
1075 4334 1128 4391 est,
1147 4328 1300 4377 siseaeetas
1318 4323 1356 4372 cli-

68 4476 139 4522 nm’
211 4468 250 4522 16
267 4454 550 4531 &conpositam
563 4467 623 4517 odd.
639 4467 665 4516 N
732 4465 765 4517 18
777 4466 846 4518 ollim
859 4467 886 4516 N
953 4468 1037 4532 putius
1050 4465 1077 4514 N
1145 4462 1178 4514 19
1191 4406 1355 4529 §airmoga-

67 4561 294 4676 ttlupsiisenslll
306 4616 406 4653 cornus
414 4603 531 4667 graculos
541 4591 663 4671 κολοιός,
676 4607 828 4672 psittacusw
898 4604 1055 4658 notoncurt
1118 4547 1356 4652 ῐιῐιθιΛοΛιιῙῗιιῐιοοιιιιύίκέιῖΟΝ

112 4680 247 4732 21:022.
264 4675 297 4726 Ν
326 4670 393 4722 odd,
412 4688 433 4720 ω
499 4676 585 4739 portius
605 4676 628 4724 N
704 4677 737 4728 23
755 4677 833 4726 loemi
851 4676 875 4725 N
952 4677 985 4726 ⁴24
1006 4672 1122 4723 loomiN
1198 4673 1232 4723 25
1249 4672 1354 4722 ednotu-

67 4751 252 4869 :zum
268 4709 453 4796 adnotandum
471 4743 511 4794 N:
534 4747 567 4809 es.
589 4746 689 4800 Cledon.
704 4761 732 4808 p.
754 4746 819 4797 llltl'l
844 4748 906 4809 cop.
924 4761 951 4808 p.
969 4744 1038 4795 aare
1123 4742 1157 4792 27
1176 4756 1207 4790 on
1226 4756 1354 4808 margare-
