3114 5356
598 314 810 377 PRAEFATIO
1315 334 1350 376 tv

58 506 206 570 Varronis
220 500 354 567 nomine
367 497 544 563 Diomedes
560 497 790 585 adscripsisset
803 498 876 578 486,
888 497 919 559 8.
934 499 1007 573 487,
1024 499 1073 558 15.
1094 496 1167 579 488,
1181 501 1210 560 7.
1224 498 1296 583 489,
1313 501 1349 563 18

58 606 206 672 Suetonio
229 602 355 667 deberi.
401 622 539 666 cavero
562 622 646 687 quae
669 599 709 663 de
731 599 856 683 origine
877 595 1018 662 bucolici
1041 598 1194 661 carminis
1218 603 1349 684 486,17

58 731 120 796 sqq.
141 703 269 770 tradita
288 709 408 784 essent,
429 703 583 786 quoniam
604 722 677 764 oum
700 700 740 763 iis
760 697 830 762 fere
849 699 1072 762 consentirent
1084 720 1168 784 quae
1181 699 1222 764 (14
1236 701 1350 767 eadem

56 832 84 874 re
105 805 237 872 Probus
259 814 335 868 ante
358 802 625 866 commentarium
641 802 675 863 in
687 799 827 885 Vergilii
851 797 1001 864 bucolica
1024 798 1225 884 scripsisset,
1246 823 1288 865 ex
1311 826 1350 869 eo

55 913 119 997 ipso
147 908 223 972 loco
254 928 274 969 a
297 903 467 983 Suetonio,
495 903 551 988 qui
580 902 710 987 saepius
732 900 832 966 Probi
855 900 960 987 copiis
987 920 1066 961 usus
1094 908 1194 983 esset,
1221 916 1352 993 recepta

55 1010 165 1075 rideri.
213 1029 311 1095 quem
332 1013 439 1068 autem
463 1002 609 1090 Suetonii
631 1002 749 1065 librum
769 1000 948 1066 Diomedes
969 999 1181 1087 exscripserit
1201 1026 1266 1069 non
1285 1031 1350 1073 ma·
1445 1015 1447 1019 ’

55 1115 101 1197 gis
129 1127 221 1175 certo
252 1106 381 1173 deliniri
414 1113 542 1191 potest,
570 1125 754 1190 quamquo
782 1104 987 1189 potissimum
1014 1121 1056 1163 ex
1074 1100 1232 1170 Varronis
1258 1107 1350 1174 libris

55 1214 228 1277 Suetonius
255 1231 334 1272 usus
361 1207 413 1270 sit.
458 1226 533 1269 nam
556 1203 644 1292 quod
665 1202 823 1269 Varronis
850 1205 890 1269 de
918 1213 1029 1269 satura
1055 1206 1217 1269 sententia
1237 1229 1279 1272 ex
1302 1232 1350 1274 se·

56 1313 159 1377 eundo
183 1309 270 1375 libro
283 1309 511 1374 Plautiuarum
532 1307 760 1391 quaestionum
783 1305 931 1370 adfertur
951 1307 1025 1387 486,
1041 1309 1071 1388 8,
1094 1306 1183 1371 credi
1203 1312 1263 1375 vix
1280 1323 1350 1399 pot·

55 1426 103 1479 est
120 1414 222 1478 alium
246 1411 365 1476 librum
387 1432 407 1473 a
429 1408 584 1473 Suetonio
604 1430 675 1471 uon
701 1429 774 1470 esse
801 1407 995 1471 adhibitum.
1039 1429 1237 1494 quamquam
1264 1411 1346 1478 illud

55 1521 161 1606 ipsum
188 1535 286 1603 quam
313 1514 438 1576 incerta
468 1511 504 1574 in
532 1507 595 1571 hoc
620 1529 741 1593 genere
769 1509 956 1572 coniectura
983 1511 1026 1572 sit
1056 1509 1160 1573 docet.
1204 1509 1350 1578 Suetonii
1402 1565 1405 1571 .

55 1620 173 1684 librum
198 1638 274 1681 enm
302 1635 323 1676 a
352 1610 514 1677 Diomede
543 1619 734 1696 usurpatum
768 1633 839 1676 esse
867 1607 1055 1673 adfirmavit
1083 1609 1218 1677 Iahnius
1247 1616 1303 1702 qui
1330 1638 1351 1679 a

56 1721 156 1786 Suida
170 1743 203 1784 v.
231 1708 446 1801 Τραγκύλλος
465 1712 525 1775 boo
547 1711 867 1797 nomineindicatur,
890 1709 1052 1795 seplasia
1074 1704 1164 1796 παρὰ
1180 1704 1351 1798 Ῥωμαίοις

56 1819 212 1905 θεωριῶν
233 1815 289 1882 καὶ
311 1808 453 1898 ἀγώνων
476 1816 591 1896 βιβλία
612 1817 652 1896 β,
676 1822 708 1877 41
727 1812 862 1883 brevius
885 1836 905 1877 a
927 1812 1035 1878 Gellio
1058 1824 1144 1878 noct.
1165 1813 1235 1878 Att.
1248 1813 1349 1880 VIIII

57 1922 224 1986 lludicra
248 1917 387 1983 historia
407 1914 537 1978 dicitur.
582 1923 615 1978 et
638 1916 717 1978 satis
738 1914 952 2001 probabiliter
972 1915 1055 1981 illud
1077 1916 1217 2003 quidem.
1263 1909 1351 2004 pole-

56 2034 106 2087 rat
126 2033 240 2087 tamen
264 2019 341 2084 talis
364 2016 541 2102 disputatio
572 2038 637 2079 non
663 2017 771 2080 minus
795 2017 962 2081 commode
991 2020 1025 2081 in
1055 2018 1147 2082 libris
1169 2017 1350 2111 Pratorum,

57 2147 134 2211 quos
163 2124 198 2187 in
234 2121 348 2208 primis
379 2140 399 2181 a
424 2116 661 2205 posterioribus
690 2119 911 2201 grammaticis
934 2127 1091 2184 tractatos
1119 2140 1192 2184 esse
1213 2132 1350 2206 constat,

57 2223 230 2289 conlocari.
276 2229 419 2285 ceterum
445 2229 483 2282 ut
512 2221 582 2307 ipse
611 2218 789 2284 Diomedes
814 2222 873 2284 vix
897 2221 1072 2306 quiequam
1099 2224 1233 2309 antiquo
1264 2245 1349 2289 com·

57 2325 216 2391 mentario
236 2321 381 2402 addidit,
409 2321 455 2382 ita
476 2318 651 2385 Suetonius
675 2321 708 2384 in
734 2320 899 2408 plerisque
918 2322 999 2385 satis
1021 2332 1172 2387 accurate
1193 2322 1351 2389 Varronis

58 2428 280 2492 anctoritatem
309 2429 440 2487 secutus
471 2442 542 2486 esse
564 2422 704 2486 videtur.
749 2423 807 2486 sed
831 2423 1053 2488 Varronianae
1078 2422 1244 2488 doctrinae
1276 2425 1351 2490 rali-

58 2532 150 2616 quiae
170 2530 205 2591 in
227 2546 268 2590 ea
288 2545 417 2611 quoque
439 2532 531 2609 parte
559 2524 635 2587 libri
663 2544 747 2608 quae
773 2521 814 2586 de
835 2536 1010 2589 metrorum
1033 2524 1209 2611 disciplina
1230 2528 1353 2614 scripta

59 2641 106 2694 est
132 2636 268 2695 restant.
313 2627 405 2689 cuins
431 2626 479 2688 rei
508 2635 599 2688 certa
625 2625 811 2689 testimonia
840 2635 918 2690 sunt
945 2649 984 2692 ea
1005 2649 1089 2715 quae
1112 2628 1152 2692 de
1175 2630 1301 2692 numeri
1320 2638 1352 2693 et
1378 2685 1383 2689 .

59 2729 175 2817 rythmi
196 2727 383 2793 differentia
408 2730 487 2808 513,
512 2729 524 2787 1
548 2734 580 2789 41
598 2724 639 2789 (14
659 2727 756 2790 certis
777 2748 931 2791 versuum
950 2729 1128 2815 generibus
1149 2733 1229 2811 515,
1252 2731 1289 2812 33
1313 2734 1351 2814 93

62 2837 108 2894 14.
135 2833 215 2912 518,
247 2834 286 2893 14
317 2827 474 2893 Varronis
496 2827 626 2890 nomine
648 2828 806 2915 inscripta
825 2829 1021 2894 referuntur.
1066 2832 1147 2896 haec
1169 2852 1212 2896 ex
1233 2831 1351 2896 Varro·

61 2934 107 2996 nis
129 2930 173 2995 ad
195 2928 387 2994 Marcellum
411 2929 452 2994 de
474 2950 622 2992 sermone
645 2928 763 2993 Latino
786 2929 869 2994 libro
891 2932 1028 3017 septimo
1049 2933 1153 3019 petita
1183 2954 1351 2997 44444411-

61 3033 131 3097 111114
152 3034 194 3096 iis
213 3054 296 3119 quae
314 3053 357 3095 ex
376 3030 490 3096 eodem
507 3029 591 3095 libro
614 3031 751 3095 Rufinus
773 3054 804 3120 p.
827 3035 910 3096 2708
933 3042 966 3096 et
988 3036 1070 3099 2709
1090 3034 1216 3098 rettulit
1237 3035 1353 3122 proba·

62 3135 167 3201 biliter
199 3134 338 3199 coniecit
369 3131 572 3196 Ritschelius
601 3142 726 3220 quaest.
755 3132 893 3198 Varron.
919 3156 952 3219 p.
981 3138 1032 3199 35.
1086 3134 1162 3199 binc
1196 3135 1351 3222 progredi

64 3235 134 3301 lieet
160 3236 303 3322 longius.
347 3255 421 3296 nam
453 3242 485 3296 et
508 3257 550 3298 ex
577 3236 628 3300 his
651 3256 735 3322 qnae
757 3237 906 3322 proxime
925 3234 1122 3299 antecedunt
1144 3245 1177 3300 41
1198 3247 1352 3302 secuntur

65 3314 217 3421 qbaedam
239 3336 285 3398 ita
306 3357 380 3399 cum
401 3332 467 3398 illis
486 3357 593 3400 rernm
616 3346 734 3400 natura
753 3357 880 3401 conexa
901 3347 978 3401 sunt
995 3347 1033 3400 ut
1059 3359 1101 3401 ex
1122 3337 1238 3404 eodem
1260 3339 1352 3404 fonte

66 3440 159 3522 petita
195 3458 267 3500 esse
300 3436 475 3521 adpareat,
505 3446 538 3500 et
566 3438 599 3500 in
629 3437 723 3501 initio
749 3437 825 3501 libri
855 3459 998 3525 eaquae
1026 3446 1101 3502 ante
1123 3429 1270 3504 Suetonii
1296 3463 1351 3504 ex·

66 3550 169 3624 carpta
191 3538 299 3625 posita
320 3536 630 3601 suntVarronianae
649 3535 819 3601 doctrinae
839 3541 977 3625 vestigia
1000 3541 1166 3605 continere
1186 3541 1351 3606 videntur.

67 3661 170 3703 rerum
199 3638 241 3701 de
268 3637 319 3703 his
346 3659 412 3701 non
434 3639 539 3721 magis
567 3660 653 3701 nuno
676 3660 829 3724 quaeram
851 3662 948 3726 quam
974 3641 1015 3704 de
1045 3640 1180 3727 reliquis
1199 3644 1353 3707 metricae

58 3733 137 3801 'artis
159 3738 349 3804 auctoribus
373 3759 453 3826 qnos
477 3738 654 3802 Diomedes
681 3748 811 3803 secutus
838 3752 899 3806 est.
945 3764 1021 3806 nam
1043 3741 1124 3805 illud
1148 3744 1236 3829 qnod
1263 3745 1351 3809 vole·

69 3839 133 3903 bam
153 3839 285 3905 abunde
309 3840 565 3906 demonstratum
589 3862 661 3904 esse
683 3839 832 3923 videtur,
861 3866 944 3929 quae
974 3866 1016 3907 ex
1038 3844 1222 3930 antiquiore
1244 3846 1350 3910 erudi·

68 3943 145 4006 tione
164 3941 253 4028 apud
275 3942 362 4007 hunc
382 3942 631 4026 grammaticum
659 3945 864 4028 restiterunt,
892 3967 1004 4008 eorum
1028 3947 1206 4008 maximam
1225 3955 1350 4032 partem

68 4044 264 4125 gravissimis
283 4044 472 4108 auctoribus
491 4042 632 4106 Varroni
657 4051 690 4105 et
710 4041 818 4109 Probo
841 4056 1008 4133 acceptam
1031 4044 1154 4110 deberi.

141 4144 216 4225 Qua
236 4155 343 4210 aetate
363 4145 532 4210 Charisius
554 4137 779 4210 et‘Diomedes
795 4149 939 4213 vixerint
960 4147 1052 4211 nullo
1075 4147 1260 4212 testimonio
1277 4166 1351 4209 con·

68 4254 130 4309 stat
173 4255 349 4333 utrumque
374 4250 504 4334 saepius
536 4249 790 4310 conmemoravit
812 4247 1001 4313 Priscianus
1030 4249 1138 4335 etqui
1159 4247 1221 4312 hoc
1242 4246 1351 4332 paullo

66 4349 220 4435 antiquior
250 4370 323 4413 esse
350 4349 481 4415 videtur
502 4346 640 4411 Rufinus
669 4347 703 4409 in
729 4351 959 4415 commentario
988 4349 1028 4413 de
1061 4349 1174 4413 metris
1207 4347 1351 4429 comicis,

67 4448 243 4514 Charisium
267 4449 404 4515 Servius
429 4451 461 4511 in
483 4450 583 4538 Verg.
604 4450 687 4514 Aen.
711 4449 812 4513 VIIII
838 4452 899 4514 329
928 4460 961 4515 41
983 4450 1068 4515 falso
1091 4449 1274 4514 Cominiani
1294 4470 1349 4512 no-

66 4551 141 4615 mine
162 4553 197 4616 in
219 4552 318 4636 Verg.
343 4549 449 4614 bucol.
474 4554 510 4634 3,
529 4555 581 4615 21.
626 4552 668 4616 ab
696 4551 800 4616 altera
821 4560 914 4639 parte
932 4551 1020 4638 apud
1046 4558 1196 4614 nentrum
1218 4550 1350 4613 Invenio

10 4645 13 4687 l
65 4663 176 4718 eertum
210 4653 405 4718 recentioris
441 4654 559 4716 aetatis
595 4652 753 4717 indicium
781 4674 879 4739 quam
911 4652 993 4717 illud
999 4700 1009 4734 ,
1041 4650 1128 4738 quod
1161 4649 1351 4715 Terentiani

65 4750 157 4821 1141111
186 4756 302 4821 libello
329 4753 371 4816 de
401 4755 514 4818 metris
537 4754 714 4819 Diomedes
746 4776 824 4818 usus
855 4763 914 4818 est.
957 4755 1027 4817 eius
1049 4753 1097 4815 rei
1122 4762 1352 4837 argumentum

64 4852 284 4923 Lachmannus
307 4857 343 4920 in
366 4853 554 4920 Terentiam
578 4880 609 4943 p.
627 4854 715 4919 XIII
734 4856 852 4942 petivit
872 4876 914 4918 ex
934 4852 1126 4918 Terentiani
1147 4875 1246 4920 versu
1271 4858 1347 4920 1701
