3114 5356
180 292 247 357 bib
746 284 930 350 btouebls
952 340 957 347 .
1028 342 1031 347 .

234 419 259 463 p.
272 407 311 449 art
326 406 348 449 Ρ.
1246 414 1273 456 p.
1289 402 1410 445 δίη-511
1421 402 1448 445 G.

350 493 449 536 arma
471 475 667 553 uirumque
687 492 790 535 cano.

166 580 310 658 conique
332 577 454 639 detrahe
476 574 606 637 ultimam
628 573 783 653 syllabam,
809 582 840 636 et
860 580 948 635 erunt
966 573 1027 636 duo
1054 572 1147 653 perles
1172 574 1224 651 qui
1246 574 1389 654 priorem
1412 576 1491 637 hera

180 678 270 748 mebi
292 676 403 739 haheat
423 673 573 758 partem!
678 718 683 725 -

268 779 430 840 llimetrum
459 785 489 840 et
507 777 579 839 illut
600 777 679 855 quorl
701 784 749 839 eal
769 795 804 839 ex
831 775 970 838 inferiore
998 783 1081 856 parte
1109 776 1272 838 hexametri
1296 776 1490 839 Archilochus

183 881 263 944 auxit
284 878 451 962 praeposita
472 897 531 943 una
553 878 678 957 syllaba,
704 877 795 939 immo
819 862 936 939 duabus
961 894 1037 955 quae
1057 894 1111 957 pro
1134 895 1191 938 uua
1214 884 1290 939 suut
1315 885 1348 938 et
1367 879 1510 959 seuripcs

183 983 251 1044 dem
273 980 398 1055 faciunt,
422 987 452 1041 et
470 986 516 1041 est
536 979 603 1054 lale,

348 1100 422 1143 aera
443 1098 566 1142 munera
587 1080 696 1143 dirum.

183 1184 233 1247 hic
252 1184 322 1245 tolle
343 1181 538 1262 semipedem,
561 1181 666 1244 eterit

292 1334 298 1346 .
348 1301 471 1347 munera
493 1281 600 1349 dirum.

183 1385 241 1448 boc
262 1383 357 1446 simile
379 1382 496 1456 catilli,

352 1483 492 1545 terruit
512 1482 656 1555 urbem,

184 1586 222 1648 de
243 1604 302 1665 quo
325 1585 444 1646 dictum.

268 1716 288 1752 e
311 1683 518 1747 Archilochum
540 1692 569 1745 et
591 1683 743 1746 Horatium

347 1787 526 1866 nivesque
548 1786 739 1847 deducunt
757 1784 898 1859 lovem,
920 1803 1020 1848 nunc
1044 1804 1143 1847 mare
1166 1805 1266 1848 nuuc
1286 1786 1424 1848 siluae

183 1890 232 1952 hic
254 1888 392 1970 superius
411 1905 525 1950 comma
547 1906 581 1948 ex
604 1886 749 1968 principio
770 1885 886 1949 iambici
908 1895 970 1960 eet,
999 1887 1122 1948 inferius
1150 1907 1185 1948 er
1210 1884 1360 1969 principio
1390 1886 1515 1948 Acco-1⁵

181 1990 281 2051 metri.

268 2091 474 2153 llerametrum
507 2090 632 2153 heroum
666 2088 798 2170 plerique
829 2087 869 2149 ita
904 2086 1127 2150 adcumularunt
1164 2095 1198 2149 ut
1234 2088 1371 2149 lacerent
1400 2087 1483 2149 talem

181 2191 337 2271 rythmum,

349 2299 379 2353 et
397 2291 501 2352 mediis
521 2309 663 2372 properas
684 2290 877 2369 Aquilonibus
898 2290 942 2352 ire
962 2309 1016 2370 per
1036 2307 1179 2368 aequora,
1201 2288 1272 2374 litus
1295 2310 1374 2353 ama.

97 2465 100 2470 ¹
182 2390 232 2452 bic
250 2398 405 2470 utrumque
428 2410 541 2454 comma
564 2410 600 2453 ex
622 2390 774 2470 sepeliere
792 2399 876 2473 parte
897 2391 1058 2453 hexametri
1077 2398 1132 2452 est
1167 2389 1219 2450 sed
1241 2389 1313 2452 illud
1337 2395 1515 2473 superiaci·

182 2492 263 2570 quod
281 2500 328 2554 est
348 2492 421 2567 tale,
448 2496 497 2555 ‘et
515 2492 620 2579 mediis
642 2509 784 2572 properas
804 2492 1029 2570 Aquilonibus'‚
1052 2500 1254 2555 tetrametrum
1274 2493 1402 2557 heroum
1424 2504 1483 2569 esc

181 2590 254 2652 illud
275 2601 373 2655 autem
395 2594 533 2667 interius,
565 2592 644 2671 quod
672 2600 718 2654 est
745 2592 819 2667 tale,
851 2593 911 2655 ‘ire
932 2613 987 2675 per
1010 2612 1139 2674 aequora
1161 2595 1232 2656 litus
1257 2598 1355 2670 ama’‚
1386 2596 1483 2658 trium-

183 2699 261 2754 trum
282 2693 405 2757 hmoum
427 2703 482 2757 est.

266 2809 445 2889 Reciprocus
465 2829 569 2871 versus
592 2811 668 2889 apud
690 2812 857 2873 neotericos
878 2812 945 2875 talis
966 2820 1022 2886 cst,

348 2929 434 2971 versu
456 2910 540 2983 volo,
560 2911 661 2986 Liber,
684 2921 734 2973 tua
756 2912 962 2992 praedicentur
983 2920 1057 2987 acta,
1493 2941 1513 2979 u,

348 3019 413 3072 acta
435 3011 641 3091 praedicentur
662 3021 728 3085 tua,
751 3013 854 3088 Liber,
881 3014 947 3076 volo
970 3033 1065 3075 versu.
1254 3096 1258 3103 .

183 3109 337 3172 Sotadicos
361 3120 406 3173 est
428 3130 463 3174 ex
484 3122 625 3192 utraque,
658 3115 709 3176 secl
737 3114 844 3189 durus,
878 3124 910 3176 ut
937 3116 1033 3195 possit
1054 3114 1091 3175 ad
1116 3133 1270 3176 recursum
1289 3110 1295 3197 Ι
1316 3118 1478 3178 conuenire.

182 3211 221 3272 tle
242 3214 378 3275 Sotadico
400 3215 458 3276 iam
480 3215 599 3277 dictum.
643 3218 814 3298 reciprocus
837 3216 911 3278 alter
931 3215 1019 3277 huius
1040 3216 1119 3277 modi
1138 3226 1193 3288 ost,

345 3334 411 3377 esse
432 3316 528 3379 bonus
550 3317 575 3378 si
596 3319 654 3393 vis,
675 3319 739 3379 cole
762 3319 860 3391 diros,
883 3317 991 3399 optime
1013 3318 1118 3391 Pansa,
1309 3402 1312 3407 ¹

345 3417 440 3479 Pansa
462 3418 588 3497 optime,
613 3419 694 3482 diros
718 3420 798 3493 cole,
822 3419 847 3480 si
869 3419 911 3479 ris
931 3419 1028 3481 bonus
1049 3438 1125 3482 esse.
1159 3492 1162 3499 .
1488 3442 1508 3481 a

179 3518 228 3579 hic
249 3518 279 3579 iu
302 3538 447 3598 procursu
476 3521 644 3582 hexameter
667 3528 725 3594 cst,
756 3522 785 3582 in
814 3540 937 3582 recursu
966 3521 1129 3583 Sotadicus.
1175 3522 1361 3600 reciprocum
1389 3544 1478 3602 genuus

178 3620 285 3681 mirum
307 3621 480 3683 invenerunt
501 3622 560 3683 otia
585 3624 710 3684 curiosa.
755 3642 824 3684 uam
851 3630 1001 3703 repertum
1024 3631 1069 3684 est
1092 3642 1181 3703 posse
1202 3624 1406 3687 hexametrum
1429 3644 1478 3706 per

178 3721 379 3784 hexametrum
399 3742 552 3785 recurrere
574 3725 605 3784 in
628 3723 677 3784 illo
699 3743 796 3797 uersu,

248 3943 489 4002 AArcbiloehrrs;
514 3944 652 3996 archilochi
669 3946 756 3995 ΑΒΜ
840 3946 922 3997 8hie
937 3949 964 3998 B
985 3948 1012 3997 hi
1030 3947 1090 3996 AM
1176 3948 1204 3998 11
1231 3949 1317 3998 orbem
1336 3952 1362 3999 A
1450 3955 1478 4002 l‘2

179 4013 256 4063 Aliud
272 4013 304 4062 de
324 4028 373 4076 quo
393 4015 476 4064 dicam
494 4014 684 4066 Archilochium
702 4025 729 4066 ul
748 4015 868 4067 Horatius
885 4030 911 4072 ς.
927 4018 1043 4080 sortoeec
1061 4015 1250 4067 Archilochium
1270 4019 1341 4068 aliud
1360 4029 1398 4070 est
1413 4023 1477 4086 apud

179 4080 357 4132 Archilochum
431 4084 462 4134 13
482 4082 625 4150 Horatium]
647 4087 719 4149 epod.
742 4084 814 4144 13,2
894 4087 927 4136 14
945 4087 1085 4150 niueaquae
1103 4087 1189 4137 ABM
1270 4088 1303 4137 15
1321 4088 1430 4139 iuferius
1449 4108 1478 4139 rx

178 4152 305 4216 principio
325 4167 433 4201 naxeum
453 4152 541 4203 herum
567 4153 676 4217 (hortum
695 4155 742 4211 Ml
766 4154 880 4218 plerique
898 4156 960 4205 AM
981 4155 1089 4205 inferius
1109 4166 1134 4206 et
1152 4155 1278 4221 principio
1298 4177 1351 4208 ece
1373 4174 1479 4208 nexorum

178 4218 283 4269 beorum
303 4222 418 4286 plerique
437 4222 462 4271 B
533 4223 564 4272 17
584 4233 611 4273 ut
623 4224 735 4275 orruAM
805 4223 837 4274 lt)
856 4225 890 4288 et]
905 4227 983 4290 Verp.
995 4226 1060 4275 Aea.
1079 4225 1185 4275 1111310
1203 4235 1227 4274 et
1245 4229 1338 4276 merliis
1359 4244 1479 4293 properas

177 4289 339 4352 aquilonibus
357 4292 394 4339 ire
408 4306 454 4355 per
467 4292 546 4343 altum
557 4293 579 4340 V
591 4292 640 4343 163
658 4292 718 4342 litus
737 4307 793 4340 arna
810 4303 835 4342 et
852 4295 938 4345 laevae
955 4297 1064 4359 stringat
1083 4294 1139 4343 sine
1157 4295 1269 4358 palmula
1287 4307 1375 4345 cautes
1446 4302 1480 4348 irc

177 4360 1481 4495 1111111111’11ὲὲ1111111111111112111111111ῖὲ1

177 4495 211 4545 Μ
228 4506 316 4561 posset
332 4500 374 4548 Bo
392 4512 439 4564 poa
457 4500 481 4549 A
552 4500 587 4551 28
604 4500 636 4550 de
654 4518 698 4553 om.
718 4450 808 4559 ABM,
828 4503 888 4553 adul.
906 4517 923 4559 ς
992 4502 1026 4553 29
1044 4503 1098 4552 eolc
1116 4502 1190 4551 divos
1210 4503 1315 4553 Mariua
1332 4452 1482 4556 l'irtrA'tuar

177 4563 261 4614 colere
279 4566 342 4616 deos
360 4567 444 4618 ΑΒΜ
512 4569 547 4621 31)
564 4570 626 4620 dces
644 4571 699 4619 cole
715 4571 773 4619 BM
791 4571 853 4621 deos
873 4574 955 4622 colere
972 4572 997 4621 A
1074 4579 1135 4635 poet
1152 4586 1209 4620 case
1226 4574 1253 4621 in
1271 4572 1357 4623 ABM
1374 4578 1482 4639 repetita

176 4642 234 4684 ruat
250 4634 322 4696 llaec,
341 4637 395 4685 cole
413 4638 476 4687 rleoe
496 4641 590 4705 optime
608 4655 689 4706 pausa
705 4655 787 4705 pauca
805 4642 898 4705 optime
917 4643 979 4692 deos
998 4642 1052 4691 cole
1067 4642 1091 4690 oi
1109 4641 1149 4690 uis
1168 4641 1249 4690 hourrs
1266 4656 1325 4691 case
1394 4643 1427 4693 31
1444 4662 1482 4693 rr·-

179 4701 307 4765 ciprocum
321 4705 354 4754 M
369 4708 491 4772 reciproci
509 4708 575 4758 AB:
600 4709 722 4776 reciproci
741 4724 824 4775 gerrae
844 4711 916 4760 metri
933 4726 952 4766 ς
1037 4710 1071 4762 32
1093 4723 1170 4775 posse
1188 4709 1270 4775 (pose
1287 4711 1333 4775 B)
1354 4724 1483 4763 exametor

179 4767 266 4819 ΑΒΜ
281 4771 457 4825 hexametrum
476 4791 553 4842 poree
571 4789 589 4833 ς
