3114 5356
21 342 24 349 ,
132 275 196 340 538
470 278 522 341 Ex
549 277 713 341 thamsa
740 275 839 340 ARTE
864 277 1123 341 ammantica>

188 406 209 449 p.
225 392 310 435 8³-ss
326 392 352 434 V.
1276 436 1291 465 ι
1477 332 1485 465 Ι

137 465 222 539 aina,
246 464 388 526 neutralia
410 485 470 529 nou
490 475 570 527 sunt.
614 464 713 543 itatpre
734 461 818 543 aqua
837 463 981 526 neamalis
1001 463 1212 542 inveniuntur,
1245 467 1327 530 haec
1348 469 1444 532 Graan

139 575 169 628 ct
188 565 267 627 tertii
289 566 402 628 ordinis
424 575 494 629 sant
521 567 633 628 ratione
661 581 719 643 qam
747 565 891 639 diximus,
920 574 953 626 ut
973 583 1076 646 poeula
1100 568 1270 646 poematis.
1317 572 1444 634 incusati

138 684 192 730 vas
211 675 308 728 autem
330 668 442 748 primae
463 666 666 728 declinationis
690 675 742 726 aut
760 684 816 747 per
841 685 889 729 am
916 667 976 728 erit
1002 673 1055 727 aut
1078 685 1134 746 per
1160 686 1211 729 au.
1261 690 1322 751 per
1344 673 1444 734 suerit

138 787 175 831 ex
196 768 367 830 nominibus
389 768 524 842 Graccis,
552 767 632 828 velut
651 767 700 828 hic
723 766 830 828 Callias
851 767 931 827 hunc
953 766 1081 840 Callian,
1108 787 1166 848 per
1191 787 1245 831 am
1271 791 1309 833 ex
1334 773 1443 845 Latinis

139 886 215 949 qliae
242 878 294 931 aut
320 870 350 931 in
386 889 403 932 a
438 879 488 932 aut
515 870 545 930 in
573 887 606 931 es
639 877 760 942 exeunt,
790 877 824 929 ut
850 867 899 928 hic
925 863 1054 948 &flacco
1081 867 1164 930 hunc
1191 870 1360 936 Senecam.
1406 874 1458 936 lita

140 969 268 1046 Orontem
296 989 363 1033 cum
385 972 489 1034 Latine
507 972 699 1042 resumatur,
725 970 805 1030 hunc
828 967 970 1028 Orontem
992 965 1125 1029 dicimus.
1171 988 1247 1033 uam
1277 974 1305 1036 si
1327 994 1388 1038 nou
1406 993 1443 1037 re

140 1072 298 1147 locaretur,
328 1072 461 1134 Oronten
483 1070 645 1152 poterimus
665 1070 780 1145 dicore,
807 1076 840 1129 ut
859 1065 1019 1144 Vergilias,
1046 1069 1269 1150 ‘fidumque
1295 1077 1443 1139 vehebat

142 1172 336 1236 Oronten'.
380 1172 515 1253 exempla
544 1173 656 1252 primae
685 1168 889 1232 declinationis
917 1169 1073 1231 masculini
1108 1172 1231 1248 generis
1266 1178 1299 1239 in
1327 1198 1378 1254 as,
1404 1179 1442 1241 bit

140 1277 255 1338 Aeneas
277 1276 366 1337 huius
386 1276 510 1336 Aeneae.
555 1273 690 1336 similiter
711 1271 741 1332 ia
760 1291 793 1344 a,
812 1269 862 1331 bic
881 1277 967 1350 poeta
987 1269 1077 1332 huius
1094 1280 1211 1350 poetae.
1261 1278 1324 1342 hoc
1346 1298 1441 1343 m

141 1376 253 1456 pariter
273 1375 437 1437 declinatur
458 1392 527 1435 casm
549 1392 638 1454 supra
664 1372 810 1434 declinato
836 1370 956 1432 nomine
983 1381 1101 1450 poem
1126 1375 1363 1442 nominativum
1402 1382 1463 1444 bias

141 1492 212 1538 vero
229 1477 373 1538 Anchises
387 1483 421 1536 ut
437 1475 565 1537 Orontes
587 1474 734 1554 duplicem
752 1473 860 1535 dicitur
880 1472 989 1534 habere
1003 1473 1236 1554 nominativum,
1257 1481 1309 1543 hic
1327 1485 1440 1546 mana

143 1586 174 1637 et
192 1576 241 1636 hic
262 1575 415 1638 Anchises.
460 1585 489 1637 et
510 1576 536 1637 si
555 1576 672 1654 quidem
695 1575 750 1636 crit
771 1575 967 1636 nominativus
986 1575 1036 1636 hio
1055 1575 1199 1652 Anchisa,
1229 1580 1401 1647 declinatur
1415 1593 1439 1645 at

143 1678 192 1739 bio
210 1686 306 1758 poeta.
351 1678 376 1739 si
396 1697 466 1739 aero
488 1677 536 1738 hic
557 1676 700 1737 Anchises
721 1675 842 1736 habebit
861 1677 1085 1751 nominativum,
1108 1675 1157 1759 [et]
1180 1680 1273 1743 aliter
1289 1683 1440 1746 nectum

143 1797 231 1858 quarn
253 1779 311 1839 duo
333 1779 452 1840 nomina
476 1797 565 1858 supra
592 1778 711 1857 scripta.
756 1776 805 1837 illa
830 1777 908 1838 enim
930 1778 1031 1839 autin
1053 1797 1086 1839 as
1109 1787 1160 1839 aut
1179 1780 1211 1841 lu
1235 1802 1253 1842 a
1278 1786 1438 1855 ohannau,

144 1880 202 1941 hoc
223 1889 320 1941 atatem
343 1881 373 1941 in
393 1899 435 1941 os.
480 1879 515 1940 ad
544 1880 601 1939 hoc
628 1879 653 1940 si
681 1878 725 1939 sic
752 1877 930 1951 declinam,
957 1877 1006 1939 hic
1026 1879 1184 1955 Anchises,
1210 1882 1345 1948 inmutat
1369 1897 1462 1966 quat-¹³

144 1989 212 2043 tuor
231 1999 318 2043 casus
338 1980 519 2060 singulares,
547 1980 675 2041 dativum
699 1979 893 2040 incusativum
917 1979 1079 2041 vocatimm
1106 1979 1350 2064 ablativumque,
1373 1988 1465 2049 velat

145 2082 214 2143 huic
232 2082 361 2144 Anchise
388 2084 468 2144 hunc
488 2081 635 2143 Anchisen
657 2099 675 2140 o
697 2080 824 2141 Anchise
849 2081 885 2142 ab
911 2081 969 2144 hoc
991 2081 1133 2155 Anchise,
1166 2092 1200 2144 ut
1220 2093 1343 2149 tanturn
1364 2089 1440 2150 modo

146 2185 312 2263 genetivum
334 2183 514 2263 singularem
537 2180 806 2260 nominativumque
827 2201 917 2264 supra
933 2182 1051 2262 scriptis
1067 2181 1192 2243 similem
1211 2185 1334 2251 habeat.
1368 2191 1440 2252 taut
1482 2122 1485 2261 i

144 2283 281 2346 uinomm
305 2286 456 2348 nominum
479 2283 689 2356 nominativus,
713 2290 856 2368 utsupra
879 2285 1021 2357 diximus,
1046 2282 1076 2344 in
1098 2284 1114 2344 'a
1136 2285 1269 2349 ellertur.
1316 2290 1440 2372 example
1482 2296 1485 2365 l

145 2385 275 2448 lemiuini
298 2387 415 2465 generis
435 2387 467 2448 in
486 2404 520 2460 a,
542 2385 616 2446 haec
636 2385 752 2444 fortuna
774 2384 862 2447 huius
882 2387 1026 2448 fortunae.
1069 2394 1140 2448 sunt
1161 2389 1309 2465 quaedam
1330 2394 1485 2535 nomast*

146 2487 284 2549 leminina
306 2489 392 2569 primi
417 2487 529 2549 ordinis
550 2503 626 2564 quae
649 2485 679 2545 in
700 2484 797 2547 dativo
822 2486 928 2567 plurali
956 2505 1009 2569 per
1029 2485 1086 2548 bus
1108 2487 1250 2568 syllabam
1275 2494 1440 2561 elteruntnn

143 2588 199 2649 nae
221 2588 293 2649 aeae
314 2596 344 2649 a
363 2574 410 2650 uis
428 2588 556 2661 annus,
584 2587 639 2648 nae
661 2585 788 2667 ¹trusus
807 2588 855 2650 us
875 2588 1036 2650 atesinus
1056 2598 1086 2651 a
1113 2591 1160 2652 ns
1183 2592 1303 2655 samin.
1350 2595 1440 2657 aiam
1483 2576 1485 2661 l

144 2689 262 2768 quidam
283 2699 396 2751 veteres
426 2689 456 2750 in
479 2688 571 2769 prima
597 2687 793 2750 declinatione
820 2689 923 2752 solitos
946 2690 1063 2752 nomina
1086 2693 1219 2770 genetivo
1243 2713 1318 2757 casu
1342 2715 1396 2776 per
1413 2713 1440 2756 as

146 2792 294 2871 prolerre,
318 2792 387 2851 item
410 2791 505 2851 dativo
528 2790 627 2870 peri,
655 2789 743 2850 veluti
765 2791 838 2852 haec
857 2792 922 2852 aula
944 2792 1031 2853 huius
1053 2794 1135 2855 aulas
1156 2795 1225 2857 ltuic
1247 2797 1346 2873 aulai,
1369 2797 1441 2859 simi·

147 2889 213 2951 liter
232 2900 262 2951 et
283 2900 389 2964 cetera,
409 2890 482 2951 haec
503 2898 580 2951 terra
601 2891 687 2953 huius
708 2899 802 2953 terras
825 2893 893 2955 huic
911 2895 1008 2967 tenni,
1030 2914 1105 2973 aqua
1121 2915 1213 2975 aquas
1229 2900 1336 2976 aquai;
1361 2900 1465 2960 etiams

149 2989 217 3050 inde
236 3008 443 3069 perseverasse
461 3000 546 3072 pater
564 2991 703 3065 familias,
733 2992 802 3053 item
829 2994 925 3056 adhuc
948 3015 1014 3056 esse
1041 3017 1151 3059 morem
1174 3000 1273 3078 poetis
1295 3001 1326 3062 in
1354 3001 1440 3062 dativo

146 3087 265 3151 ‘aulai
289 3093 426 3153 medio’
450 3093 547 3155 dicere
570 3101 599 3154 et
617 3095 738 3155 ‘intus
761 3098 908 3174 aquai’;
937 3098 1143 3176 frugiferai
1165 3100 1283 3161 Ennius
1304 3101 1334 3161 in
1359 3119 1442 3162 anna·

147 3189 233 3252 libus.
277 3192 372 3273 prima
394 3195 565 3271 declinatio,
590 3206 732 3277 utsupra
755 3198 896 3271 diximuS,
918 3207 1054 3261 neumam
1078 3221 1185 3262 nomeu
1208 3221 1268 3262 non
1292 3203 1391 3264 habet

235 3293 278 3355 [le
301 3298 429 3358 secunda
451 3299 654 3360 declinatione.
691 3299 845 3360 Secundae
861 3299 1063 3363 declinationis
1083 3304 1252 3364 nominativi
1270 3315 1341 3366 sunt
1355 3306 1400 3377 hi,
1418 3303 1442 3363 in

89 3436 92 3441 -
146 3413 197 3469 us,
221 3395 251 3456 in
273 3416 320 3471 er,
343 3399 372 3459 in
394 3401 434 3473 ir,
458 3401 486 3461 in
507 3420 571 3477 um;
601 3401 631 3461 in
655 3421 690 3463 us
718 3400 879 3462 mascsdiua
908 3409 938 3460 et
963 3402 1117 3477 feminina,
1145 3404 1173 3464 in
1199 3424 1232 3464 er
1256 3407 1468 3480 masmanna

82 3569 85 3573 ἵ
147 3494 178 3555 in
197 3496 223 3558 ir
240 3496 309 3560 item
331 3503 508 3576 masculina,
528 3502 558 3562 in
579 3521 630 3563 urn
653 3512 765 3564 neutra.
812 3521 879 3563 nam
901 3503 1041 3564 neutralia
1067 3504 1096 3564 in
1119 3524 1154 3565 us
1174 3506 1331 3569 terminata
1351 3507 1442 3570 omnia

146 3599 249 3660 tertiae
271 3599 475 3665 declinationis
490 3599 504 3687 ll
519 3611 603 3677 sunt,
631 3604 709 3665 velat
730 3622 822 3685 pocus
848 3605 980 3685 pecoris,
1007 3624 1112 3667 nemus
1137 3608 1287 3683 nemoris,
1318 3609 1443 3690 exeeptis

146 3699 193 3761 his
215 3702 325 3776 tribus,
348 3705 469 3783 pelagus
490 3705 568 3766 viras
589 3706 707 3783 vulgus,
730 3723 804 3783 quae
827 3715 963 3785 corrupta
985 3716 1054 3768 suut
1076 3715 1105 3767 et
1125 3707 1315 3786 singulariter
1333 3719 1442 3771 tauhun

147 3799 332 3883 declinantur
358 3814 390 3866 ut
419 3807 566 3868 secundae
594 3806 811 3881 declinationis,
844 3807 923 3869 velat
950 3808 1007 3868 hoc
1028 3808 1155 3888 pelagus
1177 3809 1265 3870 huius
1294 3812 1392 3891 pelagi
1418 3818 1442 3869 et

147 3901 226 3962 virus
251 3904 302 3964 viri
330 3914 360 3965 et
387 3907 491 3986 vulgus
511 3906 604 3984 vulgi,
627 3925 815 3995 ¹quamquam
842 3906 926 3969 malti
955 3911 1120 3971 extulerunt
1147 3910 1250 3989 vulgus
1273 3912 1469 3976 masculinas

150 4009 182 4061 ut
202 4002 344 4080 Vergilius
367 4007 420 4068 ‘in
441 4009 587 4087 vulgum
610 4007 833 4087 ambignas’.
879 4011 1039 4072 masculina
1067 4031 1135 4073 vero
1155 4013 1230 4074 haec
1253 4015 1373 4094 propria
1394 4032 1442 4073 nn·

147 4102 225 4164 mina
246 4115 315 4166 sunt
335 4108 467 4171 eiusdem
490 4109 638 4171 secundae
657 4108 874 4186 declinationis,
901 4112 1018 4174 Marcus
1039 4112 1201 4189 Antonius;
1229 4114 1299 4175 item
1326 4114 1372 4175 illa
1394 4133 1442 4193 ap

218 4283 297 4350 3pcr
314 4302 357 4336 um
374 4288 441 4340 exim
459 4287 484 4338 B
571 4283 742 4352 svn-gilius]
760 4285 825 4340 Aen.
843 4291 853 4339 l
873 4288 922 4340 113
1011 4287 1043 4338 10
1058 4303 1114 4338 cum
1134 4305 1180 4340 om.
1205 4290 1243 4349 B,
1263 4292 1357 4340 oddo

150 4349 191 4402 bio
206 4379 238 4388 —
257 4354 290 4404 18
306 4356 396 4407 habeat
420 4360 500 4410 Diam.
516 4374 544 4423 p.
565 4355 617 4407 280
706 4357 737 4406 lt
755 4367 798 4406 aut
816 4358 842 4407 in
861 4374 889 4408 as
907 4359 948 4407 uel
967 4358 991 4408 in
1009 4375 1024 4408 a
1043 4358 1068 4410 B
1159 4357 1190 4407 17
1208 4355 1441 4409 huic-anchisaoll

151 4420 210 4471 huic
227 4423 364 4476 Anchisia
454 4428 485 4477 10
505 4426 675 4475 nominatiuos
691 4425 716 4474 B
801 4428 835 4478 22
859 4428 907 4478 hee
924 4428 1051 4477 libertates
1067 4429 1097 4476 ab
1116 4426 1156 4476 his
1174 4428 1335 4478 liucrtatibus
1352 4429 1378 4478 B

149 4489 184 4539 to
201 4493 265 4541 aduc
284 4510 340 4543 esse
357 4510 522 4545 moremorem
542 4496 568 4545 B
654 4496 687 4543 27
704 4492 781 4557 aulai]
803 4498 880 4560 Verp.
900 4498 963 4547 Aen.
984 4496 1092 4549 111354.
1117 4505 1144 4545 ut
1163 4497 1246 4545 ‘altini
1263 4498 1360 4546 nsedio’
1380 4497 1435 4544 Υιτ-

149 4558 240 4623 gilius,
260 4564 349 4612 ‘terrai
368 4564 519 4629 frugiferai'
539 4563 637 4613 Ennius
657 4565 681 4610 in
702 4563 834 4613 annualibus
850 4568 979 4616 Charisius
1050 4565 1127 4628 iratus]
1149 4568 1228 4630 Veag.
1243 4569 1306 4617 Aen.
1324 4568 1367 4615 l'll
1381 4565 1437 4613 llil.

150 4629 218 4678 lntus
237 4632 312 4693 aquai
331 4632 464 4698 frugiferai
485 4642 534 4684 tam
558 4649 630 4698 quarn
649 4631 816 4696 fragmentmn
839 4636 918 4685 Ennii
939 4637 996 4685 laiac
1018 4639 1102 4685 citaait
1122 4636 1241 4685 Goliam
1259 4638 1325 4686 Ena.
1348 4634 1438 4697 [νηφα-

145 4711 173 4757 p.
198 4697 249 4747 ’203
272 4703 347 4749 terrai
371 4719 421 4765 pro
443 4704 517 4764 aqtaai
540 4702 697 4752 scribendmu
719 4716 775 4750 esee
797 4707 940 4762 coniciens:
968 4714 1057 4754 eontra
1080 4721 1150 4770 quaem
1174 4706 1242 4755 dimit
1266 4705 1289 4753 I.
1315 4705 1439 4756 Beckeraa

149 4764 239 4816 Philol.
256 4770 277 4816 ll
294 4784 321 4831 p.
341 4771 374 4818 55
443 4772 478 4820 aa
495 4771 634 4821 nrasetrlina
648 4779 708 4835 poet
724 4785 752 4818 er
770 4788 816 4821 ona.
837 4774 860 4822 B
936 4773 970 4822 30
990 4772 1127 4838 Vergilius}
1147 4773 1211 4823 Ara.
1230 4775 1251 4823 ll
1270 4774 1306 4824 00
