3114 5356
512 268 644 332 lNSl'l'l'.
667 267 778 329 Gllhll.
801 268 904 330 Lm!
1311 273 1351 336 73

50 384 369 540 aii'e‘piii'rinaz
395 455 433 517 ad
451 429 610 517 laternam
624 457 771 531 referens,
795 465 826 519 ut
843 475 975 538 caupona
997 459 1112 522 dicitur.
1156 402 1224 522 narii
1236 390 1352 526 ‘iile-

48 562 166 624 rentius
179 559 362 622 deminutivc
383 557 538 639 pistrillam
556 558 642 634 dixit,
664 534 850 639 ‘pistrilla
874 568 955 620 erat
973 563 1185 640 quaedam'.

137 662 281 735 anmm
304 660 505 722 tricensimum
526 680 636 724 annum
656 662 713 722 dici
736 660 800 721 sine
822 660 1028 724 coniunctione
1050 663 1109 724 vult
1128 665 1217 727 Varro
1234 667 1354 748 Episto-

51 765 174 827 hcarmn
203 763 256 824 Vll
287 771 317 824 et
345 761 464 835 similia,
493 783 549 826 uec
575 765 817 846 interponendam
846 764 1082 827 coniunctionem
1108 766 1171 846 ipsa
1192 786 1225 828 re
1246 769 1354 831 cohae-

28 875 153 930 arente:
175 865 257 926 velut
276 860 291 948 ΙΙ
311 864 337 926 si
359 864 459 925 dixere
481 864 537 925 ‘ad
559 859 692 943 quintum
710 876 739 927 et
757 866 957 928 tricensimum
975 868 1126 949 praedium
1148 868 1272 945 haheo'‚
1293 870 1350 932 iam

52 969 111 1031 duo
133 966 392 1046 significabuntur,
414 966 537 1027 alterum
556 968 592 1028 ad
612 968 761 1046 quintum,
783 968 906 1029 alterum
928 967 965 1029 ad
987 969 1196 1032 tricensimum.

138 1069 325 1131 Pulmcutum
343 1076 374 1130 et
390 1068 617 1149 pulmentarium
640 1069 754 1132 dicitur.
799 1088 867 1131 nam
887 1071 958 1132 Cato
981 1071 1132 1151 Originum
1153 1073 1193 1135 111
1209 1074 1354 1138 ‘laser-

54 1172 190 1253 pitium
210 1190 277 1252 pro
296 1170 552 1251 pulmentario
568 1171 714 1247 hahet'‚
735 1174 765 1233 in
781 1173 884 1234 eodem
906 1172 1039 1234 ‘multo
1054 1174 1246 1253 pulmento
1264 1177 1351 1239 usi’.

57 1273 107 1334 aad
130 1272 248 1352 quoidam
270 1280 375 1353 putant
395 1272 577 1353 pulmentum
598 1274 680 1352 quasi
701 1274 902 1363 pulumeptum
923 1274 1028 1337 melius
1050 1276 1117 1338 dici.
1143 1279 1234 1338 Varro
1254 1286 1355 1341 autem

26 1375 93 1436 aad
113 1375 285 1438 Ciceronem
307 1374 331 1433 V
356 1373 538 1455 pulmentum
565 1376 621 1451 ait,
647 1376 726 1456 quod
751 1377 781 1439 id
800 1395 867 1438 cum
888 1376 970 1458 pulte
992 1385 1107 1454 essent,
1135 1387 1165 1441 et
1191 1380 1260 1441 inde
1286 1381 1354 1461 pul·

58 1477 230 1540 mentalium
252 1476 370 1538 dictum
1349 1516 1359 1544 ,

139 1578 259 1642 Plutum
281 1578 432 1640 Modestus
452 1587 535 1660 putat
558 1598 624 1641 esse
645 1579 817 1656 dicendum,
839 1601 898 1642 non
917 1581 1043 1662 plurium
1064 1601 1132 1644 cum
1155 1582 1173 1645 i.
1218 1603 1254 1646 ea
1273 1586 1352 1647 enhn

59 1682 173 1744 nonina
198 1699 273 1760 quae
294 1681 474 1761 conparandi
496 1690 581 1754 siant,
609 1683 742 1761 genetivo
765 1683 902 1745 illabere
925 1702 985 1744 non
1007 1684 1131 1759 dehent,
1160 1694 1192 1748 ut
1214 1688 1350 1750 tortiores

60 1784 223 1860 tortionem,
250 1782 387 1845 meliores
415 1784 585 1858 meliorum3
613 1785 656 1846 sic
676 1784 775 1864 plures
797 1784 901 1846 horum
923 1786 1051 1865 plurum.
1095 1787 1148 1848 sed
1170 1789 1352 1851 consuetudo
1409 1852 1417 1867 ‚

32 1884 184 1963 apiarium
207 1904 275 1947 cum
297 1886 306 1947 i
331 1886 410 1947 dicit
464 1885 540 1946 unde
562 1894 591 1947 et
612 1885 765 1947 Terentius
787 1887 817 1947 in
841 1887 1017 1949 Phormione
1044 1873 1161 1977 ‘nora'
1175 1889 1235 1950 hic
1261 1910 1353 1952 con·

63 1985 196 2065 pluria'
218 1988 299 2050 dixit.

140 2088 296 2151 Pulchrum
319 2091 409 2152 Varro
429 2090 571 2171 adspirari
593 2089 700 2151 dehere
722 2097 825 2168 negat,
848 2109 885 2152 ne
903 2091 1016 2152 duahus
1039 2092 1268 2154 consonantibus
1289 2113 1352 2155 me-

66 2189 107 2250 dia
128 2192 287 2254 intercedat
308 2193 482 2273 adspiratim
504 2192 582 2272 quod
601 2192 720 2254 minime
741 2201 855 2253 rectum
869 2193 998 2272 antiquis
1018 2192 1178 2255 videbatur.
1222 2194 1300 2254 unde
1322 2204 1351 2256 at

68 2292 244 2371 sepulchrum
265 2294 409 2375 hodieque
430 2304 542 2369 manet,
565 2295 643 2374 quod
665 2294 705 2356 sit
725 2313 858 2356 seorsum
879 2314 897 2357 a
920 2296 1044 2376 pulchro
1065 2303 1187 2376 propter
1213 2297 1352 2358 recorda·
1463 2326 1468 2333 ·

40 2393 166 2456 neonem
186 2396 307 2460 doloris.

142 2498 288 2560 Ehoreum
317 2500 430 2561 ratione
458 2500 598 2573 dicimus,
625 2506 658 2560 ut
684 2516 700 2558 a
728 2516 873 2558 mannore
896 2516 1111 2576 marmoreum,
1124 2509 1167 2563 aet
1195 2519 1218 2562 a
1237 2504 1354 2582 pumice

71 2601 240 2678 pumiceum3
264 2602 316 2663 scd
335 2603 517 2664 consuetudo
537 2603 624 2664 etiam
644 2600 795 2662 ehoratum
817 2600 936 2662 admisit
957 2609 987 2663 et
1012 2602 1165 2665 eburnam.
1209 2603 1351 2684 Vergilius

71 2793 142 2846 3-8
158 2794 183 2843 Ν

128 2883 243 2942 Quintum
253 2880 425 2930 tricensimum
435 2877 503 2927 annia
513 2876 563 2926 dici
576 2877 632 2926 aine
638 2910 906 2928 ................
912 2891 987 2927 uarro
1011 2875 1159 2942 epistolica?
1177 2879 1233 2930 Vll.
1257 2889 1282 2930 ec
1373 2886 1379 2894 “

71 2967 185 3020 homilia
239 2983 286 3018 nec
334 2963 542 3031 interponendam
590 2977 636 3012 eon
642 2999 908 3015 ................
915 2963 1074 3014 coherentem
1083 2966 1283 3018 uireidixeroad

97 3057 203 3119 quintam
252 3063 276 3104 et
323 3052 498 3102 tricensimum
542 3050 636 3115 prodiit
643 3086 908 3102 ................
915 3065 930 3101 o
974 3052 1185 3118 significabuntur
1229 3040 1282 3104 alin

96 3142 125 3191 ad
150 3145 264 3207 quintum
291 3139 398 3190 alterum
426 3138 459 3189 ad
480 3145 490 3187 t
496 3173 641 3188 .........
661 3135 686 3205 ll
702 3173 971 3189 ................
977 3138 1157 3205 pulmentousl
1174 3141 1283 3205 conida

125 3230 282 3280 Palmentnm
301 3234 326 3277 et
342 3225 539 3293 pulmentarium
556 3225 649 3275 dicitnr
661 3227 693 3274 ni
708 3233 764 3274 cato
779 3226 907 3291 originum
922 3227 956 3275 lll
972 3224 1076 3292 laipitiir
1092 3240 1139 3293 pro
1151 3227 1282 3293 pulmenta

123 3367 193 3429 Quae
209 3370 358 3418 munerant
374 3366 473 3430 intepra
491 3364 603 3430 quedem,
622 3363 670 3413 aad
687 3378 735 3412 nou
753 3365 818 3414 cotta
835 3370 906 3413 certo
922 3364 1013 3428 leprose
1030 3364 1130 3414 videtur
1147 3365 1248 3416 Pierius
1335 3366 1352 3418 3

10 3448 12 3475 Ι
65 3437 111 3488 siae
127 3439 202 3487 etiam
222 3437 399 3486 coniunctione
423 3435 478 3484 nult
501 3436 582 3484 Varro
602 3448 624 3483 ω
709 3433 949 3483 daoniunctionem
973 3433 1000 3482 in
1024 3434 1081 3498 ipsa
1104 3449 1131 3483 re
1150 3434 1310 3486 coherentem
1328 3451 1351 3486 ω

121 3511 137 3560 5
153 3508 288 3574 praedium
304 3505 402 3562 haheo,
426 3506 477 3554 iam
501 3505 551 3555 duo
566 3519 602 3553 m:
626 3505 713 3568 paullo
727 3505 806 3567 ploro
823 3517 917 3565 cepere
935 3503 1034 3570 eidem
1050 3506 1157 3553 laciniae
1173 3506 1282 3567 epatium

64 3575 123 3627 had
140 3577 322 3627 tricensimum.
340 3575 498 3625 Pulmentum
514 3589 536 3624 co
605 3573 622 3624 8
638 3573 808 3639 pulmentario
826 3572 910 3631 hahet,
929 3573 957 3620 ln
975 3573 1073 3631 eodem,
1092 3572 1171 3622 multo
1185 3575 1316 3639 pulmento
1328 3593 1350 3627 ω

125 3750 137 3801 l
162 3748 248 3799 media
273 3757 312 3797 est
334 3747 441 3812 pistrina
459 3752 543 3796 ‘actua
559 3745 656 3795 eodeae'
675 3746 778 3795 Doricae
795 3747 811 3794 l.
832 3759 855 3793 c.
886 3743 972 3794 media
988 3759 1004 3794 a
1021 3745 1128 3810 pistrina
1147 3744 1264 3812 Scaliger
1284 3746 1355 3810 opud

60 3821 237 3871 densante.
324 3814 475 3881 Terentius]
495 3815 607 3878 Adelph.
624 3815 669 3864 llll
686 3818 713 3876 2,
732 3817 765 3865 44
784 3815 853 3881 apud
871 3816 954 3880 ipsum
972 3815 1053 3865 lacum
1072 3816 1117 3866 Est
1135 3817 1246 3883 pistrilla
1334 3815 1351 3867 3

60 3891 224 3940 Centesimum
243 3887 398 3937 tricesimum
415 3901 508 3935 anirum
525 3885 576 3935 dici
594 3886 649 3934 sine
664 3885 840 3936 coniunctione
857 3884 960 3935 uarroni
977 3885 1075 3951 placuit
1085 3901 1103 3949 p
1174 3888 1229 3937 sine
1248 3896 1273 3936 et
1289 3902 1350 3935 cou-

59 3961 179 4010 iunctiona
196 3957 329 4009 Fabricius
398 3959 416 4008 4
434 3956 634 4005 coniunctionem
651 3955 708 4020 ipsa
725 3971 752 4005 re
768 3954 917 4005 cohaerente
931 3954 1064 4005 Petacdiua
1136 3956 1153 4007 8
1170 3973 1216 4022 pro
1233 3955 1347 4021 palmeu-

57 4032 118 4081 tario
136 4044 184 4078 ano
201 4027 278 4077 hahet
295 4025 428 4077 Petroliaco
512 4027 538 4074 in
557 4021 661 4088 eodem]
682 4026 750 4075 idem
768 4041 825 4075 exc.
844 4024 954 4088 orthopr.
973 4039 1001 4087 p.
1017 4024 1100 4086 2796,
1122 4029 1190 4092 qood
1205 4027 1290 4090 epacte
1308 4027 1348 4074 la·
1399 4060 1402 4067 .

57 4116 133 4151 canae
146 4099 227 4164 asapia
244 4100 375 4147 convenire
391 4097 490 4146 videtur
570 4093 587 4143 9
609 4092 706 4159 Varro]
731 4096 762 4145 dc
780 4097 796 4144 l.
817 4097 834 4148 l.
852 4097 875 4144 V
897 4095 985 4157 1081).
1009 4095 1056 4144 111
1074 4095 1121 4158 Sp.
1148 4096 1217 4159 quod
1240 4094 1349 4145 edebant

57 4186 111 4219 cnm
130 4169 210 4236 pulte,
229 4167 261 4216 ab
278 4181 308 4217 eo
326 4166 481 4231 pulmentum
563 4162 595 4212 10
614 4164 726 4226 quodid
744 4179 801 4214 eum
818 4163 888 4231 pulte
906 4174 991 4213 essent
1008 4165 1140 4217 lhhn'ctm
1160 4165 1271 4228 quodid
1290 4179 1347 4212 cum

56 4241 122 4304 pnite
141 4245 209 4290 essct
225 4253 246 4286 ω
266 4236 377 4300 quodid
393 4250 449 4284 curn
469 4233 539 4299 plute
556 4234 597 4284 e⁶et
614 4231 640 4281 N
654 4235 714 4297 quia
731 4250 787 4284 cum
808 4233 876 4299 pulte
894 4242 995 4297 essetp
1067 4236 1099 4286 12
1114 4234 1229 4300 Plutum]
1248 4232 1347 4283 Choria.

53 4325 77 4372 p.
99 4308 147 4359 100
225 4306 257 4356 15
274 4308 300 4355 ln
317 4303 480 4369 Phormione]
501 4304 548 4353 llll
564 4302 595 4367 3,
616 4301 633 4352 θ
712 4303 744 4356 19
761 4304 906 4368 sepulerum
922 4318 956 4354 cc:
976 4304 1010 4367 cs.
1028 4304 1101 4358 Sera.
1118 4308 1144 4355 ia
1164 4305 1243 4369 Vero.
1258 4318 1348 4367 peerp.

54 4376 153 4430 111223
242 4375 365 4442 epulcro
388 4374 520 4425 Fahrr'ctuo
605 4372 639 4422 20
657 4371 753 4422 doloris
776 4374 835 4423 aliie
861 4373 946 4439 placet
965 4373 1128 4440 sepulchrum
1151 4373 1309 4438 conpositum
1334 4387 1352 4421 a

56 4450 131 4498 semis
152 4455 176 4496 et
200 4445 308 4511 pulchro
331 4445 391 4508 quia
413 4443 548 4510 pulchrum
572 4441 706 4506 superficie
724 4442 791 4493 intus
809 4444 910 4493 ossibus
928 4442 1031 4509 plenum
1048 4459 1076 4506 p.
1110 4443 1168 4492 lade
1186 4444 1266 4507 petita
1289 4449 1349 4492 aaut

56 4535 117 4582 qaae
141 4516 275 4566 Petscha'ua
296 4515 410 4573 addidit,
441 4512 607 4578 Sepulchrum
624 4512 656 4560 ah
675 4512 797 4563 aduerbio
823 4528 938 4564 seorsum
961 4522 986 4564 et
1006 4512 1139 4580 pulchrum
1157 4511 1224 4562 alins
1240 4521 1349 4561 tractum

56 4586 204 4650 dicitquod
227 4588 253 4636 in
277 4583 326 4636 hoc
344 4585 445 4635 nomiae
469 4582 629 4648 componitur
647 4583 725 4649 semis
748 4588 773 4632 et
795 4581 943 4647 pulchrum,
967 4585 1028 4647 quia
1045 4582 1177 4647 pulchrum
1203 4581 1347 4647 superficie,

57 4666 79 4704 et
100 4658 166 4706 intus
190 4655 295 4721 plenum
320 4655 427 4705 ossibus.
458 4654 501 4704 uhi
514 4652 659 4702 Bondaams
678 4667 734 4701 aar.
752 4653 809 4703 lect.
825 4667 853 4715 p.
874 4651 905 4703 13
922 4653 1029 4719 Valgius
1041 4667 1091 4715 pro
1108 4650 1173 4702 alius
1190 4651 1348 4702 scribendam

57 4729 166 4782 coniecit.-
194 4726 226 4775 dc
244 4724 318 4773 Aelio
336 4725 539 4789 Gallocopitooit
555 4722 587 4772 tt.
610 4720 725 4787 Unycrac
748 4722 780 4773 de
801 4723 879 4787 Valp.
901 4736 929 4785 p.
948 4722 982 4775 39
1067 4720 1099 4771 21
1126 4735 1142 4771 a
1165 4728 1223 4771 unte
1247 4723 1349 4789 pumice

57 4809 99 4850 en,
114 4796 139 4845 N
206 4796 242 4846 22
260 4791 403 4860 Vergilius]
425 4808 514 4860 peorp.
533 4792 566 4841 lll
585 4791 601 4842 7
