3114 5356
668 335 876 399 Palatino
1380 361 1425 403 xxi

127 517 193 581 eius
215 515 407 602 fragmenta
429 518 469 582 de
489 527 644 606 quattuor
673 521 830 584 extremis
857 520 1007 607 partibus
1034 522 1188 586 orationis
1212 529 1335 586 extant.
1380 524 1426 588 ita

126 620 322 703 enimiuter
346 642 381 684 se
403 628 470 683 tres
491 621 622 686 codices
642 642 724 710 quos
747 622 818 686 dixi
839 623 1048 687 consentiunt
1067 633 1119 706 ut,
1147 624 1296 711 quamvis
1323 623 1425 689 multa

126 720 255 785 diverso
274 721 373 786 modo
393 721 618 808 conprehensa
635 724 711 806 sint,
730 731 839 788 tamen
854 746 955 787 unum
976 722 1179 812 eundemque
1202 724 1321 791 librum
1352 749 1424 792 esse

125 821 293 908 adpareat.
339 824 396 910 qui
424 821 509 886 liber
532 845 572 887 ea
598 846 634 888 re
659 825 801 889 maxime
824 847 902 912 prae
925 824 1060 910 reliquis
1087 825 1184 890 huius
1215 828 1304 894 modi
1328 827 1423 894 libris

125 921 348 988 memorabilis
370 931 430 1006 cst,
454 924 542 1009 quod
564 927 702 1010 scriptor
726 924 868 1012 plurima
890 928 970 990 artis
992 937 1170 1015 praecepta
1191 950 1234 992 ex
1261 929 1423 1016 antiquio·

126 1046 196 1087 rum
218 1025 509 1110 grammaticorum
528 1024 621 1091 libris
648 1027 785 1092 collecta
811 1029 1012 1114 interpositis
1040 1037 1210 1094 auctorum
1238 1029 1423 1094 nominibus

126 1123 261 1190 rettulit.
305 1146 413 1212 neque
446 1134 555 1191 tamen
584 1128 633 1193 illi
666 1129 707 1193 ad
731 1128 916 1193 reconditos
944 1130 1148 1216 antiquitatis
1173 1131 1281 1196 fontes
1314 1130 1424 1194 aditus

125 1225 272 1313 patebat,
294 1227 353 1292 sed
374 1249 486 1293 eorum
507 1220 794 1315 grammaticorum
815 1251 952 1315 qaorum
973 1238 1042 1294 tum
1064 1234 1206 1296 maxime
1233 1231 1309 1297 libri
1334 1232 1425 1296 lecti-

126 1329 296 1412 tabantur,
333 1329 520 1395 Cominiani
560 1333 729 1398 Consentii
774 1330 898 1397 Donati
931 1331 1051 1398 Isidori
1082 1332 1231 1420 Pompeii
1262 1332 1425 1398 Prisciani

127 1539 226 1588 toritate
244 1553 308 1588 usus
327 1539 361 1588 sit
381 1539 461 1603 isqui
481 1539 617 1591 Clementis
636 1554 726 1589 nomen
744 1537 868 1589 Beruensi
886 1536 966 1586 codici
981 1538 1125 1605 adscripsit,
1145 1555 1220 1604 quam
1236 1542 1426 1607 inscriptionem

127 1625 299 1690 probaverunt
317 1624 453 1676 Putsclrius
469 1628 495 1675 in
510 1626 669 1693 praefatione
687 1627 719 1675 ad
736 1638 844 1692 gramm.
863 1622 917 1671 Lat.
936 1631 1003 1675 auct.
1022 1633 1046 1674 et
1065 1621 1188 1676 Sianerus
1204 1627 1277 1677 catal.
1297 1627 1353 1678 cod.
1372 1640 1427 1675 ma·

129 1712 252 1777 ausmipt.
269 1712 329 1761 bibl.
346 1711 424 1780 Bern.
450 1713 504 1778 Ip.
522 1711 573 1764 343
591 1728 658 1776 sqq..
678 1711 740 1762 mihi
759 1724 808 1759 non
829 1719 936 1759 constat.
955 1718 994 1759 est
1018 1712 1120 1775 quidem
1145 1712 1172 1762 iu
1200 1714 1289 1763 eodem
1308 1712 1428 1762 Leidensi

128 1797 213 1846 codice
232 1799 276 1861 qui
294 1800 351 1848 eius
371 1797 428 1847 libri
442 1798 474 1846 de
493 1813 543 1862 quo
555 1799 663 1849 dicimus
678 1807 776 1865 partem
790 1808 945 1866 postremam
957 1799 1068 1848 continet
1079 1796 1213 1850 Clementis
1229 1799 1261 1849 de
1270 1798 1426 1848 barbarismo

128 1885 269 1947 ceterisque
289 1884 359 1934 vitiis
377 1886 572 1934 commentarius
590 1883 649 1933 huic
666 1887 713 1935 arti
729 1887 910 1952 grammaticae
929 1885 1028 1945 similis,
1047 1883 1066 1932 l.
1089 1883 1138 1936 lta
1157 1884 1285 1950 Incipiunt
1294 1901 1379 1949 panca
1395 1886 1428 1935 de

128 1969 285 2021 turbatam
301 1973 407 2021 collecta
420 1971 453 2021 de
468 1974 560 2022 maltis.
598 1971 665 2032 Quid
679 1980 717 2021 est
733 1971 912 2024 barbarismus.
950 1972 1087 2034 Pompeias
1102 1997 1136 2006 -
1153 1973 1213 2036 qaia
1233 1981 1326 2036 postea
1348 1973 1428 2022 Troia

128 2064 204 2121 capta
211 2055 270 2116 sirit.
303 2058 499 2121 finiteapositio
510 2058 648 2110 clarentis.
686 2058 729 2120 qai
748 2059 943 2108 commentarius
962 2056 1017 2123 ipse'
1037 2073 1138 2122 quoque
1158 2059 1285 2124 excerptis
1310 2059 1427 2120 antiquo-

130 2158 184 2191 rum
203 2144 437 2208 grammaticormm
457 2143 579 2193 Victorini
597 2144 688 2193 Donati
707 2143 822 2208 Eutychii
842 2144 969 2195 consentit
988 2143 1102 2210 Pompeii
1120 2144 1266 2208 Hieronymi
1278 2142 1369 2192 isidori
1382 2141 1428 2192 Se·

130 2229 193 2294 regii
212 2228 362 2278 Maximiani
390 2228 460 2294 (nam
485 2229 626 2280 Cominiaai
646 2243 737 2278 nomeu
758 2244 807 2278 aon
833 2229 942 2291 inveni),
962 2231 1110 2295 conpositus
1130 2239 1176 2280 est.
1214 2229 1280 2277 idem
1299 2243 1375 2294 porro
1401 2229 1426 2277 in

131 2313 344 2364 Sanctamaadiao
359 2316 454 2376 codice,
466 2317 561 2366 omisso
571 2323 654 2364 tamen
668 2315 804 2365 l'lementis
817 2316 927 2373 nomine,
942 2315 1021 2381 priori
1040 2314 1103 2364 libro
1113 2315 1250 2380 pubiectus
1261 2323 1308 2364 est.
1338 2315 1384 2363 sed
1396 2329 1428 2362 ne

131 2417 161 2451 ex
179 2400 220 2452 his
239 2401 343 2465 quidem
362 2411 455 2452 certam
474 2402 507 2451 de
525 2409 627 2450 andare
645 2401 702 2450 libri
721 2401 890 2450 coniecturam
908 2401 965 2466 capi
984 2414 1061 2466 posse
1084 2401 1123 2450 vel
1142 2401 1202 2450 inde
1221 2401 1335 2470 adparet,
1350 2400 1427 2463 quod,

133 2505 187 2538 cum
204 2505 239 2538 ex
254 2488 366 2538 dirersis
384 2487 512 2536 codicibus
526 2487 619 2552 petitae
638 2486 690 2535 sint
708 2486 840 2536 Leidensis
858 2484 952 2535 codicis
970 2485 1141 2547 membranae,
1160 2487 1193 2535 ad
1218 2486 1296 2535 alium
1315 2485 1426 2534 codicem

133 2576 191 2625 olim
208 2574 348 2626 Clementis
366 2572 570 2630 commentarius,
588 2571 620 2621 ad
640 2572 717 2622 alium
736 2589 778 2622 ars
796 2573 960 2638 grammatica
979 2570 1010 2620 de
1029 2584 1080 2632 qua
1090 2571 1199 2620 dicimus
1213 2570 1364 2636 pertinebat.
1383 2571 1429 2619 dc·

133 2665 208 2727 nique
226 2664 252 2714 ia
272 2662 320 2712 hac
339 2659 487 2724 quaestione
505 2658 536 2706 de
555 2657 683 2707 Clemente
700 2659 865 2722 grammatico
880 2671 930 2707 aon
950 2654 1104 2707 omittendus
1117 2663 1155 2704 est
1174 2654 1371 2721 Bambergensis
1386 2671 1428 2704 co-

133 2750 181 2798 dex
198 2747 299 2814 saeculo
318 2746 418 2796 decimo
435 2745 553 2810 scriptus,
572 2743 604 2793 de
623 2758 673 2807 quo
691 2743 755 2793 dixit
773 2744 888 2794 laecltius
905 2745 929 2793 in
946 2742 1115 2807 descriptione
1127 2740 1295 2792 bibliothecae
1308 2739 1428 2790 Bambcr-

134 2836 220 2901 gensis
239 2834 249 2882 1
266 2849 293 2898 p.
313 2833 357 2884 57.
379 2846 409 2881 eo
428 2830 492 2880 caim
512 2831 654 2880 continetur
671 2830 806 2881 Clementis
825 2831 888 2881 liber
906 2831 937 2881 ab
956 2831 1006 2881 illis
1026 2829 1128 2892 quidem
1153 2827 1280 2892 excerptis
1305 2841 1370 2890 quae
1395 2825 1428 2875 ad

133 2922 274 2972 Charisinm
291 2919 420 2985 pertinent
436 2917 562 2975 diversus,
582 2916 627 2966 sed
646 2923 759 2965 extrema
777 2914 858 2981 parte,
878 2930 943 2980 quae
962 2923 1000 2964 est
1015 2916 1047 2964 de
1067 2915 1223 2965 barbarismo
1236 2914 1377 2976 ceterisque
1390 2912 1427 2959 vi-

133 3011 173 3059 tiis
184 3007 321 3064 sermonis,
341 3019 399 3054 eum
416 3003 596 3053 commentario
616 3002 657 3052 illo
677 3003 748 3051 citius
766 3002 920 3052 mentionem
939 3000 1046 3050 iacimus
1063 3001 1235 3060 consentiens,
1262 2999 1281 3048 i.
1303 3002 1313 3050 l
1340 3001 1372 3051 Ia
1389 3003 1432 3051 dei

133 3099 228 3145 miae
241 3108 328 3158 pauca
344 3093 466 3154 incipiant
481 3090 514 3140 de
530 3089 692 3154 philosophia
710 3098 734 3139 et
747 3089 866 3152 partibas
885 3090 938 3139 eins
957 3115 981 3123 -
1006 3084 1025 3139 i.
1045 3084 1080 3135 70
1099 3086 1178 3137 Troia
1193 3095 1269 3150 capta
1286 3087 1347 3150 suit.
1363 3089 1430 3150 finit.

134 3184 221 3248 paucis
237 3182 270 3232 de
284 3175 448 3245 philosophia
465 3176 547 3239 deque
566 3175 656 3224 artium
675 3190 769 3241 genere
794 3175 896 3225 diverso
918 3172 1067 3240 praemissis
1093 3172 1191 3236 reliqua
1214 3173 1239 3222 in
1264 3174 1429 3239 grammatica

134 3267 286 3335 exponenda
305 3270 439 3314 versantur
477 3262 501 3310 ei
519 3269 602 3311 autem
621 3260 684 3309 libro
706 3260 811 3310 subiecti
830 3269 890 3310 sunt
907 3276 997 3313 versus
1015 3260 1050 3322 hi,
1068 3262 1161 3325 quibus
1180 3276 1271 3311 nomeu
1283 3276 1356 3311 suum
1369 3274 1429 3308 auc-

135 3367 171 3405 tor
186 3354 329 3421 profitetur,
755 3396 776 3432 ,ι

340 3449 424 3501 pauca
443 3431 495 3490 tibi,
512 3430 618 3491 Caesar,
635 3431 667 3482 de
685 3433 776 3490 maltis,
795 3449 883 3498 raapne
900 3433 1030 3492 Htoamrt,

413 3522 468 3570 iare
482 3526 539 3568 taus
559 3517 670 3567 Glaaens
684 3531 762 3580 saepe
779 3521 886 3583 lepeada
903 3520 972 3577 dedi,

343 3613 431 3657 celera
447 3620 495 3669 pao
510 3605 598 3654 valcas
609 3619 661 3666 per
673 3611 698 3652 te
710 3612 848 3666 penetrare
865 3604 970 3668 sophiae

412 3693 478 3740 calte
492 3693 557 3739 relat
569 3697 679 3740 veterano
696 3692 762 3740 scita
777 3690 908 3754 masnada
924 3693 1011 3741 simma.

343 3793 449 3844 aaatqae
463 3780 539 3840 prius
552 3778 629 3840 pueri
641 3784 780 3839 pascantur
800 3776 832 3827 ab
849 3778 927 3829 abere
944 3787 1050 3829 matrina

414 3865 486 3913 lactis
504 3870 528 3913 et
543 3863 636 3927 imipai
648 3864 757 3912 naturis
771 3863 861 3914 tutata
877 3872 982 3928 petunt·

341 3953 390 4002 sed
407 3967 460 4001 etan
473 3951 525 4000 vita
542 3949 791 4014 solempnitatem
810 3949 919 4000 memora
938 3951 1072 4015 aipeacaat,

413 4045 470 4087 tanc
487 4036 583 4087 solidas
596 4037 679 4086 solida
693 4037 784 4086 educat
801 4050 859 4085 esca
874 4038 951 4086 viros.

343 4127 382 4176 sic
397 4132 453 4174 trata
470 4124 576 4174 exitatus
589 4129 690 4172 crescas
704 4122 761 4171 droa
776 4137 864 4173 sensas
885 4131 909 4171 et
924 4130 1006 4181 aetas,

415 4209 533 4273 dopmata
551 4207 702 4258 dt'stridaam
716 4216 775 4259 tunc
787 4209 891 4272 potiora
906 4206 959 4257 tibi.

342 4299 383 4346 his
402 4304 483 4349 tanea
497 4295 536 4344 aa
554 4294 678 4358 prodibat
689 4297 819 4358 paulatim,
837 4295 942 4351 Caeam,
957 4295 1061 4345 inarmis

416 4382 522 4431 casana
534 4382 668 4431 doetrinae
681 4383 805 4431 scandere
822 4396 915 4431 struma
934 4386 1016 4444 poles.

344 4469 439 4519 indolis
454 4475 479 4516 at
495 4476 601 4530 stirpavit
616 4470 729 4516 carnalis
741 4467 860 4531 pondera
877 4474 994 4530 quantam

417 4561 505 4616 carpat
520 4561 544 4601 et
558 4555 679 4617 inperitam
696 4557 782 4604 ments
802 4554 828 4602 ia
843 4566 904 4601 arce
918 4560 992 4601 tama

344 4656 397 4691 non
415 4639 503 4687 etenim
521 4639 577 4688 ndis
591 4640 676 4688 statim
690 4638 744 4700 sert
758 4637 853 4700 fronde
871 4636 1001 4702 corymbos

416 4738 462 4772 nec
477 4723 565 4771 latices
577 4725 683 4787 piapaes
694 4722 780 4786 suadit
794 4725 861 4773 oliva
877 4739 944 4781 atos,

342 4811 395 4864 sed
408 4812 482 4875 prius
495 4810 598 4872 iapipant
613 4811 715 4860 radices
731 4818 806 4875 atque
822 4809 880 4858 inde
895 4811 1028 4860 virescant,

419 4895 525 4960 positu
540 4895 597 4947 diat·
610 4896 734 4956 redoleat,
748 4903 808 4962 poet
821 4909 869 4944 aaa
883 4891 935 4942 liba
944 4889 1040 4953 [mm.
