3114 5356
592 326 799 403 PutEFaTlO
1297 361 1344 403 ιιιι

40 525 99 589 dae
125 525 251 611 pagina
278 522 602 610 prior.respoudent·
624 526 666 588 iis
687 545 770 610 quae
799 546 842 587 ex
863 522 972 586 indice
1000 521 1215 608 capitulorum
1246 546 1344 612 supra

44 626 291 712 adscripsimus.
337 624 394 688 sed
416 624 502 712 quod
528 626 562 689 in
584 627 699 712 quinto
722 625 805 690 libro
828 649 862 688 se
883 625 1066 690 instituisse
1088 625 1167 689 dicit
1189 625 1343 691 librarius

47 728 86 790 iis
111 749 196 813 quae
226 728 334 814 capiti
364 726 405 790 de
434 726 642 791 idiomatibus
671 726 843 791 verborum
872 727 1081 812 subscripsit,
1110 737 1147 791 ut
1171 728 1344 793 utilitatem

47 831 148 915 potius
169 851 301 911 rerum,
332 851 429 916 quam
451 827 577 891 scilicet
599 829 668 913 ipse
692 827 761 892 fore
784 827 1010 909 existimabat,
1040 848 1137 912 quam
1165 828 1262 892 fidem
1291 831 1345 895 de-

49 931 210 995 scribendi
227 940 363 995 secutus
384 952 405 993 u
425 931 535 1014 prisco
557 928 737 1016 exemplari
759 929 943 1011 recederet,
966 928 1052 993 idem
1074 931 1108 992 in
1128 939 1243 1016 quarto
1262 931 1345 996 libro

51 1031 166 1095 lactum
188 1054 265 1096 esse
287 1031 431 1096 videtur.
476 1052 551 1093 nam
574 1031 645 1094 sive
666 1029 775 1094 omnia
797 1052 880 1115 quae
901 1032 935 1093 in
964 1051 1002 1094 eo
1025 1028 1108 1095 libro
1130 1029 1170 1093 de
1193 1033 1345 1097 versibus

51 1145 80 1195 et
98 1134 211 1197 metris
235 1155 256 1196 a
279 1133 431 1198 Charisia
457 1132 623 1217 disputata
644 1141 737 1195 erant
756 1132 965 1217 transcripsit
993 1132 1064 1195 sive
1092 1132 1252 1217 quaedam
1279 1143 1344 1196 tam
1407 1170 1412 1179 ·

53 1255 143 1320 quam
161 1234 272 1298 minus
293 1234 482 1297 necessaria
498 1232 545 1296 ibi
568 1253 697 1317 quoque
715 1234 950 1319 praetermisit,
972 1234 1006 1295 in
1026 1232 1091 1297 fine
1106 1232 1182 1296 libri
1198 1232 1345 1298 libellum

54 1335 153 1398 Servii
176 1335 388 1421 grammatici
410 1335 449 1398 de
473 1341 602 1398 centum
628 1335 757 1416 metris,
776 1335 833 1421 qui
857 1335 930 1397 usui
953 1333 1148 1397 discentium
1169 1334 1204 1398 in
1231 1335 1345 1422 primis
1374 1352 1380 1362 ⁴

55 1436 318 1501 adcommodatus
344 1445 428 1518 erat,
458 1434 595 1499 addidit.
640 1436 777 1521 nequis
806 1437 892 1499 enim
921 1435 955 1499 id
975 1435 1017 1499 ab
1040 1437 1111 1520 ipso
1133 1437 1346 1521 grammatico

56 1539 95 1599 ita
115 1538 306 1601 institutum
330 1559 402 1601 esse
422 1535 601 1618 existimet,
621 1534 726 1600 multa
750 1536 882 1623 quidem
900 1535 1070 1600 Charisius
1085 1537 1128 1601 ab
1147 1536 1221 1602 aliis
1240 1560 1346 1624 gram-

56 1639 179 1701 maticis
202 1639 307 1724 petita
325 1639 361 1703 iu
380 1660 456 1703 suos
471 1637 573 1704 libros
597 1639 737 1725 recepit3
765 1637 873 1702 Servii
894 1647 1003 1701 tamen
1024 1636 1160 1720 librum,
1185 1639 1220 1701 ni
1239 1638 1346 1721 fallor,

56 1761 110 1804 nec
131 1740 409 1827 potuit-recipere
432 1763 492 1805 nec
515 1741 679 1826 integrum
686 1791 695 1823 ,
718 1744 765 1804 ita
786 1750 823 1804 ut
843 1740 878 1803 in
893 1737 1004 1803 codice
1028 1738 1150 1821 factum
1173 1748 1237 1821 est,
1260 1762 1347 1804 rece-

56 1843 163 1924 pisset.
201 1841 277 1904 liuic
295 1839 450 1906 librarius
467 1841 673 1906 subiecturus
689 1850 758 1905 erat
769 1842 916 1926 quintum
933 1839 1075 1904 Charisii
1090 1839 1219 1904 librum.
1254 1841 1348 1904 cuius

56 1964 123 2006 cum
144 1953 272 2030 partem
293 1942 452 2027 priorem,
480 1964 562 2029 quae
584 1952 634 2005 est
655 1941 696 2006 de
719 1941 927 2007 idiomatibus
947 1941 1139 2024 vorborum,
1167 1943 1201 2005 in
1220 1940 1348 2005 duabus

56 2047 183 2130 paginis
207 2065 292 2132 quae
322 2042 542 2129 sequebantur
564 2045 841 2131 transcripsisset,
868 2041 1003 2130 reliquis
1029 2046 1122 2131 quasi
1145 2065 1211 2107 non
1237 2063 1348 2106 neces-

57 2149 163 2230 sariis,
184 2156 222 2210 ut
244 2147 308 2228 ait,
331 2144 460 2209 omissis
482 2148 623 2232 primum
644 2144 775 2233 quidem
802 2143 900 2208 finem
929 2145 1094 2210 scribendi
1116 2145 1237 2209 fecisse
1258 2143 1349 2208 vide·

57 2255 119 2331 tur,
144 2250 173 2311 si
190 2245 325 2334 quidem
342 2268 425 2332 quae
446 2247 595 2332 proxime
616 2250 769 2330 secuntur
790 2247 823 2309 in
843 2247 908 2309 ista
921 2245 1132 2310 adnotatione
1147 2267 1213 2310 non
1235 2243 1349 2309 eodem

59 2361 198 2435 tempore
220 2347 346 2435 scripta
368 2369 440 2412 esse
457 2347 629 2431 videntur3
660 2332 779 2411 deinde
801 2371 879 2412 vero
909 2349 942 2410 in
971 2348 1104 2433 quintae
1131 2344 1273 2409 schedae
1295 2367 1349 2432 pa-

59 2451 130 2530 giua
151 2448 260 2513 altera
281 2456 315 2511 et
337 2448 371 2512 in
394 2457 488 2512 sexta
506 2448 627 2513 scheda
646 2448 741 2534 plura
765 2446 806 2511 de
827 2445 1019 2510 differentiis
1040 2445 1214 2510 verborum
1240 2457 1273 2510 et
1293 2468 1350 2511 no-

60 2557 174 2615 minum
203 2551 347 2635 scripsit.
398 2559 494 2636 atque
521 2549 637 2614 dehis
667 2549 798 2637 quidem
826 2547 924 2612 video
952 2546 1094 2631 dubitari
1119 2570 1215 2634 posse
1242 2558 1350 2613 utrum

61 2651 261 2734 aCharisio,
290 2651 347 2737 qui
376 2652 409 2713 iu
437 2652 501 2716 fine
525 2653 674 2716 universi
701 2651 828 2735 operis,
856 2649 884 2712 si
907 2650 1003 2716 modo
1024 2649 1106 2714 fides
1129 2648 1280 2715 habenda
1301 2660 1352 2715 est

61 2751 153 2816 indici
175 2750 363 2834 titulorum,
392 2775 432 2817 ea
460 2754 500 2816 de
526 2775 562 2817 re
582 2749 735 2832 dixerat,
764 2773 806 2814 an
834 2751 876 2815 ab
904 2753 969 2817 alio
997 2753 1255 2842 auctorepetita
1274 2753 1350 2817 siut.

62 2875 255 2940 quamquam
275 2853 317 2917 ab
334 2853 391 2918 illo
406 2853 553 2940 quidem,
572 2876 657 2941 quae
676 2862 726 2918 est
744 2853 1014 2918 eiusdisserendi
1034 2855 1131 2938 ratio,
1153 2854 1250 2919 aliam
1274 2874 1353 2918 sane

61 2977 192 3044 eamque
210 2955 379 3042 aliquanto
395 2955 572 3021 doctiorem
587 2956 841 3041 disputationem
859 2956 899 3020 dc
920 2956 978 3019 tali
993 2966 1186 3040 argumento
1201 2965 1352 3044 expecta·

62 3053 181 3121 bamus.
228 3079 295 3122 nou
318 3057 423 3141 magis
450 3064 578 3119 constat
606 3057 684 3142 quid
711 3058 745 3122 in
770 3057 896 3123 duabus
917 3057 1047 3122 schedis
1069 3080 1153 3145 quae
1173 3068 1248 3146 post
1273 3058 1353 3121 haec

61 3159 225 3240 perierunt
247 3160 401 3245 scriptum
425 3157 535 3222 fuerit.
580 3157 638 3221 sed
664 3180 747 3243 quae
775 3160 808 3224 in
829 3160 943 3225 ultimo
965 3162 1227 3226 membranarum
1256 3161 1354 3224 fasci·

61 3257 129 3322 culo
156 3260 283 3344 scripta
311 3267 387 3323 sunt
417 3280 456 3321 ea
483 3280 549 3323 non
567 3257 721 3323 ridentur
748 3263 881 3325 omnino
911 3262 1102 3326 aCharisio
1134 3261 1242 3327 aliena
1269 3284 1352 3326 esse.

61 3381 122 3445 qua
143 3357 186 3423 de
205 3381 242 3423 re
266 3362 403 3442 certius,
431 3360 561 3447 opinor,
589 3359 729 3424 iudicari
752 3372 895 3450 poterat,
923 3365 989 3427 uisi
1018 3364 1119 3429 index
1140 3362 1305 3428 titulorum
1326 3364 1354 3426 is

61 3460 185 3547 dequo
209 3462 341 3546 saepius
360 3460 518 3535 diximus,
541 3482 637 3546 quem
660 3462 776 3527 ducem
799 3463 833 3525 in
856 3464 916 3528 hoc
939 3487 1059 3549 genere
1081 3466 1174 3552 sequi
1190 3488 1251 3552 par
1274 3475 1354 3546 erat,

61 3563 93 3626 in
113 3562 274 3626 extremis
293 3561 404 3626 verbis
424 3570 480 3624 aut
499 3563 606 3625 minus
624 3561 800 3646 diligenter
831 3567 1047 3653 transcriptus
1074 3579 1132 3630 aut
1150 3566 1354 3631 membrana-

60 3686 129 3727 rum
150 3666 279 3728 iactura
299 3670 469 3726 truncatus
491 3673 586 3728 esset.
631 3684 706 3727 nam
724 3664 828 3749 quinti
851 3676 938 3730 certe
959 3665 1033 3732 libri
1056 3669 1183 3731 initium
1201 3689 1357 3753 perverse

60 3764 100 3828 ab
118 3764 303 3828 editoribus
325 3763 504 3827 indicatum
526 3785 658 3851 prorsus
675 3766 831 3829 omissum
847 3777 907 3831 est.
953 3790 1017 3856 quo
1030 3768 1068 3833 fit
1086 3776 1123 3833 ut
1143 3791 1239 3855 quam
1258 3767 1355 3832 fidem

61 3863 205 3930 babeant
225 3863 331 3929 ultimi
354 3864 443 3929 tituli
463 3866 528 3930 iam
550 3889 615 3932 uon
638 3867 718 3931 satis
741 3865 960 3953 intellegatur.
1005 3869 1087 3935 illud
1107 3879 1250 3953 constat,
1273 3870 1356 3933 idio-

61 3976 147 4038 mata
178 3968 382 4032 nominativa
413 3966 464 4030 vel
492 3971 601 4054 potius
634 3969 801 4032 nominum
827 3990 910 4054 quae
935 3995 993 4058 per
1012 3961 1141 4058 genera
1168 3973 1355 4053 efferuntur,

61 4090 144 4154 quae
164 4077 241 4156 post
262 4089 446 4154 synonyma
466 4070 635 4134 Ciceronis
657 4071 764 4156 posita
784 4071 819 4132 in
840 4071 962 4136 scheda
984 4074 1024 4137 32
1050 4097 1121 4161 sqq.
1151 4097 1249 4162 supra
1271 4073 1355 4138 indi·

60 4171 224 4252 carimus,
248 4167 329 4234 haec
351 4171 425 4255 ipsa
446 4171 603 4234 idiomata
625 4192 805 4256 essequae
825 4173 861 4236 in
882 4175 996 4259 quinto
1019 4174 1103 4240 libro
1124 4176 1356 4262 praetermissa

61 4269 123 4336 alio
148 4271 219 4336 loco
247 4294 267 4336 a
296 4294 333 4336 se
357 4274 558 4358 transcripta
584 4294 656 4336 esse
685 4272 815 4337 dixerat
845 4274 1008 4339 librarius.
1053 4279 1183 4342 tametsi
1212 4279 1245 4340 in
1265 4283 1357 4338 tanta

62 4368 184 4438 librarii
199 4372 351 4455 licentia,
376 4394 440 4458 qua
461 4375 495 4437 in
517 4373 582 4438 fine
601 4375 707 4459 operis
727 4397 806 4438 usus
826 4385 892 4459 est,
916 4398 957 4440 ne
973 4377 1054 4442 haec
1073 4379 1204 4466 quidem
1227 4379 1356 4462 integra

63 4493 102 4536 ex
125 4473 263 4542 Charisii
289 4475 381 4541 libro
403 4477 601 4562 transcripta
623 4477 754 4541 sedvel
776 4487 933 4564 excerpta
952 4477 1004 4542 vol
1024 4502 1096 4545 cum
1119 4478 1236 4542 alienis
1252 4479 1357 4541 mixta

66 4585 157 4664 atque
178 4581 344 4645 inmutata
365 4597 441 4640 esse
460 4579 623 4643 existimo.

141 4680 227 4749 Haec
246 4679 357 4749 habui
382 4698 467 4763 quae
491 4678 531 4743 de
555 4678 837 4765 pristina·codicis
860 4681 966 4747 forma
981 4681 1085 4767 dequo
1101 4679 1257 4744 librorum
1273 4679 1357 4746 Cha·

65 4779 125 4844 risii
144 4786 336 4854 conditione
360 4800 448 4867 quae
469 4801 556 4844 nunc
579 4788 628 4844 est
651 4780 804 4846 dicerem.
838 4804 921 4868 quae
937 4783 1058 4847 idcirco
1073 4782 1207 4846 uberius
1223 4783 1357 4850 luerunt
1415 4849 1417 4853 ,

66 4891 255 4978 exponenda,
286 4894 333 4955 ut
364 4888 499 4969 praeter
527 4881 667 4946 minores
695 4880 826 4968 quidem
855 4882 1066 4967 plurimarum
1094 4885 1355 4952 membranarum
