3114 5348
153 287 212 351 aas
706 288 868 352 enlmsu
929 257 937 266 '

216 402 373 446 .roo.ro1e.
1296 435 1301 448 .
1359 407 1384 451 ι.

148 417 244 556 inqllit
267 474 378 536 Plinius
402 475 534 554 ‘poscat,
554 483 585 537 ut
609 475 722 537 moenia
744 475 914 549 moenibus,
934 475 981 537 ilia
1002 477 1106 553 ilibus,
1121 475 1135 552 ΙΙ
1151 478 1254 540 Parilia
1278 408 1435 542 l’alllibus.

149 599 182 640 ea
210 579 287 640 enim
315 576 432 639 nomina
459 595 528 655 quae
554 579 563 638 i
591 586 657 639 ante
689 597 705 638 a
734 577 856 652 babent,
886 585 918 638 nt
943 580 1066 655 cetaria,
1095 580 1123 641 in
1151 580 1206 642 hus
1235 600 1361 643 necesse
1389 591 1436 643 est

148 682 303 744 desinaut’.

232 783 339 845 Clavim
360 781 504 858 Tibullus,

309 885 396 945 hinc
418 884 547 946 clavim
566 883 674 944 ianua
696 882 827 944 sensit.
1159 946 1162 951 ,
1454 906 1468 948 5

146 986 325 1066 strigilim
356 1004 469 1065 quoquc
495 985 627 1047 Lucilius.
671 987 761 1046 Varro
786 985 822 1045 de
848 986 991 1065 mennatis
1013 987 1040 1047 ll
1062 985 1209 1061 lentim,
1228 989 1306 1068 quod
1327 1009 1431 1052 eorum

146 1091 294 1154 nominum
323 1089 461 1151 ablativus
485 1087 637 1167 singularis
662 1084 810 1149 iniexit
856 1107 937 1150 avem
961 1097 1058 1151 autem
1081 1096 1111 1149 et
1139 1108 1256 1152 navem:
1288 1093 1439 1170 quoniam·

146 1194 182 1254 ah
204 1192 260 1253 hac
282 1210 333 1251 are
352 1200 380 1252 et
395 1201 472 1253 ‘nave
495 1191 615 1264 laciurlt,
637 1190 818 1251 accusativus
837 1191 917 1270 peri
940 1191 1001 1254 dari
1020 1213 1080 1255 non
1102 1202 1208 1274 potest.

229 1294 381 1371 Diligente.
425 1293 549 1356 ‘Verrius
568 1292 700 1353 Flaccus'
721 1292 816 1371 inquit
837 1293 963 1371 Plinius,
985 1298 1106 1357 ‘eorum
1127 1296 1277 1358 nominum
1295 1316 1371 1376 quae
1393 1318 1429 1359 ns

143 1397 284 1457 liniuntur
310 1414 379 1457 casu
406 1394 577 1456 nominativo
601 1391 743 1456 ablativus
772 1395 801 1454 in
830 1415 845 1455 e
874 1396 1043 1476 dirigendus
1070 1400 1143 1460 est'.
1194 1398 1293 1477 itaquo
1316 1400 1427 1462 Caesar
1441 1421 1466 1463 u

144 1496 332 1577 epistularum
354 1497 389 1557 ad
409 1497 572 1558 Ciceronem
592 1497 750 1576 ‘neque’
772 1497 865 1576 inquit
885 1500 969 1579 ‘pro
987 1508 1095 1562 cauto
1113 1519 1153 1560 ao
1172 1500 1361 1579 diligente
1383 1521 1422 1563 se

143 1601 279 1661 castris
307 1597 521 1661 coutinuit'.
892 1668 896 1676 ,

226 1702 305 1778 boo,
327 1702 382 1763 hos
402 1702 457 1764 duo
475 1701 577 1763 ,iccius
597 1701 628 1762 in
649 1699 910 1782 Epinausimachc‚

306 1803 434 1865 Martes
452 1804 562 1865 armis
584 1803 654 1865 duo
674 1823 901 1883 congressos
924 1804 1116 1878 crederes,

123 1904 294 1967 -l'erentius
314 1905 343 1966 in
364 1905 496 1986 Adelphis
1060 1916 1065 1928 '

305 2016 341 2069 tu
361 2004 448 2067 illos
466 2006 533 2068 duo
554 2005 640 2069 olim
660 2027 726 2089 pro
747 2027 785 2069 re
808 2007 971 2070 tollebas
993 2017 1071 2085 tua;

31 2186 35 2193 Ι
140 2109 189 2171 ubi
210 2108 348 2171 lielenius
365 2111 457 2171 heron
477 2111 542 2190 ‘pro
562 2112 659 2174 duos’.
704 2110 828 2174 duorum
847 2111 1025 2191 Pomponius
1047 2110 1077 2171 in
1098 2109 1198 2171 Macco
1220 2108 1325 2185 hlilite,

968 2231 1048 2274 nam
1071 2210 1214 2272 cibaria

303 2316 414 2377 vicem
434 2314 587 2376 duorum
614 2315 731 2377 solum
752 2333 805 2376 mc
828 2333 998 2376 comesse
1020 2315 1214 2378 condecet.

223 2416 393 2479 Dracontem
419 2418 523 2479 Accius
549 2418 578 2478 in
598 2416 774 2492 Philocteta,
801 2416 879 2495 quod
907 2417 1006 2495 utique
1033 2417 1148 2477 sonita
1176 2414 1352 2478 nominativo
1374 2417 1461 2478 hicao

140 2517 259 2579 dracon.

222 2620 304 2682 homi
326 2640 392 2682 suae
415 2621 500 2681 Varro
520 2620 556 2680 de
573 2638 708 2681 sunnone
731 2621 834 2682 Latino
856 2621 929 2684 libro
951 2621 983 2680 V.
1027 2637 1083 2679 nec
1104 2618 1179 2679 enim
1199 2628 1297 2699 potest
1321 2620 1420 2682 adeer-

137 2720 217 2782 hium
245 2722 300 2783 dici
328 2725 371 2785 cui
399 2741 467 2783 suae
496 2740 655 2802 pronomen
683 2722 774 2784 adest.
826 2724 897 2785 Cato
923 2722 960 2783 de
988 2720 1077 2781 multa
1106 2729 1206 2782 contra
1238 2722 1270 2783 L.
1302 2723 1418 2785 Furium

139 2823 254 2883 ‘dorni
278 2843 374 2886 meae
395 2824 621 2904 saepeluit',
642 2832 736 2885 otest
757 2823 916 2902 genetivus.

224 2925 349 3004 lligiturn
375 2947 427 3008 pro
453 2925 607 3005 digitorum
632 2926 720 2987 Varro
742 2924 778 2985 ad
800 2926 924 2986 Atticum
946 2925 982 2986 do
1004 2925 1060 2986 rita
1079 2925 1110 2986 P.
1131 2926 1163 2986 ll.
1187 2925 1259 3009 libro
1279 2927 1307 2999 l,
1337 2931 1458 2990 ‘ne-as

138 3045 206 3106 quo
234 3028 301 3088 illo
328 3027 517 3104 Callicles,
552 3035 771 3106 qllaternum
803 3025 961 3106 digitum
990 3023 1144 3086 tabellis
1174 3027 1314 3089 nobilis
1342 3049 1418 3091 curn

137 3138 239 3197 essct
262 3132 397 3204 lactus,
420 3139 538 3192 tamen
559 3129 597 3190 in
619 3128 808 3210 pingendo
826 3126 1031 3189 ascendere
1054 3125 1232 3207 potuilad
1251 3131 1420 3211 Etrphra·

136 3233 238 3293 noris
260 3233 521 3295 altitudinem’.

219 3334 362 3412 Damnas,
391 3343 422 3396 ut
443 3335 523 3396 cuias
545 3342 661 3396 nostras
682 3341 711 3394 ot
731 3330 834 3392 cuiatis
852 3332 1006 3403 nostratis,
1031 3350 1067 3392 an
1091 3331 1160 3409 quiid
1180 3352 1246 3394 esse
1267 3332 1420 3396 dicemus?

134 3455 201 3498 narn
225 3445 254 3498 et
271 3437 467 3520 interpretatio
486 3436 548 3499 eires
570 3438 723 3498 damnatus
744 3433 927 3513 participium
951 3435 1027 3495 sanie.
1432 3472 1456 3516 ³,

219 3541 264 3601 Dii
286 3560 339 3622 pro
360 3541 406 3601 dio
429 3559 480 3600 sou
503 3518 559 3600 dibi
579 3539 664 3600 lucan
686 3535 791 3597 Paulus
810 3536 887 3597 euim

296 3642 392 3703 libra
412 3641 474 3702 die
496 3643 688 3721 somnique
711 3659 819 3720 pares
843 3637 901 3699 ubi
924 3637 1058 3700 lecerit
1086 3637 1198 3698 horas

133 3827 164 3876 31
179 3852 199 3862 -
212 3829 245 3879 32
264 3830 290 3878 Ν

269 3949 310 3999 Dii
327 3965 373 4016 pro
390 3949 432 4000 die
448 3907 504 4016 ajone
522 3949 573 3998 diei
592 3949 664 3999 lucan
684 3947 777 4013 patulus
788 3947 890 3999 lllihra
908 3947 949 3997 die
968 3947 1074 4010 somuirp
1093 3961 1165 4012 pares
1183 3946 1226 3995 ubl
1246 3944 1383 3996 boemus

199 4087 232 4139 32
251 4087 339 4138 lecerit
354 4088 437 4143 horas.
457 4096 494 4138 est
512 4109 525 4140 s
542 4096 598 4138 aute
616 4088 648 4136 iis
664 4102 685 4136 ω

132 4181 468 4208 —'—.-.—.....

203 4278 212 4326 l
234 4279 315 4340 iuquit
332 4277 386 4344 plhi
403 4274 429 4341 dt
446 4276 576 4343 poscath
660 4279 677 4328 4
699 4273 833 4342 Tibullus]
853 4276 969 4336 114‚31
1059 4273 1076 4324 6
1097 4270 1225 4339 lucillus]
1244 4275 1280 4339 es.
1300 4272 1366 4325 uela.
1386 4274 1422 4325 lll

131 4346 173 4410 14,
193 4346 227 4397 10
313 4347 346 4398 do
363 4346 522 4413 poematisw
546 4346 724 4414 depoematon
743 4346 770 4395 N
854 4347 1006 4410 *lquoniam
1024 4357 1045 4393 ω
1062 4343 1165 4407 «prud.
1183 4359 1207 4393 e.
1224 4342 1360 4408 quodiam)
1379 4344 1421 4393 N:

126 4416 241 4481 [eume
259 4418 327 4481 quod
343 4418 469 4468 ablativus
484 4442 517 4451 —
536 4416 596 4466 lacit
681 4418 698 4468 8
717 4415 793 4466 lacint
809 4415 835 4466 N
918 4416 951 4466 15
975 4415 999 4463 in
1017 4411 1159 4478 Adelphis]
1179 4414 1201 4463 V
1220 4413 1246 4477 3,
1265 4413 1300 4466 23
1387 4412 1422 4464 17

129 4484 248 4537 llelcnlus
263 4486 358 4554 Acron]
374 4488 409 4555 ef.
427 4485 524 4538 ouans.
541 4501 570 4549 ρ.
588 4485 622 4537 95
708 4488 734 4535 ln
752 4485 938 4546 Mochomilite,
960 4483 1023 4534 Nam
1048 4482 1070 4532 si
1087 4483 1182 4532 cibaria
1196 4498 1218 4532 ω
1305 4481 1341 4535 to
1363 4482 1424 4534 lllo·

468 4557 477 4593 a

129 4606 231 4657 ctetaN
298 4609 332 4660 25
350 4611 398 4659 ua?
411 4609 442 4659 ad
457 4607 550 4657 aticum
570 4607 597 4656 N
679 4608 712 4658 27
731 4607 877 4673 pinguendo
896 4607 925 4657 N
1004 4602 1151 4655 eulrauonis
1168 4602 1194 4652 N
1273 4599 1307 4654 al
1323 4601 1423 4666 luctui,

128 4674 220 4743 vugu.
238 4677 306 4727 enim
321 4693 351 4727 ω.
377 4678 473 4729 Paulus
490 4679 526 4727 ‘io
544 4676 613 4728 Coeli
628 4675 743 4727 historiu’
759 4676 791 4726 de
808 4692 882 4728 omae
907 4676 1017 4741 Vergilio·
1030 4687 1119 4739 georg.
1138 4673 1149 4723 1
1164 4670 1217 4725 208
1232 4672 1369 4737 diepam
1382 4674 1424 4731 in·

129 4744 213 4799 aar
221 4746 333 4805 tidelm
350 4764 494 4816 qumquem
511 4748 544 4799 de
562 4753 684 4811 cornuta
700 4753 776 4812 atque
791 4747 935 4812 inperfecta
951 4744 1045 4796 codicia
1060 4746 1200 4807 empore,
1217 4758 1292 4809 quan
1306 4741 1422 4805 auditui,

128 4814 191 4868 Μ
203 4816 268 4868 cuti
281 4819 361 4868 uatus
374 4825 457 4882 potest
526 4816 560 4869 82
579 4819 615 4869 dit
635 4816 768 4867 roureto·
