3114 5356
586 334 717 397 lustu,
740 333 849 396 GRAM.
872 334 942 395 tte.
964 334 1004 431 lli
1380 333 1439 396 251

219 453 290 496 ,m
304 452 333 495 er
347 451 371 492 r.
1295 481 1300 493 .
1327 451 1354 491 to
1385 481 1391 493 .

152 467 430 608 pluiquamperfecti
452 524 561 583 facturn
584 540 650 584 esse
670 530 700 582 et
722 522 829 594 luisse,
861 521 948 581 futuri
974 519 1103 581 fictitium
1131 540 1196 582 esse
1224 530 1254 583 ct
1277 450 1389 585 luituris
1409 525 1444 584 iri

153 638 183 690 et
207 618 336 689 futurum
366 645 441 687 esse.
485 625 635 705 participia
664 624 797 689 instantis
816 625 903 697 fiens,
932 623 1053 703 perfecti
1074 624 1182 696 factrus,
1205 624 1294 684 futuri
1316 624 1444 686 factiuns

154 737 184 791 ct
207 728 332 790 tiendus.
359 735 405 788 -et
423 747 499 807 qtltte
521 747 556 788 ex
578 748 612 789 eo
635 734 795 788 nascuntur
811 725 914 785 eodem
936 725 1023 786 morio
1050 725 1247 798 declinantur,
1281 728 1444 805 expergefio

155 829 375 912 expergefacit),
404 830 486 891 calfro
509 830 644 903 calfacio,
670 831 758 890 areflo
780 827 921 901 arefacio,
950 826 1078 888 adsuelio
1098 827 1279 901 atlsrtefacio,
1308 847 1444 889 mansue·

129 935 194 996 alio
222 932 436 1003 mansuelaeio,
472 932 589 1011 liquefio
609 931 788 1010 liquefacio,
822 931 925 1008 tepefio
957 928 1116 1009 tepefacio,
1152 931 1259 1008 patelio
1290 929 1443 1009 patefacio,

154 1034 282 1114 stupefio
304 1035 481 1114 stupefacto,
502 1044 531 1095 et
553 1034 634 1112 siqua
657 1032 711 1092 alia
733 1032 914 1093 huiusmodi
936 1030 1128 1091 inveniuntur.

241 1136 314 1197 item
335 1135 421 1197 aliud.
466 1136 573 1197 linitiva
606 1134 740 1195 instantis
771 1132 840 1194 tollo
872 1132 950 1193 tollis
980 1131 1068 1205 tollit,
1108 1133 1261 1212 inperfecti
1293 1131 1442 1206 tollebam,

155 1236 277 1320 perfecti
314 1239 435 1312 sustuli,
475 1235 752 1320 plusquamperfecti
780 1235 969 1305 sustuleram,
1005 1234 1093 1295 loturi
1122 1234 1230 1296 tollam.
1275 1235 1443 1315 imperativa

155 1341 292 1403 instantis
320 1339 403 1411 tolie,
443 1342 524 1419 quasi
555 1337 642 1401 futuri
673 1336 764 1398 tollito
792 1345 832 1398 tu.
877 1337 1000 1417 optativa
1022 1336 1157 1398 instantis
1186 1345 1216 1397 et
1236 1337 1389 1418 inperfecti
1413 1345 1441 1400 ut

117 1463 142 1503 ro
155 1443 304 1516 tollerem,
327 1441 447 1520 perlecti
469 1448 502 1501 nt
524 1439 707 1513 sustulerim,
727 1438 1001 1521 plusquamperfecti
1020 1446 1054 1499 ut
1074 1439 1276 1514 sustulissem,
1300 1440 1388 1501 futuri
1412 1448 1443 1501 ut

154 1543 266 1605 tollam.
305 1542 485 1605 subiunctiva
508 1541 643 1603 instantis
667 1554 733 1601 curu
755 1539 868 1615 tollam,
891 1540 1042 1621 inperfecti
1062 1561 1128 1603 cum
1152 1542 1300 1617 tollerem,
1322 1542 1443 1622 perlecti

154 1665 222 1707 cum
242 1645 427 1719 sustulerim,
464 1642 740 1727 plusquamperfecti
762 1662 828 1704 curn
849 1641 1048 1717 sustulissem,
1086 1645 1173 1706 flaturi
1198 1664 1264 1707 cum
1288 1644 1442 1706 sustulero.

154 1747 295 1811 infinitiva
317 1733 452 1809 insta'ntis
474 1748 593 1822 tollere,
621 1745 767 1827 praeteriti
790 1743 957 1816 sustulisse,
978 1745 1066 1809 futuri
1092 1746 1237 1808 sublatum
1260 1748 1302 1808 ire
1324 1755 1352 1807 et
1375 1745 1444 1807 sub-

154 1851 282 1912 laturum
303 1868 380 1909 esse.
425 1847 575 1929 participia
599 1848 732 1910 instantis
751 1847 799 1907 hic
820 1844 923 1908 tollens
945 1854 973 1904 et
994 1856 1105 1921 cetera,
1134 1849 1221 1910 futuri
1243 1849 1291 1909 lric
1312 1845 1444 1907 sublatu-

113 1972 208 2014 rarus
226 1961 256 2013 et
274 1958 379 2012 cetera.
425 1952 494 2011 item
516 1951 632 2030 passivo
654 1949 750 2011 motio.
794 1948 901 2008 linitiva
921 1948 1056 2010 instantis
1085 1950 1184 2043 tollor,
1213 1949 1364 2030 inperfecti
1388 1947 1442 2007 tol·

154 2055 254 2129 iebar,
277 2053 397 2133 perfec-ti
417 2052 549 2114 sublatus
571 2072 651 2126 sum,
675 2051 948 2133 plusquamperfecti
970 2051 1102 2111 sublatus
1125 2070 1220 2124 erato,
1244 2049 1332 2111 littori
1348 2048 1440 2110 tollar.

153 2157 324 2237 imperativa
345 2155 479 2216 instantis
502 2155 618 2228 tollere,
650 2154 732 2233 quasi
762 2153 850 2214 futuri
878 2151 1008 2214 sublatus
1038 2161 1109 2213 esto.
1154 2154 1280 2233 optativa
1308 2152 1443 2214 instantis

153 2269 184 2320 et
207 2256 361 2338 inperfecti
383 2263 415 2316 ut
436 2256 569 2331 tollerer,
592 2256 711 2337 perlecti
733 2263 764 2316 ut
784 2254 914 2316 sublatus
933 2254 1002 2328 sim,
1024 2255 1299 2336 plusquamperfecti
1323 2262 1355 2316 ut
1373 2253 1443 2315 suiv

154 2360 233 2421 latus
254 2378 366 2432 essem,
405 2359 493 2419 futuri
516 2367 548 2421 ut
571 2359 663 2420 tollar.
708 2357 887 2419 sulriunctiva
908 2356 1043 2417 instantis
1068 2377 1134 2419 curn
1156 2357 1257 2428 tollar,
1291 2355 1443 2435 inperfecti

108 2480 141 2522 eo
155 2479 225 2522 crim
247 2460 380 2526 tollerer,
418 2462 538 2539 perlecti
565 2480 630 2522 curn
657 2460 789 2522 sublatus
811 2460 880 2531 einr,
917 2438 1194 2540 plusquamperfecti
1221 2477 1288 2519 cum
1310 2455 1442 2517 sublatus

153 2580 270 2633 essem,
299 2562 386 2622 futuri
406 2582 472 2624 curn
494 2564 625 2625 surlrlatus
648 2582 707 2624 ero.
751 2562 888 2622 irrftnitiva
910 2561 1045 2622 instantis
1067 2560 1144 2635 tolli,
1177 2560 1324 2641 praeteriti
1344 2559 1442 2619 subla·

153 2676 218 2725 tum
235 2681 318 2736 esse,
338 2664 426 2725 futuri
447 2665 591 2726 sublatum
612 2666 645 2726 iri
671 2663 724 2747 [vel
747 2663 926 2725 sublaturum
945 2660 1034 2745 csse]-
1079 2663 1229 2744 participia
1250 2661 1371 2742 perfecti
1395 2661 1442 2722 lric

152 2764 291 2828 sublatus
314 2772 341 2824 et
364 2774 476 2840 cetera,
500 2767 587 2828 firttrri
608 2766 655 2826 iric
678 2767 824 2828 tollendus
847 2774 875 2828 ct
897 2775 1001 2828 cetera.

241 2867 314 2927 item
336 2866 421 2928 aliud.
468 2868 573 2929 linitiva
596 2869 731 2932 instantis
751 2869 822 2930 ferio
851 2870 920 2930 feris
948 2868 1027 2941 ferit,
1061 2867 1213 2942 feriebam,
1247 2867 1325 2942 lorii,
1360 2866 1444 2928 lerie-

108 2997 138 3037 ιι
155 2989 238 3042 ram,
262 2968 364 3030 ferilro.
402 2969 568 3049 imperativa
589 2971 657 3045 feri;
680 2972 763 3048 qtrasi
785 2973 873 3034 futuri
895 2990 954 3032 non
976 2971 1073 3032 lrahet.
1117 2972 1241 3051 optativa
1264 2980 1296 3032 ut
1317 2970 1442 3043 ferirent,

152 3071 300 3144 ferierim,
322 3070 471 3143 fecissent,
495 3073 603 3133 feriarm.
650 3073 829 3134 sirbiunctiva
852 3092 917 3133 cum
937 3073 1053 3145 feriant,
1076 3073 1209 3148 ferirem,
1237 3072 1378 3145 ferierirn,
1401 3073 1444 3130 le-

150 3176 278 3243 rissern,
300 3172 413 3233 fenero.
452 3172 590 3234 infinitiva
613 3175 714 3247 ferire,
736 3174 854 3247 serisso,
877 3154 992 3233 leritruu
1014 3174 1064 3235 ire.
1098 3173 1249 3256 participia
1270 3174 1317 3234 lric
1337 3173 1444 3234 feriens
1464 3156 1469 3164 ’

152 3285 187 3338 et
207 3286 318 3349 cetera,
357 3275 404 3335 hic
427 3276 563 3336 feriturus
586 3285 614 3338 et
634 3286 739 3337 cetera.
784 3276 853 3336 item
882 3275 997 3353 passivo
1031 3274 1126 3334 motio.
1171 3276 1280 3337 linitiva
1306 3274 1442 3335 instantis

151 3380 246 3442 ferior
266 3377 360 3438 feriris
383 3377 498 3448 feritur,
523 3378 660 3451 feriebar,
686 3380 761 3439 ictus
783 3396 863 3449 sum,
892 3376 967 3437 ictus
989 3394 1085 3448 eram,
1114 3377 1231 3438 senivor.
1275 3377 1442 3456 imperativa

107 3509 135 3549 η
151 3481 292 3543 instantis
317 3478 418 3552 ferire3
454 3479 536 3556 epitasi
564 3480 650 3540 futuri
682 3480 863 3541 nonhabet.
907 3477 1031 3558 optativa
1064 3487 1096 3538 ut
1126 3479 1245 3552 ferirer,
1274 3478 1349 3538 ictus
1377 3478 1442 3549 situ,

151 3585 232 3645 ictus
254 3601 366 3654 essem,
391 3580 483 3640 feriar.
529 3581 708 3642 subiunctiva
728 3599 793 3641 cum
813 3581 916 3653 feriar,
943 3581 1018 3641 ictus
1037 3580 1106 3653 sim,
1130 3580 1206 3641 ictus
1227 3598 1339 3652 essem,
1362 3579 1443 3639 ictus

151 3703 216 3746 ero.
260 3683 399 3744 infinitiva
423 3684 515 3756 feriri,
543 3684 632 3744 ictum
655 3702 736 3755 esse,
768 3681 858 3742 ictum
876 3680 919 3741 iri.
964 3682 1115 3764 participia
1138 3682 1185 3742 lric
1207 3682 1297 3751 ictus,
1331 3678 1380 3740 lric
1402 3680 1444 3738 fc·

151 3786 285 3848 rientlus.

241 3887 314 3947 lteru
338 3887 424 3948 aliud.
470 3888 576 3948 linitiva
603 3887 737 3948 instantis
761 3894 838 3947 nreto
866 3885 952 3946 metis
981 3886 1064 3947 ruetit
1091 3886 1226 3947 metimus
1253 3883 1361 3945 metitis
1383 3902 1444 3943 rue·

107 4018 138 4057 as
154 3997 237 4063 tuut,
267 3989 425 4061 metebant,
449 4009 574 4052 nressenr
596 3990 666 4063 leci,
694 4007 820 4050 irressem
844 3990 1122 4063 tccorannoun.
1166 3987 1334 4068 imperativa
1357 3993 1445 4077 mete²

153 4091 239 4172 quasi
263 4092 351 4151 futuri
374 4092 474 4152 rnetito
496 4102 536 4153 tu.
560 4087 573 4176 ΙΙ
600 4090 724 4173 optativa
746 4090 854 4154 utiuanr
876 4096 1041 4165 meterem,
1063 4108 1190 4151 messem
1212 4089 1344 4164 fecerim,
1368 4107 1445 4148 mes·

227 4331 238 4380 1
260 4316 300 4380 tui
317 4331 427 4380 tiendum
444 4346 500 4380 esse
519 4339 543 4381 et
562 4331 615 4380 fieri
634 4340 657 4379 et
676 4331 788 4380 futurum
807 4329 862 4380 lieri
887 4331 918 4379 iri
940 4330 1004 4395 parti
1022 4321 1084 4378 liciis
1106 4320 1218 4378 ficturus
1242 4327 1324 4377 factus
1346 4318 1445 4376 lieirdus

153 4402 237 4450 deleto
248 4418 273 4451 o.
287 4400 342 4449 lieri
353 4402 464 4450 secundo
482 4403 535 4451 loco
546 4401 584 4450 N:
601 4401 753 4450 ratliuuctr'ea
771 4408 795 4449 et
810 4402 930 4464 infinitiva
948 4408 974 4449 et
988 4400 1128 4464 participio
1142 4401 1234 4448 omisca
1248 4404 1306 4447 suat
1322 4398 1346 4445 in
1359 4397 1390 4448 Ι).
1408 4397 1443 4454 cs.

157 4473 236 4524 nvom.
244 4489 274 4535 p.
284 4470 343 4522 352.
354 4471 404 4522 377
475 4470 491 4522 3
504 4487 536 4521 cx
549 4486 579 4521 eo
591 4471 654 4520 Pex
667 4471 698 4518 llo
708 4469 734 4517 Ν
802 4472 818 4520 5
837 4471 929 4537 tepefio
951 4470 1075 4535 tepefacto
1092 4468 1183 4533 patesso
1200 4467 1326 4532 patefacio
1344 4481 1390 4519 om.
1409 4465 1441 4525 u,

155 4559 219 4609 add.
238 4559 262 4607 P
335 4558 367 4606 21
386 4557 454 4606 inssui
471 4558 567 4606 instans
586 4557 640 4605 tulli
659 4541 700 4606 tui
714 4554 841 4606 sublatum
866 4559 912 4606 eri,
930 4556 1066 4621 Participia
1083 4555 1167 4604 instari
1184 4561 1210 4602 ut
1230 4553 1271 4602 irie
1289 4553 1404 4603 sublatus
1421 4562 1446 4602 et

155 4657 203 4694 cet.
223 4645 268 4694 fut.
288 4654 315 4694 nt
333 4643 375 4692 hic
391 4642 519 4693 tollendus
535 4651 558 4691 ct
577 4651 623 4692 cet.
644 4644 668 4692 P
692 4643 774 4692 iuliuit
796 4642 850 4694 tolli
874 4644 1002 4693 subletum
1028 4657 1083 4692 esse
1101 4640 1228 4691 sublatum
1247 4641 1279 4690 iri
1298 4641 1314 4688 ιί
1332 4637 1445 4690 sublatu-

158 4729 212 4763 rum
231 4731 286 4764 esse
307 4715 380 4775 (odd.
399 4717 423 4762 in
439 4730 517 4778 morp.
537 4713 673 4778 participia
691 4713 806 4763 sublatus
823 4712 963 4769 tollendus)
981 4713 1008 4762 N
1074 4713 1107 4761 24
1124 4711 1247 4760 feriebant
1264 4709 1357 4760 feriiP
1371 4709 1446 4759 feric-

158 4784 215 4834 barn
233 4784 318 4833 feriit
385 4785 418 4832 25
435 4794 462 4833 ut
481 4784 581 4834 l'crirem
599 4782 694 4833 feririm
712 4782 873 4833 feriissemP
941 4783 975 4835 26
996 4797 1052 4832 cum
1072 4781 1173 4831 ferirem
1191 4781 1370 4830 eumlermem
1388 4795 1444 4830 cum

157 4854 347 4903 levissem·cum
366 4851 428 4901 ferio
447 4854 471 4901 P
538 4854 571 4904 ‘28
589 4862 612 4902 et
632 4862 715 4903 cetera
733 4853 774 4903 iric
791 4852 908 4902 tenturus
927 4861 951 4901 ct
969 4861 1051 4903 cetera
1069 4868 1115 4903 om.
1135 4852 1168 4912 Ν,
1187 4850 1248 4901 add.
1267 4850 1292 4900 P
