<?xml version="1.0" encoding="UTF-8"?>
<!DOCTYPE html PUBLIC "-//W3C//DTD XHTML 1.0 Transitional//EN"
    "http://www.w3.org/TR/xhtml1/DTD/xhtml1-transitional.dtd">
<html xmlns="http://www.w3.org/1999/xhtml" xml:lang="en" lang="en">
 <head>
  <title>
</title>
<meta http-equiv="Content-Type" content="text/html;charset=utf-8" />
  <meta name='ocr-system' content='tesseract 3.04.00' />
  <meta name='ocr-capabilities' content='ocr_page ocr_carea ocr_par ocr_line ocrx_word'/>
</head>
<body>
  <div class='ocr_page' id='page_1' title='image "./grammaticilatin02keilgoog_0027.png"; bbox 0 0 3114 5356; ppageno 0'>
   <div class='ocr_carea' id='block_1_1' title="bbox 137 305 887 371">
    <p class='ocr_par' dir='ltr' id='par_1_1' title="bbox 137 305 887 371">
     <span class='ocr_line' id='line_1_1' title="bbox 137 305 887 371; baseline -0.005 -1"><span class='ocrx_word' id='word_1_1' title='bbox 137 329 203 371; x_wconf 83' lang='lat' dir='ltr'><strong>run</strong></span> <span class='ocrx_word' id='word_1_2' title='bbox 677 305 887 368; x_wconf 68' lang='lat' dir='ltr'><strong>casanillo</strong></span> 
     </span>
    </p>
   </div>
   <div class='ocr_carea' id='block_1_2' title="bbox 139 484 1424 1372">
    <p class='ocr_par' dir='ltr' id='par_1_2' title="bbox 139 484 1424 1372">
     <span class='ocr_line' id='line_1_2' title="bbox 139 484 1424 574; baseline -0.009 -15"><span class='ocrx_word' id='word_1_3' title='bbox 139 502 271 572; x_wconf 88' lang='lat' dir='ltr'><strong>octavo,</strong></span> <span class='ocrx_word' id='word_1_4' title='bbox 304 498 342 554; x_wconf 93' lang='lat' dir='ltr'><strong>nt</strong></span> <span class='ocrx_word' id='word_1_5' title='bbox 366 488 433 553; x_wconf 88' lang='lat' dir='ltr'><strong>illis</strong></span> <span class='ocrx_word' id='word_1_6' title='bbox 461 488 569 553; x_wconf 86' lang='lat' dir='ltr'><strong>visum</strong></span> <span class='ocrx_word' id='word_1_7' title='bbox 596 495 660 570; x_wconf 87' lang='lat' dir='ltr'><strong>est,</strong></span> <span class='ocrx_word' id='word_1_8' title='bbox 690 489 812 574; x_wconf 89' lang='lat' dir='ltr'><strong>scripto</strong></span> <span class='ocrx_word' id='word_1_9' title='bbox 840 484 988 550; x_wconf 89' lang='lat' dir='ltr'><strong>exhibita</strong></span> <span class='ocrx_word' id='word_1_10' title='bbox 1017 495 1108 568; x_wconf 89' lang='lat' dir='ltr'><strong>sunt,</strong></span> <span class='ocrx_word' id='word_1_11' title='bbox 1143 487 1230 573; x_wconf 92' lang='lat' dir='ltr'><strong>ipse,</strong></span> <span class='ocrx_word' id='word_1_12' title='bbox 1263 494 1424 572; x_wconf 79' lang='lat' dir='ltr'><strong>propterer</strong></span> 
     </span>
     <span class='ocr_line' id='line_1_3' title="bbox 140 586 1422 681; baseline -0.006 -22"><span class='ocrx_word' id='word_1_13' title='bbox 140 593 227 681; x_wconf 90' lang='lat' dir='ltr'><strong>quod</strong></span> <span class='ocrx_word' id='word_1_14' title='bbox 248 589 346 655; x_wconf 93' lang='lat' dir='ltr'><strong>Bobii</strong></span> <span class='ocrx_word' id='word_1_15' title='bbox 367 591 507 676; x_wconf 87' lang='lat' dir='ltr'><strong>scriptus</strong></span> <span class='ocrx_word' id='word_1_16' title='bbox 522 611 594 654; x_wconf 91' lang='lat' dir='ltr'><strong>esse</strong></span> <span class='ocrx_word' id='word_1_17' title='bbox 615 591 736 655; x_wconf 88' lang='lat' dir='ltr'><strong>dicitur</strong></span> <span class='ocrx_word' id='word_1_18' title='bbox 750 588 872 670; x_wconf 81' lang='lat' dir='ltr'>codex,</span> <span class='ocrx_word' id='word_1_19' title='bbox 894 586 1121 651; x_wconf 90' lang='lat' dir='ltr'><strong>Bobiensia</strong></span> <span class='ocrx_word' id='word_1_20' title='bbox 1140 594 1337 674; x_wconf 88' lang='lat' dir='ltr'><strong>excerpta</strong></span> <span class='ocrx_word' id='word_1_21' title='bbox 1351 586 1422 651; x_wconf 89' lang='lat' dir='ltr'><strong>dixi</strong></span> 
     </span>
     <span class='ocr_line' id='line_1_4' title="bbox 140 687 1423 776; baseline -0.008 -17"><span class='ocrx_word' id='word_1_22' title='bbox 140 694 285 759; x_wconf 81' lang='lat' dir='ltr'><strong>codicem</strong></span> <span class='ocrx_word' id='word_1_23' title='bbox 320 698 472 755; x_wconf 89' lang='lat' dir='ltr'><strong>accurate</strong></span> <span class='ocrx_word' id='word_1_24' title='bbox 504 690 679 776; x_wconf 84' lang='lat' dir='ltr'>descripsit</span> <span class='ocrx_word' id='word_1_25' title='bbox 710 687 927 754; x_wconf 84' lang='lat' dir='ltr'><strong>Endlicherus</strong></span> <span class='ocrx_word' id='word_1_26' title='bbox 954 687 1048 752; x_wconf 87' lang='lat' dir='ltr'><strong>catal.</strong></span> <span class='ocrx_word' id='word_1_27' title='bbox 1080 688 1151 752; x_wconf 91' lang='lat' dir='ltr'><strong>cod.</strong></span> <span class='ocrx_word' id='word_1_28' title='bbox 1180 687 1292 774; x_wconf 91' lang='lat' dir='ltr'><strong>philol.</strong></span> <span class='ocrx_word' id='word_1_29' title='bbox 1323 687 1423 751; x_wconf 88' lang='lat' dir='ltr'><strong>Latin</strong></span> 
     </span>
     <span class='ocr_line' id='line_1_5' title="bbox 139 786 1424 879; baseline -0.007 -20"><span class='ocrx_word' id='word_1_30' title='bbox 139 792 218 859; x_wconf 89' lang='lat' dir='ltr'><strong>bibl.</strong></span> <span class='ocrx_word' id='word_1_31' title='bbox 237 790 342 855; x_wconf 88' lang='lat' dir='ltr'><strong>Palat.</strong></span> <span class='ocrx_word' id='word_1_32' title='bbox 364 789 507 855; x_wconf 91' lang='lat' dir='ltr'><strong>Vindob.</strong></span> <span class='ocrx_word' id='word_1_33' title='bbox 533 813 565 876; x_wconf 89' lang='lat' dir='ltr'><strong>p.</strong></span> <span class='ocrx_word' id='word_1_34' title='bbox 593 796 655 856; x_wconf 94' lang='grc'><strong>215</strong></span> <span class='ocrx_word' id='word_1_35' title='bbox 685 816 755 879; x_wconf 85' lang='lat' dir='ltr'><strong>sqq.</strong></span> <span class='ocrx_word' id='word_1_36' title='bbox 788 789 874 877; x_wconf 74' lang='lat' dir='ltr'><strong>(cod.</strong></span> <span class='ocrx_word' id='word_1_37' title='bbox 905 789 993 867; x_wconf 83' lang='lat'><strong>322).</strong></span> <span class='ocrx_word' id='word_1_38' title='bbox 1037 789 1102 854; x_wconf 88' lang='lat' dir='ltr'><strong>fuit</strong></span> <span class='ocrx_word' id='word_1_39' title='bbox 1124 797 1233 854; x_wconf 90' lang='lat' dir='ltr'><strong>autem</strong></span> <span class='ocrx_word' id='word_1_40' title='bbox 1255 787 1334 853; x_wconf 91' lang='lat' dir='ltr'><strong>olim</strong></span> <span class='ocrx_word' id='word_1_41' title='bbox 1355 786 1424 851; x_wconf 58' lang='lat' dir='ltr'><strong>Par&lt;</strong></span> 
     </span>
     <span class='ocr_line' id='line_1_6' title="bbox 139 888 1424 979; baseline -0.006 -20"><span class='ocrx_word' id='word_1_42' title='bbox 139 895 258 977; x_wconf 91' lang='lat' dir='ltr'><strong>rhasii,</strong></span> <span class='ocrx_word' id='word_1_43' title='bbox 286 901 360 979; x_wconf 91' lang='lat' dir='ltr'><strong>post</strong></span> <span class='ocrx_word' id='word_1_44' title='bbox 387 893 480 955; x_wconf 89' lang='lat' dir='ltr'><strong>cuius</strong></span> <span class='ocrx_word' id='word_1_45' title='bbox 507 900 643 956; x_wconf 88' lang='lat' dir='ltr'><strong>mortem</strong></span> <span class='ocrx_word' id='word_1_46' title='bbox 670 915 744 958; x_wconf 89' lang='lat' dir='ltr'><strong>cum</strong></span> <span class='ocrx_word' id='word_1_47' title='bbox 775 889 947 975; x_wconf 80' lang='lat' dir='ltr'>Neapolim</span> <span class='ocrx_word' id='word_1_48' title='bbox 976 891 1154 956; x_wconf 87' lang='lat' dir='ltr'><strong>translatus</strong></span> <span class='ocrx_word' id='word_1_49' title='bbox 1182 896 1286 973; x_wconf 88' lang='lat' dir='ltr'><strong>esset,</strong></span> <span class='ocrx_word' id='word_1_50' title='bbox 1315 888 1424 952; x_wconf 88' lang='lat' dir='ltr'><strong>iisden</strong></span> 
     </span>
     <span class='ocr_line' id='line_1_7' title="bbox 139 990 1424 1082; baseline -0.006 -22"><span class='ocrx_word' id='word_1_51' title='bbox 139 994 302 1082; x_wconf 82' lang='lat' dir='ltr'><strong>excerptis</strong></span> <span class='ocrx_word' id='word_1_52' title='bbox 324 992 490 1080; x_wconf 84' lang='lat' dir='ltr'><strong>adscripto</strong></span> <span class='ocrx_word' id='word_1_53' title='bbox 512 991 597 1057; x_wconf 86' lang='lat' dir='ltr'><strong>falso</strong></span> <span class='ocrx_word' id='word_1_54' title='bbox 616 994 745 1058; x_wconf 90' lang='lat' dir='ltr'><strong>nomine</strong></span> <span class='ocrx_word' id='word_1_55' title='bbox 765 992 967 1076; x_wconf 78' lang='lat' dir='ltr'><strong>Sacerdotis,</strong></span> <span class='ocrx_word' id='word_1_56' title='bbox 991 995 1084 1057; x_wconf 89' lang='lat' dir='ltr'><strong>cuius</strong></span> <span class='ocrx_word' id='word_1_57' title='bbox 1109 992 1227 1055; x_wconf 88' lang='lat' dir='ltr'><strong>artium</strong></span> <span class='ocrx_word' id='word_1_58' title='bbox 1247 990 1424 1074; x_wconf 83' lang='lat' dir='ltr'><strong>grammati</strong></span> 
     </span>
     <span class='ocr_line' id='line_1_8' title="bbox 139 1090 1424 1180; baseline -0.007 -18"><span class='ocrx_word' id='word_1_59' title='bbox 139 1118 250 1162; x_wconf 89' lang='lat' dir='ltr'><strong>carum</strong></span> <span class='ocrx_word' id='word_1_60' title='bbox 277 1093 355 1158; x_wconf 90' lang='lat' dir='ltr'><strong>libri</strong></span> <span class='ocrx_word' id='word_1_61' title='bbox 385 1093 448 1158; x_wconf 89' lang='lat' dir='ltr'><strong>dno</strong></span> <span class='ocrx_word' id='word_1_62' title='bbox 479 1095 513 1157; x_wconf 91' lang='lat' dir='ltr'><strong>in</strong></span> <span class='ocrx_word' id='word_1_63' title='bbox 542 1092 655 1158; x_wconf 91' lang='lat' dir='ltr'><strong>eodem</strong></span> <span class='ocrx_word' id='word_1_64' title='bbox 685 1094 797 1159; x_wconf 90' lang='lat' dir='ltr'><strong>codice</strong></span> <span class='ocrx_word' id='word_1_65' title='bbox 822 1096 990 1180; x_wconf 89' lang='lat' dir='ltr'><strong>leguntur,</strong></span> <span class='ocrx_word' id='word_1_66' title='bbox 1025 1115 1104 1157; x_wconf 87' lang='lat' dir='ltr'><strong>usus</strong></span> <span class='ocrx_word' id='word_1_67' title='bbox 1132 1101 1184 1157; x_wconf 88' lang='lat' dir='ltr'><strong>est</strong></span> <span class='ocrx_word' id='word_1_68' title='bbox 1210 1090 1424 1176; x_wconf 81' lang='lat' dir='ltr'><strong>Hieronymur</strong></span> 
     </span>
     <span class='ocr_line' id='line_1_9' title="bbox 140 1191 1424 1284; baseline -0.007 -21"><span class='ocrx_word' id='word_1_69' title='bbox 140 1197 302 1263; x_wconf 82' lang='lat' dir='ltr'>Columna</span> <span class='ocrx_word' id='word_1_70' title='bbox 320 1194 406 1259; x_wconf 84' lang='lat' dir='ltr'><strong>Enn.</strong></span> <span class='ocrx_word' id='word_1_71' title='bbox 428 1192 548 1278; x_wconf 81' lang='lat' dir='ltr'><strong>fragm.</strong></span> <span class='ocrx_word' id='word_1_72' title='bbox 570 1216 602 1279; x_wconf 91' lang='lat' dir='ltr'><strong>p.</strong></span> <span class='ocrx_word' id='word_1_73' title='bbox 626 1198 698 1260; x_wconf 86' lang='grc'><strong>203.</strong></span> <span class='ocrx_word' id='word_1_74' title='bbox 727 1205 960 1284; x_wconf 90' lang='lat' dir='ltr'><strong>posteaquem</strong></span> <span class='ocrx_word' id='word_1_75' title='bbox 980 1193 1021 1258; x_wconf 92' lang='lat' dir='ltr'><strong>ad</strong></span> <span class='ocrx_word' id='word_1_76' title='bbox 1051 1193 1183 1258; x_wconf 92' lang='lat' dir='ltr'><strong>modum</strong></span> <span class='ocrx_word' id='word_1_77' title='bbox 1205 1191 1424 1258; x_wconf 87' lang='lat' dir='ltr'><strong>Vindobonan</strong></span> 
     </span>
     <span class='ocr_line' id='line_1_10' title="bbox 140 1291 1422 1372; baseline -0.006 -9"><span class='ocrx_word' id='word_1_78' title='bbox 140 1298 269 1363; x_wconf 87' lang='lat' dir='ltr'><strong>ablatus</strong></span> <span class='ocrx_word' id='word_1_79' title='bbox 292 1298 336 1360; x_wconf 90' lang='lat' dir='ltr'><strong>sit</strong></span> <span class='ocrx_word' id='word_1_80' title='bbox 356 1295 456 1372; x_wconf 14' lang='lat' dir='ltr'><strong>docet,</strong></span> <span class='ocrx_word' id='word_1_81' title='bbox 471 1293 639 1359; x_wconf 88' lang='lat' dir='ltr'><strong>Kollarins</strong></span> <span class='ocrx_word' id='word_1_82' title='bbox 661 1296 697 1359; x_wconf 90' lang='lat' dir='ltr'><strong>in</strong></span> <span class='ocrx_word' id='word_1_83' title='bbox 717 1295 871 1361; x_wconf 89' lang='lat' dir='ltr'><strong>Lambec.</strong></span> <span class='ocrx_word' id='word_1_84' title='bbox 892 1317 1007 1361; x_wconf 87' lang='lat' dir='ltr'><strong>comm.</strong></span> <span class='ocrx_word' id='word_1_85' title='bbox 1031 1293 1112 1359; x_wconf 89' lang='lat' dir='ltr'><strong>bibl.</strong></span> <span class='ocrx_word' id='word_1_86' title='bbox 1133 1294 1265 1359; x_wconf 76' lang='lat' dir='ltr'><strong>Caesar.</strong></span> <span class='ocrx_word' id='word_1_87' title='bbox 1280 1291 1422 1369; x_wconf 45' lang='lat' dir='ltr'><strong>,deob</strong></span> 
     </span>
    </p>
   </div>
   <div class='ocr_carea' id='block_1_3' title="bbox 21 1390 1424 1488">
    <p class='ocr_par' dir='ltr' id='par_1_3' title="bbox 21 1390 1424 1488">
     <span class='ocr_line' id='line_1_11' title="bbox 21 1390 1424 1488; baseline -0.006 -23"><span class='ocrx_word' id='word_1_88' title='bbox 21 1460 28 1469; x_wconf 88' lang='grc'><strong>,</strong></span> <span class='ocrx_word' id='word_1_89' title='bbox 139 1401 158 1464; x_wconf 94' lang='lat' dir='ltr'>I</span> <span class='ocrx_word' id='word_1_90' title='bbox 177 1425 208 1488; x_wconf 92' lang='lat' dir='ltr'><strong>p.</strong></span> <span class='ocrx_word' id='word_1_91' title='bbox 231 1402 303 1461; x_wconf 85' lang='grc'><strong>764.</strong></span> <span class='ocrx_word' id='word_1_92' title='bbox 323 1398 358 1460; x_wconf 92' lang='lat' dir='ltr'><strong>in</strong></span> <span class='ocrx_word' id='word_1_93' title='bbox 380 1417 418 1459; x_wconf 90' lang='lat' dir='ltr'><strong>eo</strong></span> <span class='ocrx_word' id='word_1_94' title='bbox 439 1396 540 1480; x_wconf 85' lang='lat' dir='ltr'><strong>igitur</strong></span> <span class='ocrx_word' id='word_1_95' title='bbox 566 1395 649 1460; x_wconf 89' lang='lat' dir='ltr'><strong>libro</strong></span> <span class='ocrx_word' id='word_1_96' title='bbox 671 1418 756 1484; x_wconf 89' lang='lat' dir='ltr'><strong>quae</strong></span> <span class='ocrx_word' id='word_1_97' title='bbox 778 1397 819 1463; x_wconf 92' lang='lat' dir='ltr'><strong>de</strong></span> <span class='ocrx_word' id='word_1_98' title='bbox 839 1400 971 1464; x_wconf 91' lang='lat' dir='ltr'><strong>nomine</strong></span> <span class='ocrx_word' id='word_1_99' title='bbox 995 1403 1028 1462; x_wconf 90' lang='lat' dir='ltr'><strong>et</strong></span> <span class='ocrx_word' id='word_1_100' title='bbox 1049 1396 1241 1481; x_wconf 88' lang='lat' dir='ltr'>pronomine</span> <span class='ocrx_word' id='word_1_101' title='bbox 1270 1403 1302 1459; x_wconf 90' lang='lat' dir='ltr'><strong>et</strong></span> <span class='ocrx_word' id='word_1_102' title='bbox 1329 1390 1424 1457; x_wconf 79' lang='lat' dir='ltr'><strong>verb&lt;</strong></span> 
     </span>
    </p>
   </div>
   <div class='ocr_carea' id='block_1_4' title="bbox 67 1496 1424 4912">
    <p class='ocr_par' dir='ltr' id='par_1_4' title="bbox 137 1496 1424 2687">
     <span class='ocr_line' id='line_1_12' title="bbox 138 1496 1424 1588; baseline -0.008 -22"><span class='ocrx_word' id='word_1_103' title='bbox 138 1502 261 1588; x_wconf 89' lang='lat' dir='ltr'><strong>scripta</strong></span> <span class='ocrx_word' id='word_1_104' title='bbox 273 1507 349 1563; x_wconf 91' lang='lat' dir='ltr'><strong>sunt</strong></span> <span class='ocrx_word' id='word_1_105' title='bbox 360 1497 383 1560; x_wconf 83' lang='lat' dir='ltr'><strong>l.</strong></span> <span class='ocrx_word' id='word_1_106' title='bbox 399 1499 564 1559; x_wconf 88' lang='grc'><strong>142-155</strong></span> <span class='ocrx_word' id='word_1_107' title='bbox 575 1496 764 1562; x_wconf 85' lang='lat' dir='ltr'><strong>omniafere</strong></span> <span class='ocrx_word' id='word_1_108' title='bbox 776 1521 793 1563; x_wconf 92' lang='lat' dir='ltr'><strong>e</strong></span> <span class='ocrx_word' id='word_1_109' title='bbox 806 1499 950 1564; x_wconf 80' lang='lat' dir='ltr'><strong>Charisii</strong></span> <span class='ocrx_word' id='word_1_110' title='bbox 969 1510 1040 1563; x_wconf 88' lang='lat' dir='ltr'><strong>arte</strong></span> <span class='ocrx_word' id='word_1_111' title='bbox 1057 1506 1212 1584; x_wconf 86' lang='lat' dir='ltr'><strong>excerpta</strong></span> <span class='ocrx_word' id='word_1_112' title='bbox 1224 1504 1308 1560; x_wconf 88' lang='lat' dir='ltr'><strong>sunt.</strong></span> <span class='ocrx_word' id='word_1_113' title='bbox 1333 1502 1424 1580; x_wconf 73' lang='lat' dir='ltr'><strong>atqu&lt;</strong></span> 
     </span>
     <span class='ocr_line' id='line_1_13' title="bbox 140 1594 1424 1687; baseline -0.005 -22"><span class='ocrx_word' id='word_1_114' title='bbox 140 1622 215 1665; x_wconf 87' lang='lat' dir='ltr'><strong>cam</strong></span> <span class='ocrx_word' id='word_1_115' title='bbox 235 1598 349 1664; x_wconf 89' lang='lat' dir='ltr'><strong>eodem</strong></span> <span class='ocrx_word' id='word_1_116' title='bbox 373 1597 444 1662; x_wconf 93' lang='lat' dir='ltr'><strong>loco</strong></span> <span class='ocrx_word' id='word_1_117' title='bbox 466 1597 561 1680; x_wconf 87' lang='lat' dir='ltr'><strong>haec,</strong></span> <span class='ocrx_word' id='word_1_118' title='bbox 583 1607 621 1661; x_wconf 91' lang='lat' dir='ltr'><strong>ut</strong></span> <span class='ocrx_word' id='word_1_119' title='bbox 643 1597 734 1682; x_wconf 84' lang='lat' dir='ltr'><strong>dixi,</strong></span> <span class='ocrx_word' id='word_1_120' title='bbox 762 1599 940 1687; x_wconf 90' lang='lat' dir='ltr'><strong>eodemque</strong></span> <span class='ocrx_word' id='word_1_121' title='bbox 966 1600 1036 1664; x_wconf 87' lang='lat' dir='ltr'><strong>fere</strong></span> <span class='ocrx_word' id='word_1_122' title='bbox 1055 1608 1199 1686; x_wconf 89' lang='lat' dir='ltr'><strong>tempore</strong></span> <span class='ocrx_word' id='word_1_123' title='bbox 1223 1620 1286 1684; x_wconf 93' lang='lat' dir='ltr'><strong>quo</strong></span> <span class='ocrx_word' id='word_1_124' title='bbox 1304 1594 1424 1681; x_wconf 87' lang='lat' dir='ltr'><strong>Neapo</strong></span> 
     </span>
     <span class='ocr_line' id='line_1_14' title="bbox 138 1697 1424 1787; baseline -0.005 -21"><span class='ocrx_word' id='word_1_125' title='bbox 138 1702 258 1767; x_wconf 89' lang='lat' dir='ltr'><strong>litanus</strong></span> <span class='ocrx_word' id='word_1_126' title='bbox 282 1697 387 1765; x_wconf 88' lang='lat' dir='ltr'><strong>codex</strong></span> <span class='ocrx_word' id='word_1_127' title='bbox 408 1699 530 1785; x_wconf 88' lang='lat' dir='ltr'><strong>scripta</strong></span> <span class='ocrx_word' id='word_1_128' title='bbox 553 1700 633 1780; x_wconf 87' lang='lat' dir='ltr'><strong>sint,</strong></span> <span class='ocrx_word' id='word_1_129' title='bbox 657 1698 743 1762; x_wconf 91' lang='lat' dir='ltr'><strong>idem</strong></span> <span class='ocrx_word' id='word_1_130' title='bbox 765 1700 977 1787; x_wconf 88' lang='lat' dir='ltr'><strong>archetypum</strong></span> <span class='ocrx_word' id='word_1_131' title='bbox 998 1699 1086 1786; x_wconf 89' lang='lat' dir='ltr'><strong>quod</strong></span> <span class='ocrx_word' id='word_1_132' title='bbox 1104 1700 1138 1763; x_wconf 93' lang='lat' dir='ltr'><strong>in</strong></span> <span class='ocrx_word' id='word_1_133' title='bbox 1160 1698 1217 1763; x_wconf 93' lang='lat' dir='ltr'><strong>illo</strong></span> <span class='ocrx_word' id='word_1_134' title='bbox 1241 1715 1424 1784; x_wconf 77' lang='lat' dir='ltr'><strong>expressum</strong></span> 
     </span>
     <span class='ocr_line' id='line_1_15' title="bbox 140 1796 1424 1888; baseline -0.005 -21"><span class='ocrx_word' id='word_1_135' title='bbox 140 1811 190 1867; x_wconf 88' lang='lat' dir='ltr'><strong>est</strong></span> <span class='ocrx_word' id='word_1_136' title='bbox 211 1799 341 1865; x_wconf 89' lang='lat' dir='ltr'><strong>videtur</strong></span> <span class='ocrx_word' id='word_1_137' title='bbox 363 1799 392 1861; x_wconf 91' lang='lat' dir='ltr'><strong>is</strong></span> <span class='ocrx_word' id='word_1_138' title='bbox 414 1798 470 1885; x_wconf 88' lang='lat' dir='ltr'><strong>qui</strong></span> <span class='ocrx_word' id='word_1_139' title='bbox 493 1809 647 1886; x_wconf 86' lang='lat' dir='ltr'><strong>excerpta</strong></span> <span class='ocrx_word' id='word_1_140' title='bbox 668 1802 840 1888; x_wconf 85' lang='lat' dir='ltr'><strong>conposuit</strong></span> <span class='ocrx_word' id='word_1_141' title='bbox 862 1808 993 1865; x_wconf 86' lang='lat' dir='ltr'><strong>secutus</strong></span> <span class='ocrx_word' id='word_1_142' title='bbox 1017 1823 1099 1865; x_wconf 87' lang='lat' dir='ltr'><strong>esse.</strong></span> <span class='ocrx_word' id='word_1_143' title='bbox 1143 1799 1201 1879; x_wconf 88' lang='lat' dir='ltr'><strong>scd</strong></span> <span class='ocrx_word' id='word_1_144' title='bbox 1222 1799 1376 1886; x_wconf 89' lang='lat' dir='ltr'><strong>quoniam</strong></span> <span class='ocrx_word' id='word_1_145' title='bbox 1397 1796 1424 1860; x_wconf 86' lang='lat' dir='ltr'><strong>ir</strong></span> 
     </span>
     <span class='ocr_line' id='line_1_16' title="bbox 138 1895 1422 1984; baseline -0.005 -17"><span class='ocrx_word' id='word_1_146' title='bbox 138 1904 293 1967; x_wconf 90' lang='lat' dir='ltr'><strong>universo</strong></span> <span class='ocrx_word' id='word_1_147' title='bbox 306 1899 368 1964; x_wconf 94' lang='lat' dir='ltr'><strong>hoc</strong></span> <span class='ocrx_word' id='word_1_148' title='bbox 383 1921 504 1984; x_wconf 87' lang='lat' dir='ltr'><strong>genere</strong></span> <span class='ocrx_word' id='word_1_149' title='bbox 520 1922 585 1964; x_wconf 90' lang='lat' dir='ltr'><strong>non</strong></span> <span class='ocrx_word' id='word_1_150' title='bbox 599 1911 753 1965; x_wconf 88' lang='lat' dir='ltr'><strong>accurata</strong></span> <span class='ocrx_word' id='word_1_151' title='bbox 768 1895 975 1967; x_wconf 85' lang='lat' dir='ltr'><strong>describendi</strong></span> <span class='ocrx_word' id='word_1_152' title='bbox 992 1902 1118 1966; x_wconf 84' lang='lat' dir='ltr'><strong>fidenti</strong></span> <span class='ocrx_word' id='word_1_153' title='bbox 1133 1901 1283 1967; x_wconf 90' lang='lat' dir='ltr'><strong>solebant</strong></span> <span class='ocrx_word' id='word_1_154' title='bbox 1297 1897 1422 1961; x_wconf 91' lang='lat' dir='ltr'><strong>librarii</strong></span> 
     </span>
     <span class='ocr_line' id='line_1_17' title="bbox 138 2000 1422 2090; baseline -0.006 -22"><span class='ocrx_word' id='word_1_155' title='bbox 138 2025 204 2068; x_wconf 91' lang='lat' dir='ltr'><strong>non</strong></span> <span class='ocrx_word' id='word_1_156' title='bbox 225 2001 329 2068; x_wconf 90' lang='lat' dir='ltr'><strong>solum</strong></span> <span class='ocrx_word' id='word_1_157' title='bbox 351 2001 402 2065; x_wconf 87' lang='lat' dir='ltr'><strong>his</strong></span> <span class='ocrx_word' id='word_1_158' title='bbox 424 2021 508 2088; x_wconf 90' lang='lat' dir='ltr'><strong>quae</strong></span> <span class='ocrx_word' id='word_1_159' title='bbox 529 2001 564 2063; x_wconf 91' lang='lat' dir='ltr'><strong>in</strong></span> <span class='ocrx_word' id='word_1_160' title='bbox 581 2000 796 2088; x_wconf 88' lang='lat' dir='ltr'><strong>Neapolitano</strong></span> <span class='ocrx_word' id='word_1_161' title='bbox 818 2003 930 2090; x_wconf 81' lang='lat' dir='ltr'><strong>codice</strong></span> <span class='ocrx_word' id='word_1_162' title='bbox 949 2012 1102 2089; x_wconf 87' lang='lat' dir='ltr'><strong>corrupta</strong></span> <span class='ocrx_word' id='word_1_163' title='bbox 1122 2003 1256 2066; x_wconf 86' lang='lat' dir='ltr'><strong>luerunt</strong></span> <span class='ocrx_word' id='word_1_164' title='bbox 1269 2021 1363 2084; x_wconf 92' lang='lat' dir='ltr'><strong>opem</strong></span> <span class='ocrx_word' id='word_1_165' title='bbox 1385 2006 1422 2060; x_wconf 85' lang='lat' dir='ltr'><strong>at</strong></span> 
     </span>
     <span class='ocr_line' id='line_1_18' title="bbox 137 2099 1421 2191; baseline -0.005 -22"><span class='ocrx_word' id='word_1_166' title='bbox 137 2104 214 2169; x_wconf 91' lang='lat' dir='ltr'><strong>tulit</strong></span> <span class='ocrx_word' id='word_1_167' title='bbox 235 2100 501 2167; x_wconf 91' lang='lat' dir='ltr'><strong>Vindobonensis</strong></span> <span class='ocrx_word' id='word_1_168' title='bbox 524 2100 625 2185; x_wconf 90' lang='lat' dir='ltr'><strong>liber,</strong></span> <span class='ocrx_word' id='word_1_169' title='bbox 655 2103 713 2166; x_wconf 90' lang='lat' dir='ltr'><strong>sed</strong></span> <span class='ocrx_word' id='word_1_170' title='bbox 735 2113 926 2188; x_wconf 89' lang='lat' dir='ltr'><strong>praeterea</strong></span> <span class='ocrx_word' id='word_1_171' title='bbox 948 2104 1045 2166; x_wconf 88' lang='lat' dir='ltr'><strong>etiam</strong></span> <span class='ocrx_word' id='word_1_172' title='bbox 1073 2126 1157 2191; x_wconf 90' lang='lat' dir='ltr'><strong>quae</strong></span> <span class='ocrx_word' id='word_1_173' title='bbox 1179 2102 1223 2167; x_wconf 91' lang='lat' dir='ltr'><strong>ad</strong></span> <span class='ocrx_word' id='word_1_174' title='bbox 1246 2099 1421 2165; x_wconf 86' lang='lat' dir='ltr'><strong>Charisiun</strong></span> 
     </span>
     <span class='ocr_line' id='line_1_19' title="bbox 139 2192 1419 2293; baseline -0.005 -25"><span class='ocrx_word' id='word_1_175' title='bbox 139 2200 379 2268; x_wconf 86' lang='lat' dir='ltr'><strong>emendandum</strong></span> <span class='ocrx_word' id='word_1_176' title='bbox 413 2192 551 2293; x_wconf 77' lang='lat' dir='ltr'><strong>adhibdi</strong></span> <span class='ocrx_word' id='word_1_177' title='bbox 588 2202 749 2288; x_wconf 86' lang='lat' dir='ltr'><strong>quaedam</strong></span> <span class='ocrx_word' id='word_1_178' title='bbox 786 2202 939 2291; x_wconf 88' lang='lat' dir='ltr'><strong>praebuit</strong></span> <span class='ocrx_word' id='word_1_179' title='bbox 973 2225 1057 2290; x_wconf 90' lang='lat' dir='ltr'><strong>quae</strong></span> <span class='ocrx_word' id='word_1_180' title='bbox 1087 2205 1133 2266; x_wconf 89' lang='lat' dir='ltr'><strong>ita</strong></span> <span class='ocrx_word' id='word_1_181' title='bbox 1170 2223 1190 2266; x_wconf 92' lang='lat' dir='ltr'><strong>a</strong></span> <span class='ocrx_word' id='word_1_182' title='bbox 1223 2200 1419 2287; x_wconf 88' lang='lat' dir='ltr'><strong>Neapolitan</strong></span> 
     </span>
     <span class='ocr_line' id='line_1_20' title="bbox 139 2300 1418 2391; baseline -0.004 -21"><span class='ocrx_word' id='word_1_183' title='bbox 139 2304 302 2390; x_wconf 87' lang='lat' dir='ltr'><strong>scriptura</strong></span> <span class='ocrx_word' id='word_1_184' title='bbox 321 2302 487 2367; x_wconf 56' lang='lat' dir='ltr'><strong>recedunt*</strong></span> <span class='ocrx_word' id='word_1_185' title='bbox 505 2311 542 2366; x_wconf 91' lang='lat' dir='ltr'><strong>ut</strong></span> <span class='ocrx_word' id='word_1_186' title='bbox 562 2324 669 2390; x_wconf 91' lang='lat' dir='ltr'><strong>neque</strong></span> <span class='ocrx_word' id='word_1_187' title='bbox 688 2302 896 2369; x_wconf 75' lang='lat' dir='ltr'><strong>adnotatione</strong></span> <span class='ocrx_word' id='word_1_188' title='bbox 918 2302 1137 2391; x_wconf 88' lang='lat' dir='ltr'><strong>conprehendi</strong></span> <span class='ocrx_word' id='word_1_189' title='bbox 1163 2304 1243 2367; x_wconf 92' lang='lat' dir='ltr'><strong>satis</strong></span> <span class='ocrx_word' id='word_1_190' title='bbox 1264 2300 1418 2365; x_wconf 74' lang='lat' dir='ltr'><strong>commod«</strong></span> 
     </span>
     <span class='ocr_line' id='line_1_21' title="bbox 138 2403 1417 2491; baseline -0.002 -23"><span class='ocrx_word' id='word_1_191' title='bbox 138 2424 245 2490; x_wconf 91' lang='lat' dir='ltr'><strong>neque</strong></span> <span class='ocrx_word' id='word_1_192' title='bbox 267 2422 401 2489; x_wconf 88' lang='lat' dir='ltr'><strong>prorsus</strong></span> <span class='ocrx_word' id='word_1_193' title='bbox 422 2403 528 2467; x_wconf 91' lang='lat' dir='ltr'><strong>omitti</strong></span> <span class='ocrx_word' id='word_1_194' title='bbox 548 2404 721 2488; x_wconf 89' lang='lat' dir='ltr'><strong>potuerint.</strong></span> <span class='ocrx_word' id='word_1_195' title='bbox 765 2425 866 2491; x_wconf 88' lang='lat' dir='ltr'><strong>quare</strong></span> <span class='ocrx_word' id='word_1_196' title='bbox 895 2427 961 2470; x_wconf 92' lang='lat' dir='ltr'><strong>non</strong></span> <span class='ocrx_word' id='word_1_197' title='bbox 988 2406 1113 2468; x_wconf 88' lang='lat' dir='ltr'><strong>veritus</strong></span> <span class='ocrx_word' id='word_1_198' title='bbox 1135 2403 1307 2468; x_wconf 76' lang='lat' dir='ltr'><strong>molestam</strong></span> <span class='ocrx_word' id='word_1_199' title='bbox 1333 2423 1417 2488; x_wconf 85' lang='lat' dir='ltr'><strong>saep</strong></span> 
     </span>
     <span class='ocr_line' id='line_1_22' title="bbox 139 2502 1416 2592; baseline -0.004 -22"><span class='ocrx_word' id='word_1_200' title='bbox 139 2504 316 2570; x_wconf 90' lang='lat' dir='ltr'><strong>eorundem</strong></span> <span class='ocrx_word' id='word_1_201' title='bbox 338 2504 513 2589; x_wconf 79' lang='lat' dir='ltr'><strong>verborum</strong></span> <span class='ocrx_word' id='word_1_202' title='bbox 535 2505 760 2588; x_wconf 90' lang='lat' dir='ltr'><strong>repetitionem</strong></span> <span class='ocrx_word' id='word_1_203' title='bbox 774 2506 912 2592; x_wconf 82' lang='lat' dir='ltr'><strong>&#39;integra</strong></span> <span class='ocrx_word' id='word_1_204' title='bbox 935 2514 1091 2592; x_wconf 88' lang='lat' dir='ltr'><strong>excerpta</strong></span> <span class='ocrx_word' id='word_1_205' title='bbox 1111 2504 1145 2567; x_wconf 91' lang='lat' dir='ltr'><strong>in</strong></span> <span class='ocrx_word' id='word_1_206' title='bbox 1167 2504 1232 2568; x_wconf 89' lang='lat' dir='ltr'><strong>fine</strong></span> <span class='ocrx_word' id='word_1_207' title='bbox 1256 2502 1353 2567; x_wconf 87' lang='lat' dir='ltr'><strong>huius</strong></span> <span class='ocrx_word' id='word_1_208' title='bbox 1376 2523 1416 2566; x_wconf 85' lang='lat' dir='ltr'><strong>vo</strong></span> 
     </span>
     <span class='ocr_line' id='line_1_23' title="bbox 137 2603 974 2687; baseline -0.01 -19"><span class='ocrx_word' id='word_1_209' title='bbox 137 2605 270 2668; x_wconf 89' lang='lat' dir='ltr'><strong>luminis</strong></span> <span class='ocrx_word' id='word_1_210' title='bbox 291 2603 441 2687; x_wconf 87' lang='lat' dir='ltr'><strong>repetivi.</strong></span> <span class='ocrx_word' id='word_1_211' title='bbox 971 2610 974 2615; x_wconf 86' lang='grc'><strong>’</strong></span> 
     </span>
    </p>

    <p class='ocr_par' dir='ltr' id='par_1_5' title="bbox 67 2701 1413 4912">
     <span class='ocr_line' id='line_1_24' title="bbox 223 2701 1413 2792; baseline -0.006 -24"><span class='ocrx_word' id='word_1_212' title='bbox 223 2703 286 2768; x_wconf 90' lang='lat' dir='ltr'><strong>His</strong></span> <span class='ocrx_word' id='word_1_213' title='bbox 308 2710 414 2766; x_wconf 88' lang='lat' dir='ltr'><strong>aetate</strong></span> <span class='ocrx_word' id='word_1_214' title='bbox 432 2701 603 2788; x_wconf 68' lang='lat' dir='ltr'><strong>paria&#39;sed</strong></span> <span class='ocrx_word' id='word_1_215' title='bbox 625 2723 746 2787; x_wconf 81' lang='lat' dir='ltr'><strong>genere</strong></span> <span class='ocrx_word' id='word_1_216' title='bbox 767 2703 900 2769; x_wconf 83' lang='lat' dir='ltr'><strong>diversa</strong></span> <span class='ocrx_word' id='word_1_217' title='bbox 921 2715 997 2770; x_wconf 88' lang='lat' dir='ltr'><strong>sunt</strong></span> <span class='ocrx_word' id='word_1_218' title='bbox 1018 2705 1212 2769; x_wconf 83' lang='lat' dir='ltr'><strong>Parisino</strong></span> <span class='ocrx_word' id='word_1_219' title='bbox 1232 2713 1413 2792; x_wconf 85' lang='lat' dir='ltr'><strong>excerpt</strong></span> 
     </span>
     <span class='ocr_line' id='line_1_25' title="bbox 138 2802 1412 2894; baseline -0.002 -24"><span class='ocrx_word' id='word_1_220' title='bbox 138 2828 156 2870; x_wconf 87' lang='lat' dir='ltr'><strong>e</strong></span> <span class='ocrx_word' id='word_1_221' title='bbox 179 2803 291 2869; x_wconf 92' lang='lat' dir='ltr'><strong>codice</strong></span> <span class='ocrx_word' id='word_1_222' title='bbox 311 2802 462 2867; x_wconf 81' lang='lat' dir='ltr'><strong>Parisino</strong></span> <span class='ocrx_word' id='word_1_223' title='bbox 482 2804 581 2886; x_wconf 87' lang='lat'><strong>7530,</strong></span> <span class='ocrx_word' id='word_1_224' title='bbox 602 2803 658 2889; x_wconf 91' lang='lat' dir='ltr'><strong>qui</strong></span> <span class='ocrx_word' id='word_1_225' title='bbox 679 2802 811 2868; x_wconf 87' lang='lat' dir='ltr'><strong>saeculo</strong></span> <span class='ocrx_word' id='word_1_226' title='bbox 832 2814 948 2871; x_wconf 88' lang='lat' dir='ltr'><strong>octavo</strong></span> <span class='ocrx_word' id='word_1_227' title='bbox 976 2809 1113 2894; x_wconf 88' lang='lat' dir='ltr'><strong>scriptus</strong></span> <span class='ocrx_word' id='word_1_228' title='bbox 1137 2814 1200 2889; x_wconf 89' lang='lat' dir='ltr'><strong>est,</strong></span> <span class='ocrx_word' id='word_1_229' title='bbox 1229 2803 1412 2890; x_wconf 82' lang='lat' dir='ltr'><strong>deprompta</strong></span> 
     </span>
     <span class='ocr_line' id='line_1_26' title="bbox 138 2901 1411 2992; baseline 0.001 -25"><span class='ocrx_word' id='word_1_230' title='bbox 138 2906 173 2968; x_wconf 89' lang='lat' dir='ltr'><strong>in</strong></span> <span class='ocrx_word' id='word_1_231' title='bbox 196 2924 234 2967; x_wconf 92' lang='lat' dir='ltr'><strong>eo</strong></span> <span class='ocrx_word' id='word_1_232' title='bbox 258 2902 344 2966; x_wconf 90' lang='lat' dir='ltr'><strong>enim</strong></span> <span class='ocrx_word' id='word_1_233' title='bbox 372 2901 397 2964; x_wconf 86' lang='lat' dir='ltr'><strong>f.</strong></span> <span class='ocrx_word' id='word_1_234' title='bbox 430 2906 470 2968; x_wconf 86' lang='lat'><strong>80</strong></span> <span class='ocrx_word' id='word_1_235' title='bbox 479 2902 635 2966; x_wconf 80' lang='grc'>*-123*</span> <span class='ocrx_word' id='word_1_236' title='bbox 661 2904 747 2966; x_wconf 88' lang='lat' dir='ltr'><strong>inter</strong></span> <span class='ocrx_word' id='word_1_237' title='bbox 766 2905 876 2969; x_wconf 89' lang='lat' dir='ltr'><strong>varios</strong></span> <span class='ocrx_word' id='word_1_238' title='bbox 899 2907 1001 2973; x_wconf 88' lang='lat' dir='ltr'><strong>libros</strong></span> <span class='ocrx_word' id='word_1_239' title='bbox 1023 2909 1270 2992; x_wconf 86' lang='lat' dir='ltr'><strong>grammaticos,</strong></span> <span class='ocrx_word' id='word_1_240' title='bbox 1293 2926 1411 2992; x_wconf 88' lang='lat' dir='ltr'><strong>quorur</strong></span> 
     </span>
     <span class='ocr_line' id='line_1_27' title="bbox 139 3001 1410 3073; baseline 0.001 -5"><span class='ocrx_word' id='word_1_241' title='bbox 139 3005 281 3068; x_wconf 91' lang='lat' dir='ltr'><strong>indicem</strong></span> <span class='ocrx_word' id='word_1_242' title='bbox 301 3025 322 3067; x_wconf 91' lang='lat' dir='ltr'><strong>a</strong></span> <span class='ocrx_word' id='word_1_243' title='bbox 342 3024 394 3066; x_wconf 92' lang='lat' dir='ltr'><strong>me</strong></span> <span class='ocrx_word' id='word_1_244' title='bbox 412 3002 597 3068; x_wconf 86' lang='lat' dir='ltr'><strong>confectum</strong></span> <span class='ocrx_word' id='word_1_245' title='bbox 620 3001 769 3067; x_wconf 90' lang='lat' dir='ltr'><strong>exhibuit</strong></span> <span class='ocrx_word' id='word_1_246' title='bbox 791 3003 1003 3072; x_wconf 84' lang='lat' dir='ltr'><strong>Ecksteinius</strong></span> <span class='ocrx_word' id='word_1_247' title='bbox 1026 3009 1061 3071; x_wconf 93' lang='lat' dir='ltr'><strong>in</strong></span> <span class='ocrx_word' id='word_1_248' title='bbox 1081 3007 1249 3073; x_wconf 90' lang='lat' dir='ltr'><strong>anecdotis</strong></span> <span class='ocrx_word' id='word_1_249' title='bbox 1271 3006 1410 3070; x_wconf 90' lang='lat' dir='ltr'><strong>Parisini</strong></span> 
     </span>
     <span class='ocr_line' id='line_1_28' title="bbox 137 3101 1390 3194; baseline 0.002 -26"><span class='ocrx_word' id='word_1_250' title='bbox 137 3104 309 3168; x_wconf 89' lang='lat' dir='ltr'><strong>rhetoricis</strong></span> <span class='ocrx_word' id='word_1_251' title='bbox 330 3101 426 3167; x_wconf 88' lang='lat' dir='ltr'><strong>Halis</strong></span> <span class='ocrx_word' id='word_1_252' title='bbox 448 3126 478 3168; x_wconf 93' lang='lat' dir='ltr'><strong>a.</strong></span> <span class='ocrx_word' id='word_1_253' title='bbox 503 3105 583 3168; x_wconf 91' lang='grc'><strong>1852</strong></span> <span class='ocrx_word' id='word_1_254' title='bbox 605 3102 704 3168; x_wconf 90' lang='lat' dir='ltr'><strong>editis</strong></span> <span class='ocrx_word' id='word_1_255' title='bbox 723 3126 756 3190; x_wconf 89' lang='lat' dir='ltr'><strong>p.</strong></span> <span class='ocrx_word' id='word_1_256' title='bbox 779 3103 938 3192; x_wconf 79' lang='lat' dir='ltr'><strong>111sqq.,</strong></span> <span class='ocrx_word' id='word_1_257' title='bbox 960 3107 1080 3194; x_wconf 84' lang='lat' dir='ltr'><strong>legitur</strong></span> <span class='ocrx_word' id='word_1_258' title='bbox 1101 3128 1154 3170; x_wconf 88' lang='lat' dir='ltr'><strong>ars</strong></span> <span class='ocrx_word' id='word_1_259' title='bbox 1176 3109 1390 3192; x_wconf 84' lang='lat' dir='ltr'><strong>grammatica</strong></span> 
     </span>
     <span class='ocr_line' id='line_1_29' title="bbox 140 3202 1407 3290; baseline 0.002 -21"><span class='ocrx_word' id='word_1_260' title='bbox 140 3204 289 3270; x_wconf 80' lang='lat' dir='ltr'><strong>Charisio</strong></span> <span class='ocrx_word' id='word_1_261' title='bbox 312 3202 474 3268; x_wconf 91' lang='lat' dir='ltr'><strong>Diomede</strong></span> <span class='ocrx_word' id='word_1_262' title='bbox 495 3203 665 3269; x_wconf 89' lang='lat' dir='ltr'><strong>Prisciano</strong></span> <span class='ocrx_word' id='word_1_263' title='bbox 691 3212 856 3290; x_wconf 87' lang='lat' dir='ltr'><strong>excerpta.</strong></span> <span class='ocrx_word' id='word_1_264' title='bbox 902 3208 995 3271; x_wconf 87' lang='lat' dir='ltr'><strong>cuius</strong></span> <span class='ocrx_word' id='word_1_265' title='bbox 1016 3210 1097 3272; x_wconf 86' lang='lat' dir='ltr'><strong>artis</strong></span> <span class='ocrx_word' id='word_1_266' title='bbox 1120 3228 1247 3271; x_wconf 87' lang='lat' dir='ltr'><strong>summa</strong></span> <span class='ocrx_word' id='word_1_267' title='bbox 1268 3216 1318 3272; x_wconf 91' lang='lat' dir='ltr'><strong>est</strong></span> <span class='ocrx_word' id='word_1_268' title='bbox 1337 3206 1407 3272; x_wconf 80' lang='lat' dir='ltr'><strong>hae</strong></span> 
     </span>
     <span class='ocr_line' id='line_1_30' title="bbox 67 3301 1406 3395; baseline 0.003 -26"><span class='ocrx_word' id='word_1_269' title='bbox 67 3301 69 3305; x_wconf 65' lang='grc'>’</span> <span class='ocrx_word' id='word_1_270' title='bbox 136 3313 212 3394; x_wconf 91' lang='lat' dir='ltr'><strong>post</strong></span> <span class='ocrx_word' id='word_1_271' title='bbox 234 3303 367 3368; x_wconf 86' lang='lat' dir='ltr'><strong>brevem</strong></span> <span class='ocrx_word' id='word_1_272' title='bbox 388 3305 620 3391; x_wconf 82' lang='lat' dir='ltr'><strong>grammaticae</strong></span> <span class='ocrx_word' id='word_1_273' title='bbox 641 3302 864 3369; x_wconf 88' lang='lat' dir='ltr'><strong>definitionem</strong></span> <span class='ocrx_word' id='word_1_274' title='bbox 882 3309 1057 3371; x_wconf 85' lang='lat' dir='ltr'><strong>maximam</strong></span> <span class='ocrx_word' id='word_1_275' title='bbox 1079 3318 1207 3395; x_wconf 88' lang='lat' dir='ltr'><strong>partem</strong></span> <span class='ocrx_word' id='word_1_276' title='bbox 1228 3332 1249 3374; x_wconf 90' lang='lat' dir='ltr'><strong>a</strong></span> <span class='ocrx_word' id='word_1_277' title='bbox 1269 3307 1406 3373; x_wconf 91' lang='lat' dir='ltr'><strong>Diomed</strong></span> 
     </span>
     <span class='ocr_line' id='line_1_31' title="bbox 137 3404 1404 3496; baseline 0.006 -29"><span class='ocrx_word' id='word_1_278' title='bbox 137 3406 198 3467; x_wconf 82' lang='grc'><strong>120</strong></span> <span class='ocrx_word' id='word_1_279' title='bbox 205 3451 214 3485; x_wconf 95' lang='grc'><strong>,</strong></span> <span class='ocrx_word' id='word_1_280' title='bbox 238 3406 277 3468; x_wconf 89' lang='grc'><strong>23</strong></span> <span class='ocrx_word' id='word_1_281' title='bbox 298 3427 368 3492; x_wconf 89' lang='lat' dir='ltr'><strong>sqq.</strong></span> <span class='ocrx_word' id='word_1_282' title='bbox 390 3406 526 3491; x_wconf 87' lang='lat' dir='ltr'><strong>petitam</strong></span> <span class='ocrx_word' id='word_1_283' title='bbox 547 3405 695 3491; x_wconf 87' lang='lat' dir='ltr'><strong>sequitur</strong></span> <span class='ocrx_word' id='word_1_284' title='bbox 716 3404 877 3491; x_wconf 85' lang='lat' dir='ltr'><strong>expositio</strong></span> <span class='ocrx_word' id='word_1_285' title='bbox 897 3409 1056 3488; x_wconf 91' lang='lat' dir='ltr'><strong>nominis,</strong></span> <span class='ocrx_word' id='word_1_286' title='bbox 1082 3417 1114 3473; x_wconf 89' lang='lat' dir='ltr'><strong>ct</strong></span> <span class='ocrx_word' id='word_1_287' title='bbox 1139 3411 1278 3495; x_wconf 90' lang='lat' dir='ltr'><strong>primum</strong></span> <span class='ocrx_word' id='word_1_288' title='bbox 1297 3409 1404 3496; x_wconf 85' lang='lat' dir='ltr'><strong>quider</strong></span> 
     </span>
     <span class='ocr_line' id='line_1_32' title="bbox 137 3504 1403 3598; baseline 0.004 -29"><span class='ocrx_word' id='word_1_289' title='bbox 137 3504 314 3569; x_wconf 89' lang='lat' dir='ltr'><strong>secundum</strong></span> <span class='ocrx_word' id='word_1_290' title='bbox 334 3505 530 3570; x_wconf 84' lang='lat' dir='ltr'><strong>Diomedem</strong></span> <span class='ocrx_word' id='word_1_291' title='bbox 548 3504 572 3568; x_wconf 84' lang='lat' dir='ltr'><strong>f.</strong></span> <span class='ocrx_word' id='word_1_292' title='bbox 596 3504 663 3570; x_wconf 84' lang='grc'><strong>80*</strong></span> <span class='ocrx_word' id='word_1_293' title='bbox 681 3509 793 3568; x_wconf 84' lang='lat' dir='ltr'><strong>Nomen</strong></span> <span class='ocrx_word' id='word_1_294' title='bbox 808 3516 852 3568; x_wconf 86' lang='lat' dir='ltr'><strong>esl</strong></span> <span class='ocrx_word' id='word_1_295' title='bbox 862 3541 905 3554; x_wconf 87' lang='lat'><strong>—-</strong></span> <span class='ocrx_word' id='word_1_296' title='bbox 918 3506 983 3570; x_wconf 84' lang='grc'><strong>82*</strong></span> <span class='ocrx_word' id='word_1_297' title='bbox 1003 3513 1054 3571; x_wconf 79' lang='lat' dir='ltr'><strong>ubi</strong></span> <span class='ocrx_word' id='word_1_298' title='bbox 1065 3517 1274 3576; x_wconf 72' lang='lat' dir='ltr'><strong>amationanlur</strong></span> <span class='ocrx_word' id='word_1_299' title='bbox 1294 3514 1339 3598; x_wconf 75' lang='lat' dir='ltr'><strong>(p.</strong></span> <span class='ocrx_word' id='word_1_300' title='bbox 1356 3514 1403 3575; x_wconf 74' lang='grc'><strong>321</strong></span> 
     </span>
     <span class='ocr_line' id='line_1_33' title="bbox 140 3603 1401 3693; baseline 0.003 -25"><span class='ocrx_word' id='word_1_301' title='bbox 140 3607 300 3690; x_wconf 88' lang='grc'><strong>11-328,</strong></span> <span class='ocrx_word' id='word_1_302' title='bbox 333 3605 399 3691; x_wconf 89' lang='grc'><strong>11).</strong></span> <span class='ocrx_word' id='word_1_303' title='bbox 442 3603 561 3670; x_wconf 90' lang='lat' dir='ltr'><strong>deinde</strong></span> <span class='ocrx_word' id='word_1_304' title='bbox 589 3604 798 3669; x_wconf 90' lang='lat' dir='ltr'><strong>aPrisciano</strong></span> <span class='ocrx_word' id='word_1_305' title='bbox 824 3615 975 3693; x_wconf 87' lang='lat' dir='ltr'><strong>receptus</strong></span> <span class='ocrx_word' id='word_1_306' title='bbox 1002 3608 1158 3675; x_wconf 89' lang='lat' dir='ltr'><strong>estliber</strong></span> <span class='ocrx_word' id='word_1_307' title='bbox 1183 3614 1355 3676; x_wconf 83' lang='lat' dir='ltr'><strong>tertiaeet</strong></span> <span class='ocrx_word' id='word_1_308' title='bbox 1379 3634 1401 3676; x_wconf 66' lang='lat' dir='ltr'><strong>s«</strong></span> 
     </span>
     <span class='ocr_line' id='line_1_34' title="bbox 137 3704 1400 3799; baseline 0.006 -31"><span class='ocrx_word' id='word_1_309' title='bbox 137 3705 234 3769; x_wconf 89' lang='lat' dir='ltr'><strong>cundi</strong></span> <span class='ocrx_word' id='word_1_310' title='bbox 256 3727 349 3790; x_wconf 88' lang='lat' dir='ltr'><strong>pars,</strong></span> <span class='ocrx_word' id='word_1_311' title='bbox 371 3709 604 3786; x_wconf 67' lang='lat' dir='ltr'><strong>cooperativum</strong></span> <span class='ocrx_word' id='word_1_312' title='bbox 622 3717 668 3769; x_wconf 82' lang='lat' dir='ltr'><strong>esi</strong></span> <span class='ocrx_word' id='word_1_313' title='bbox 683 3743 725 3757; x_wconf 85' lang='lat'><strong>-</strong></span> <span class='ocrx_word' id='word_1_314' title='bbox 748 3704 773 3769; x_wconf 87' lang='lat' dir='ltr'><strong>f.</strong></span> <span class='ocrx_word' id='word_1_315' title='bbox 797 3708 837 3769; x_wconf 89' lang='grc'><strong>99</strong></span> <span class='ocrx_word' id='word_1_316' title='bbox 859 3712 1022 3772; x_wconf 70' lang='lat' dir='ltr'><strong>dimualim</strong></span> <span class='ocrx_word' id='word_1_317' title='bbox 1048 3709 1167 3795; x_wconf 85' lang='lat' dir='ltr'><strong>(Prisc.</strong></span> <span class='ocrx_word' id='word_1_318' title='bbox 1190 3711 1208 3775; x_wconf 96' lang='grc' dir='ltr'>Ι</span> <span class='ocrx_word' id='word_1_319' title='bbox 1230 3736 1261 3799; x_wconf 94' lang='lat' dir='ltr'><strong>p.</strong></span> <span class='ocrx_word' id='word_1_320' title='bbox 1282 3713 1339 3794; x_wconf 90' lang='grc'><strong>82,</strong></span> <span class='ocrx_word' id='word_1_321' title='bbox 1367 3715 1400 3775; x_wconf 89' lang='grc'><strong>2-</strong></span> 
     </span>
     <span class='ocr_line' id='line_1_35' title="bbox 142 3805 1399 3895; baseline 0.009 -29"><span class='ocrx_word' id='word_1_322' title='bbox 142 3808 217 3887; x_wconf 92' lang='grc'><strong>116,</strong></span> <span class='ocrx_word' id='word_1_323' title='bbox 238 3808 268 3869; x_wconf 94' lang='grc'><strong>2.</strong></span> <span class='ocrx_word' id='word_1_324' title='bbox 288 3807 347 3888; x_wconf 90' lang='grc'><strong>56,</strong></span> <span class='ocrx_word' id='word_1_325' title='bbox 371 3807 514 3890; x_wconf 84' lang='grc'><strong>28-59,</strong></span> <span class='ocrx_word' id='word_1_326' title='bbox 540 3805 604 3891; x_wconf 88' lang='grc'><strong>10).</strong></span> <span class='ocrx_word' id='word_1_327' title='bbox 650 3813 805 3871; x_wconf 87' lang='lat' dir='ltr'><strong>secuntur</strong></span> <span class='ocrx_word' id='word_1_328' title='bbox 826 3817 982 3895; x_wconf 84' lang='lat' dir='ltr'><strong>excerpta</strong></span> <span class='ocrx_word' id='word_1_329' title='bbox 1005 3809 1164 3892; x_wconf 82' lang='lat' dir='ltr'><strong>Charisii,</strong></span> <span class='ocrx_word' id='word_1_330' title='bbox 1190 3815 1284 3875; x_wconf 81' lang='lat' dir='ltr'><strong>Ebria</strong></span> <span class='ocrx_word' id='word_1_331' title='bbox 1309 3834 1399 3889; x_wconf 73' lang='lat' dir='ltr'><strong>aanor</strong></span> 
     </span>
     <span class='ocr_line' id='line_1_36' title="bbox 135 3911 1398 3982; baseline 0.009 -14"><span class='ocrx_word' id='word_1_332' title='bbox 135 3919 179 3968; x_wconf 83' lang='lat' dir='ltr'><strong>est</strong></span> <span class='ocrx_word' id='word_1_333' title='bbox 197 3911 366 3970; x_wconf 73' lang='lat' dir='ltr'><strong>communis.</strong></span> <span class='ocrx_word' id='word_1_334' title='bbox 408 3913 605 3970; x_wconf 79' lang='lat' dir='ltr'><strong>saturnalium</strong></span> <span class='ocrx_word' id='word_1_335' title='bbox 625 3918 656 3970; x_wconf 86' lang='lat' dir='ltr'><strong>el</strong></span> <span class='ocrx_word' id='word_1_336' title='bbox 675 3917 911 3975; x_wconf 81' lang='lat' dir='ltr'><strong>saturnaliorum</strong></span> <span class='ocrx_word' id='word_1_337' title='bbox 933 3922 1046 3976; x_wconf 72' lang='lat' dir='ltr'><strong>uclaes</strong></span> <span class='ocrx_word' id='word_1_338' title='bbox 1058 3917 1204 3982; x_wconf 55' lang='lat' dir='ltr'><strong>⁴(licebant</strong></span> <span class='ocrx_word' id='word_1_339' title='bbox 1223 3949 1266 3963; x_wconf 83' lang='lat'>-</span> <span class='ocrx_word' id='word_1_340' title='bbox 1294 3913 1318 3977; x_wconf 83' lang='lat' dir='ltr'><strong>f.</strong></span> <span class='ocrx_word' id='word_1_341' title='bbox 1344 3917 1398 3980; x_wconf 83' lang='grc'><strong>101</strong></span> 
     </span>
     <span class='ocr_line' id='line_1_37' title="bbox 137 4010 1396 4100; baseline 0.01 -33"><span class='ocrx_word' id='word_1_342' title='bbox 137 4010 199 4068; x_wconf 80' lang='lat' dir='ltr'><strong>Sed</strong></span> <span class='ocrx_word' id='word_1_343' title='bbox 216 4011 415 4100; x_wconf 59' lang='lat' dir='ltr'><strong>particulam</strong></span> <span class='ocrx_word' id='word_1_344' title='bbox 431 4013 531 4069; x_wconf 81' lang='lat' dir='ltr'><strong>lillera</strong></span> <span class='ocrx_word' id='word_1_345' title='bbox 552 4012 745 4071; x_wconf 80' lang='lat' dir='ltr'><strong>terminanda</strong></span> <span class='ocrx_word' id='word_1_346' title='bbox 760 4020 812 4073; x_wconf 81' lang='lat' dir='ltr'><strong>esi.</strong></span> <span class='ocrx_word' id='word_1_347' title='bbox 855 4016 929 4075; x_wconf 80' lang='lat' dir='ltr'><strong>redu</strong></span> <span class='ocrx_word' id='word_1_348' title='bbox 949 4020 1028 4077; x_wconf 82' lang='lat' dir='ltr'><strong>enim</strong></span> <span class='ocrx_word' id='word_1_349' title='bbox 1049 4019 1165 4092; x_wconf 78' lang='lat' dir='ltr'><strong>antiqui</strong></span> <span class='ocrx_word' id='word_1_350' title='bbox 1180 4033 1239 4093; x_wconf 81' lang='lat' dir='ltr'><strong>pro</strong></span> <span class='ocrx_word' id='word_1_351' title='bbox 1259 4018 1314 4076; x_wconf 82' lang='lat' dir='ltr'><strong>sed</strong></span> <span class='ocrx_word' id='word_1_352' title='bbox 1327 4035 1396 4094; x_wconf 83' lang='lat' dir='ltr'><strong>pom</strong></span> 
     </span>
     <span class='ocr_line' id='line_1_38' title="bbox 137 4110 1395 4201; baseline 0.008 -33"><span class='ocrx_word' id='word_1_353' title='bbox 137 4111 208 4169; x_wconf 82' lang='lat' dir='ltr'><strong>banl</strong></span> <span class='ocrx_word' id='word_1_354' title='bbox 226 4110 403 4185; x_wconf 75' lang='lat' dir='ltr'><strong>demptaque</strong></span> <span class='ocrx_word' id='word_1_355' title='bbox 431 4114 592 4171; x_wconf 88' lang='lat' dir='ltr'><strong>nouissima</strong></span> <span class='ocrx_word' id='word_1_356' title='bbox 612 4115 857 4201; x_wconf 64' lang='lat' dir='ltr'><strong>parietinarum</strong></span> <span class='ocrx_word' id='word_1_357' title='bbox 880 4119 993 4177; x_wconf 86' lang='lat' dir='ltr'><strong>inmuta</strong></span> <span class='ocrx_word' id='word_1_358' title='bbox 1020 4120 1132 4177; x_wconf 83' lang='lat' dir='ltr'><strong>mutari</strong></span> <span class='ocrx_word' id='word_1_359' title='bbox 1157 4133 1216 4176; x_wconf 89' lang='lat' dir='ltr'><strong>non</strong></span> <span class='ocrx_word' id='word_1_360' title='bbox 1241 4121 1395 4192; x_wconf 78' lang='lat' dir='ltr'><strong>potitura</strong></span> 
     </span>
     <span class='ocr_line' id='line_1_39' title="bbox 135 4207 1394 4297; baseline 0.01 -30"><span class='ocrx_word' id='word_1_361' title='bbox 135 4212 244 4268; x_wconf 79' lang='lat' dir='ltr'><strong>militer</strong></span> <span class='ocrx_word' id='word_1_362' title='bbox 261 4216 311 4269; x_wconf 85' lang='lat' dir='ltr'><strong>sal</strong></span> <span class='ocrx_word' id='word_1_363' title='bbox 326 4226 384 4285; x_wconf 85' lang='lat' dir='ltr'><strong>pro</strong></span> <span class='ocrx_word' id='word_1_364' title='bbox 404 4214 477 4271; x_wconf 86' lang='lat' dir='ltr'><strong>salis</strong></span> <span class='ocrx_word' id='word_1_365' title='bbox 496 4207 541 4293; x_wconf 89' lang='lat' dir='ltr'><strong>(p.</strong></span> <span class='ocrx_word' id='word_1_366' title='bbox 563 4209 622 4292; x_wconf 83' lang='lat'><strong>52,</strong></span> <span class='ocrx_word' id='word_1_367' title='bbox 647 4212 806 4294; x_wconf 88' lang='grc'><strong>11-112,</strong></span> <span class='ocrx_word' id='word_1_368' title='bbox 826 4212 872 4297; x_wconf 87' lang='lat' dir='ltr'><strong>l).</strong></span> <span class='ocrx_word' id='word_1_369' title='bbox 919 4217 1008 4278; x_wconf 77' lang='lat' dir='ltr'><strong>Toros</strong></span> <span class='ocrx_word' id='word_1_370' title='bbox 1027 4235 1086 4293; x_wconf 83' lang='lat' dir='ltr'><strong>pro</strong></span> <span class='ocrx_word' id='word_1_371' title='bbox 1107 4226 1224 4294; x_wconf 80' lang='lat' dir='ltr'><strong>torques</strong></span> <span class='ocrx_word' id='word_1_372' title='bbox 1241 4221 1394 4292; x_wconf 83' lang='lat' dir='ltr'><strong>pomponii</strong></span> 
     </span>
     <span class='ocr_line' id='line_1_40' title="bbox 136 4309 1393 4401; baseline 0.01 -33"><span class='ocrx_word' id='word_1_373' title='bbox 136 4310 216 4368; x_wconf 70' lang='lat' dir='ltr'><strong>duait</strong></span> <span class='ocrx_word' id='word_1_374' title='bbox 231 4343 273 4355; x_wconf 87' lang='lat'>-</span> <span class='ocrx_word' id='word_1_375' title='bbox 295 4309 506 4372; x_wconf 79' lang='lat' dir='ltr'><strong>Uolucresnon</strong></span> <span class='ocrx_word' id='word_1_376' title='bbox 524 4315 647 4374; x_wconf 83' lang='lat' dir='ltr'><strong>uolucer</strong></span> <span class='ocrx_word' id='word_1_377' title='bbox 661 4317 705 4374; x_wconf 87' lang='lat' dir='ltr'><strong>ail</strong></span> <span class='ocrx_word' id='word_1_378' title='bbox 719 4316 841 4390; x_wconf 81' lang='lat' dir='ltr'><strong>plenius</strong></span> <span class='ocrx_word' id='word_1_379' title='bbox 855 4318 919 4376; x_wconf 75' lang='lat' dir='ltr'><strong>ilici</strong></span> <span class='ocrx_word' id='word_1_380' title='bbox 937 4318 1044 4379; x_wconf 74' lang='lat' dir='ltr'><strong>alehem</strong></span> <span class='ocrx_word' id='word_1_381' title='bbox 1061 4315 1106 4401; x_wconf 90' lang='lat' dir='ltr'><strong>(p.</strong></span> <span class='ocrx_word' id='word_1_382' title='bbox 1126 4318 1201 4396; x_wconf 86' lang='grc'><strong>145,</strong></span> <span class='ocrx_word' id='word_1_383' title='bbox 1217 4316 1268 4377; x_wconf 88' lang='grc'><strong>29.</strong></span> <span class='ocrx_word' id='word_1_384' title='bbox 1288 4318 1393 4396; x_wconf 73' lang='lat' dir='ltr'><strong>14⁷,l</strong></span> 
     </span>
     <span class='ocr_line' id='line_1_41' title="bbox 136 4410 1372 4494; baseline 0.008 -26"><span class='ocrx_word' id='word_1_385' title='bbox 136 4410 237 4469; x_wconf 78' lang='lat' dir='ltr'><strong>Prima</strong></span> <span class='ocrx_word' id='word_1_386' title='bbox 268 4412 472 4473; x_wconf 81' lang='lat' dir='ltr'><strong>decimationis</strong></span> <span class='ocrx_word' id='word_1_387' title='bbox 498 4416 648 4474; x_wconf 81' lang='lat' dir='ltr'><strong>nominum</strong></span> <span class='ocrx_word' id='word_1_388' title='bbox 673 4422 788 4475; x_wconf 75' lang='lat' dir='ltr'><strong>usuras</strong></span> <span class='ocrx_word' id='word_1_389' title='bbox 814 4420 894 4478; x_wconf 77' lang='lat' dir='ltr'><strong>soliti</strong></span> <span class='ocrx_word' id='word_1_390' title='bbox 915 4426 1005 4479; x_wconf 81' lang='lat' dir='ltr'><strong>erant</strong></span> <span class='ocrx_word' id='word_1_391' title='bbox 1098 4418 1232 4478; x_wconf 72' lang='lat' dir='ltr'><strong>datarum</strong></span> <span class='ocrx_word' id='word_1_392' title='bbox 1254 4437 1314 4494; x_wconf 81' lang='lat' dir='ltr'><strong>per</strong></span> <span class='ocrx_word' id='word_1_393' title='bbox 1339 4423 1372 4478; x_wconf 83' lang='lat' dir='ltr'><strong>ai</strong></span> 
     </span>
     <span class='ocr_line' id='line_1_42' title="bbox 136 4510 1391 4580; baseline 0.008 -10"><span class='ocrx_word' id='word_1_394' title='bbox 136 4510 212 4570; x_wconf 80' lang='lat' dir='ltr'><strong>baec</strong></span> <span class='ocrx_word' id='word_1_395' title='bbox 231 4515 304 4572; x_wconf 88' lang='lat' dir='ltr'><strong>aula</strong></span> <span class='ocrx_word' id='word_1_396' title='bbox 324 4513 412 4573; x_wconf 81' lang='lat' dir='ltr'><strong>lruim</strong></span> <span class='ocrx_word' id='word_1_397' title='bbox 432 4516 520 4573; x_wconf 87' lang='lat' dir='ltr'><strong>aulas</strong></span> <span class='ocrx_word' id='word_1_398' title='bbox 540 4516 610 4575; x_wconf 83' lang='lat' dir='ltr'><strong>imis</strong></span> <span class='ocrx_word' id='word_1_399' title='bbox 631 4518 718 4576; x_wconf 88' lang='lat' dir='ltr'><strong>aulai</strong></span> <span class='ocrx_word' id='word_1_400' title='bbox 745 4549 783 4560; x_wconf 93' lang='lat'><em>-</em></span> <span class='ocrx_word' id='word_1_401' title='bbox 813 4513 838 4578; x_wconf 86' lang='lat' dir='ltr'><strong>f.</strong></span> <span class='ocrx_word' id='word_1_402' title='bbox 864 4514 951 4580; x_wconf 77' lang='grc'><strong>105*</strong></span> <span class='ocrx_word' id='word_1_403' title='bbox 975 4521 1088 4580; x_wconf 65' lang='grc' dir='ltr'><strong>Νηῐηῒε</strong></span> <span class='ocrx_word' id='word_1_404' title='bbox 1113 4522 1206 4579; x_wconf 86' lang='lat' dir='ltr'><strong>solum</strong></span> <span class='ocrx_word' id='word_1_405' title='bbox 1233 4537 1337 4580; x_wconf 87' lang='lat' dir='ltr'><strong>nomen</strong></span> <span class='ocrx_word' id='word_1_406' title='bbox 1364 4539 1391 4580; x_wconf 82' lang='lat' dir='ltr'><strong>ur</strong></span> 
     </span>
     <span class='ocr_line' id='line_1_43' title="bbox 135 4612 1390 4702; baseline 0.01 -32"><span class='ocrx_word' id='word_1_407' title='bbox 135 4612 252 4684; x_wconf 79' lang='lat' dir='ltr'><strong>syllaba</strong></span> <span class='ocrx_word' id='word_1_408' title='bbox 273 4616 370 4674; x_wconf 87' lang='lat' dir='ltr'><strong>minor</strong></span> <span class='ocrx_word' id='word_1_409' title='bbox 398 4614 437 4673; x_wconf 85' lang='lat' dir='ltr'><strong>ab</strong></span> <span class='ocrx_word' id='word_1_410' title='bbox 457 4630 492 4673; x_wconf 86' lang='lat' dir='ltr'><strong>eo</strong></span> <span class='ocrx_word' id='word_1_411' title='bbox 512 4622 556 4673; x_wconf 82' lang='lat' dir='ltr'><strong>est</strong></span> <span class='ocrx_word' id='word_1_412' title='bbox 577 4617 657 4677; x_wconf 78' lang='lat' dir='ltr'><strong>uncle</strong></span> <span class='ocrx_word' id='word_1_413' title='bbox 683 4620 781 4676; x_wconf 80' lang='lat' dir='ltr'><strong>oritur</strong></span> <span class='ocrx_word' id='word_1_414' title='bbox 802 4620 883 4693; x_wconf 80' lang='lat' dir='ltr'><strong>qma</strong></span> <span class='ocrx_word' id='word_1_415' title='bbox 906 4623 1040 4680; x_wconf 77' lang='lat' dir='ltr'><strong>nutritur</strong></span> <span class='ocrx_word' id='word_1_416' title='bbox 1066 4616 1112 4702; x_wconf 88' lang='lat' dir='ltr'><strong>(p.</strong></span> <span class='ocrx_word' id='word_1_417' title='bbox 1135 4617 1187 4698; x_wconf 90' lang='grc'><strong>18,</strong></span> <span class='ocrx_word' id='word_1_418' title='bbox 1218 4618 1390 4700; x_wconf 78' lang='lat' dir='ltr'><strong>17—4l,l</strong></span> 
     </span>
     <span class='ocr_line' id='line_1_44' title="bbox 136 4700 1369 4800; baseline 0.007 -29"><span class='ocrx_word' id='word_1_419' title='bbox 136 4700 178 4768; x_wconf 85' lang='lat' dir='ltr'><strong>de</strong></span> <span class='ocrx_word' id='word_1_420' title='bbox 205 4711 395 4794; x_wconf 88' lang='lat' dir='ltr'><strong>pronomine</strong></span> <span class='ocrx_word' id='word_1_421' title='bbox 422 4713 675 4777; x_wconf 90' lang='lat' dir='ltr'><strong>commentarius</strong></span> <span class='ocrx_word' id='word_1_422' title='bbox 703 4713 964 4780; x_wconf 87' lang='lat' dir='ltr'><strong>membranarum</strong></span> <span class='ocrx_word' id='word_1_423' title='bbox 991 4717 1132 4799; x_wconf 86' lang='lat' dir='ltr'><strong>iactura,</strong></span> <span class='ocrx_word' id='word_1_424' title='bbox 1159 4726 1195 4780; x_wconf 91' lang='lat' dir='ltr'><strong>ut</strong></span> <span class='ocrx_word' id='word_1_425' title='bbox 1223 4716 1369 4800; x_wconf 81' lang='lat' dir='ltr'><strong>videtur,</strong></span> 
     </span>
     <span class='ocr_line' id='line_1_45' title="bbox 135 4801 1388 4912; baseline 0.012 -44"><span class='ocrx_word' id='word_1_426' title='bbox 135 4807 247 4875; x_wconf 88' lang='lat' dir='ltr'><strong>codice</strong></span> <span class='ocrx_word' id='word_1_427' title='bbox 277 4820 446 4878; x_wconf 88' lang='lat' dir='ltr'><strong>truncatus</strong></span> <span class='ocrx_word' id='word_1_428' title='bbox 479 4819 539 4877; x_wconf 92' lang='lat' dir='ltr'><strong>est.</strong></span> <span class='ocrx_word' id='word_1_429' title='bbox 584 4820 687 4877; x_wconf 91' lang='lat' dir='ltr'><strong>restat</strong></span> <span class='ocrx_word' id='word_1_430' title='bbox 718 4823 827 4880; x_wconf 85' lang='lat' dir='ltr'><strong>autem</strong></span> <span class='ocrx_word' id='word_1_431' title='bbox 858 4816 934 4880; x_wconf 90' lang='lat' dir='ltr'><strong>finis</strong></span> <span class='ocrx_word' id='word_1_432' title='bbox 966 4818 1189 4882; x_wconf 86' lang='lat' dir='ltr'><strong>commentarii</strong></span> <span class='ocrx_word' id='word_1_433' title='bbox 1221 4838 1242 4881; x_wconf 91' lang='lat' dir='ltr'><strong>a</strong></span> <span class='ocrx_word' id='word_1_434' title='bbox 1270 4801 1388 4912; x_wconf 73' lang='lat' dir='ltr'><strong>Pompe</strong></span> 
     </span>
    </p>
   </div>
   <div class='ocr_carea' id='block_1_5' title="bbox 0 0 1562 5356">
    <p class='ocr_par' dir='ltr' id='par_1_6' title="bbox 0 0 1562 5356">
     <span class='ocr_line' id='line_1_46' title="bbox 0 0 1562 5356; baseline 0 3"><span class='ocrx_word' id='word_1_435' title='bbox 0 0 1562 5356; x_wconf 95' lang='lat' dir='ltr'><strong> </strong></span> 
     </span>
    </p>
   </div>
  </div>
 </body>
</html>
