3114 5356
581 339 789 434 1111111110
1129 315 1143 331 “
1289 367 1354 413 m,

57 543 119 587 sam
139 545 195 588 me
217 523 356 587 adducit
377 524 562 610 opinionem
576 531 613 586 11
624 510 853 588 Cominianum
869 546 934 589 non
946 524 1042 591 valde
1057 527 1227 614 antiquum
1247 552 1353 616 gram·

58 624 210 686 maticum
246 623 351 687 fuisse
379 634 411 688 11
439 624 559 690 librum
590 646 684 688 suum
713 646 779 689 non
805 624 910 692 doctis
939 625 1125 696 hominibus
1140 628 1214 720 'sed
1242 634 1352 717 pueris

58 725 271 789 destinavisse
294 734 416 811 putem.
1018 777 1024 787 .

136 825 258 890 Rarior
287 823 456 914 aliquanto
480 825 744 891 Palaemonis
773 829 895 892 mentio
922 827 1010 914 apud
1035 827 1224 894 Charisium
1251 841 1352 896 extet.

56 947 125 990 nam
159 926 203 991 de
237 926 345 992 tribus
381 935 507 991 tantum
542 926 691 1013 partibus
726 929 883 993 orationis
917 930 989 993 eius
1028 952 1063 994 se
1104 935 1353 999 commentarios

56 1029 302 1115 transcripsisse
317 1038 455 1093 testatus
476 1036 542 1111 est,
565 1027 606 1091 de
627 1029 855 1094 coniunctione
878 1032 950 1112 225,
966 1034 985 1093 5
1003 1068 1047 1079 -
1066 1032 1138 1115 229,
1161 1035 1190 1115 2,
1205 1032 1247 1097 de
1261 1056 1353 1121 prae·

56 1130 225 1216 positione.
240 1131 313 1212 231,
338 1134 352 1192 1
377 1168 422 1178 -
441 1132 514 1213 236,
540 1134 589 1213 15,
612 1129 653 1194 de
671 1131 896 1194 interiectione
912 1132 984 1215 238,
1008 1132 1143 1197 23-25.
1187 1132 1239 1197 bis
1265 1138 1354 1200 1111

23 1244 28 1255 ’
56 1233 164 1296 statim
182 1230 304 1295 addam
325 1252 364 1293 ea
386 1252 471 1317 quae
494 1229 534 1294 de
552 1230 711 1295 adverbio
737 1230 859 1316 scripta
880 1240 957 1296 sunt
981 1232 1058 1314 186,
1082 1236 1122 1298 30
1140 1271 1182 1284 -
1209 1230 1281 1319 189,Ι
1301 1240 1353 1321 24,

55 1331 204 1418 quamvis
232 1353 351 1396 nomen
372 1331 579 1395 Palaemonis
602 1353 667 1396 non
697 1333 739 1395 sit
760 1331 959 1419 adpositum.
1004 1354 1080 1398 nam
1104 1355 1275 1400 cumeum
1303 1359 1353 1402 or·

55 1431 163 1496 dinem
187 1434 222 1496 in
243 1443 393 1499 extrema
413 1441 507 1519 parte
528 1433 663 1496 secundi
679 1432 755 1497 libri
766 1433 936 1498 Charisius
948 1443 1079 1498 secutus
1103 1438 1145 1500 sit
1165 1444 1202 1500 ut
1225 1436 1266 1501 de
1288 1439 1354 1503 sin·

55 1531 138 1618 gulis
160 1534 312 1620 partibus
334 1536 492 1598 orationis
514 1535 654 1620 primum
677 1530 879 1616 Cominiani,
903 1533 1022 1599 deinde
1044 1535 1270 1623 Palaemonis,
1290 1548 1354 1604 ter·

53 1635 97 1697 tio
116 1633 190 1700 loco
201 1634 341 1699 Romani
361 1638 627 1701 commentarium
646 1644 796 1721 poneret,
819 1635 860 1699 de
883 1635 1041 1702 adverbio
1059 1659 1256 1725 quamquam
1269 1640 1353 1706 duae

54 1734 293 1823 disputationes
315 1744 392 1800 sunt
417 1737 545 1801 mediae
566 1738 652 1801 inter
674 1734 860 1801 Cominiani
883 1745 915 1801 et
938 1737 1077 1802 Romani
1104 1749 1274 1828 excerpta,
1302 1751 1350 1805 ta-

55 1859 126 1902 men
150 1836 297 1902 dubitari
317 1840 431 1924 nequit
453 1826 533 1926 quin
559 1838 639 1902 haec
661 1858 745 1924 quae
768 1837 839 1901 dixi
861 1837 1067 1904 Palaemonis
1091 1842 1166 1905 sint.
1211 1845 1351 1929 primum

54 1940 138 2002 enim
159 1959 200 2002 ea
230 1959 313 2025 quae
336 1938 377 2002 de
407 1938 575 2003 adverbiis
599 1960 641 2001 ex
664 1938 960 2027 praepositionibus
984 1941 1063 2006 ortis
1086 1942 1253 2028 disputata
1275 1953 1351 2008 sunt

57 2041 130 2116 189,
152 2043 193 2102 11)
214 2061 285 2127 sqq.
308 2042 426 2104 iterum
448 2042 481 2103 in
493 2039 699 2105 Palaemonis
714 2042 945 2105 commentario
963 2040 1003 2105 dc
1024 2043 1265 2129 praepositione
1278 2047 1351 2126 231,

56 2141 93 2202 25
115 2162 187 2227 sqq.
211 2143 376 2227 leguntur.
416 2165 477 2208 nec
490 2141 606 2220 minus
627 2162 712 2228 quae
733 2141 780 2206 ibi
797 2141 837 2206 de
855 2140 1042 2207 nominibus
1054 2145 1236 2208 civitatium
1257 2146 1353 2232 prae·

57 2245 375 2328 capesseremne
406 2252 439 2309 11
462 2241 588 2308 2811111
611 2263 694 2328 quae
719 2246 793 2327 188,
819 2243 1117 2310 18111111111111
1141 2246 1351 2333 respondent.

57 2339 173 2406 deinde
195 2365 290 2408 suum
320 2347 496 2411 11111111
523 2343 673 2430 exemplo
695 2347 818 2429 posuit'
829 2346 1061 2429 grammaticus
1087 2349 1161 2429 187,
1191 2351 1204 2410 1
1236 2353 1350 2413 Polae-

57 2461 119 2505 nroa
147 2449 242 2509 docet.
288 2457 452 2533 postremo
481 2445 666 2510 disserendi
696 2467 800 2530 genus
829 2444 1030 2510 simillimum
1057 2457 1108 2511 est
1134 2448 1183 2512 illi
1207 2449 1295 2535 quod
1317 2451 1352 2514 in

57 2542 104 2607 his
126 2567 211 2632 quae
230 2566 330 2634 supra
352 2546 496 2611 indicata
520 2557 596 2613 sunt
611 2545 816 2612 observatur.
852 2547 952 2611 habet
973 2556 1082 2610 autem
1101 2547 1295 2634 Palaemon,
1315 2558 1352 2615 ut

57 2646 86 2708 11
123 2646 175 2712 bis
209 2659 363 2736 quattuor
399 2650 557 2715 orationis
597 2647 746 2734 partibus
782 2669 868 2712 nunc
901 2648 1093 2730 subsistam,
1133 2649 1237 2715 multa
1277 2648 1351 2716 curis

57 2747 265 2831 Cominiano,
288 2750 413 2838 dequo
436 2761 533 2815 antea
553 2751 639 2833 dixi,
661 2751 864 2834 communia,
885 2751 1004 2838 quippe
1027 2772 1122 2837 quem
1145 2752 1252 2836 ipsum
1273 2775 1351 2838 quo·

57 2872 116 2938 que
148 2853 263 2937 pueris
293 2851 503 2918 instituendis
531 2872 662 2938 operam
691 2850 822 2915 dedisse
850 2861 991 2935 constet,
1023 2852 1152 2917 sedita
1177 2861 1287 2918 tamen
1314 2865 1351 2920 ut

56 2951 231 3016 doctiorem
258 2954 426 3041 aliquanto
455 2963 487 3019 et
519 2954 737 3040 antiquiorem
769 2954 1019 3038 grammaticum
1053 2954 1150 3018 facile
1179 2976 1350 3041 agnoscas.

57 3075 127 3118 nam
156 3056 191 3119 in
217 3076 283 3120 una
311 3077 441 3144 quaque
470 3064 563 3143 parte
592 3050 749 3119 orationis
771 3054 912 3139 primum
941 3054 1073 3140 quidem
1101 3055 1351 3140 significationis

60 3159 245 3221 varietatem
269 3167 302 3224 et
320 3178 416 3221 usum
439 3149 653 3243 multiplicem
676 3153 744 3219 suis
766 3153 943 3240 generibus
960 3154 1150 3241 descripsit,
1173 3179 1238 3243 qua
1258 3158 1293 3222 in
1315 3180 1351 3222 re

59 3259 165 3324 sedulo
179 3281 255 3322 cum
266 3259 386 3324 Latino
402 3280 551 3324 sermone
563 3256 831 3323 consuetudinem
848 3257 1049 3321 Graecorum
1065 3259 1273 3344 conparavit3
1296 3258 1351 3323 de·
1474 3257 1477 3263 ’

62 3361 130 3425 inde
152 3383 230 3426 vero
257 3360 504 3426 observationes
527 3360 636 3424 varias
665 3359 820 3441 subiecit,
849 3358 967 3444 quibus
995 3357 1036 3421 de
1065 3379 1126 3421 usu
1155 3361 1351 3445 optimorum

63 3463 248 3549 scriptorum
274 3463 487 3549 praeciperet.
533 3469 630 3548 atque
663 3460 697 3524 11
719 3460 770 3525 his
798 3480 974 3546 paucorum
998 3460 1192 3545 scriptorum
1216 3481 1351 3524 numero

64 3583 93 3625 se
113 3564 283 3627 continuit.
327 3585 403 3628 nam
426 3585 444 3627 1
471 3563 577 3649 poetis
600 3559 789 3625 Terentium
814 3571 846 3625 et
870 3559 1069 3645 Vergilium,
1098 3580 1194 3646 quem
1221 3568 1350 3644 poetam

65 3662 136 3728 dicit
156 3666 230 3748 232,
256 3666 354 3749 12,11
374 3664 557 3745 Horatium,
580 3685 598 3726 e
621 3684 738 3748 prosae
760 3662 915 3727 orationis
936 3661 1150 3746 scriptoribus
1172 3681 1274 3725 unum
1296 3661 1351 3727 Ci-

66 3787 206 3832 ceronem
230 3767 413 3853 usurpavit.
457 3788 553 3853 porro
575 3764 743 3830 Ciceronis
770 3754 920 3849 exempla
943 3763 1052 3826 omnia
1082 3762 1351 3829 exorationibus

66 3866 92 3929 11
112 3866 302 3950 Catilinam,
320 3888 380 3954 pro
401 3867 540 3950 Milone,
564 3890 623 3955 pro
644 3866 765 3931 Roscio
788 3865 944 3928 Amerino
964 3865 1067 3951 petita
1088 3871 1175 3927 sunt.
1220 3864 1351 3929 titulum

25 3985 27 3988 ·
66 3965 132 4033 libri
152 3990 330 4056 numquam
350 3968 493 4050 addidit,
513 3969 576 4031 nisi
597 3967 684 4055 quod
707 3963 808 4030 semel
831 3965 902 4047 231,
926 3967 965 4029 24
989 3965 1156 4031 Ciceronis
1179 3965 1220 4031 de
1240 3969 1351 4032 amici-

66 4071 104 4132 tia
126 4070 210 4136 liber
236 4069 423 4135 nominatus
451 4078 516 4151 est,
546 4071 574 4133 si
604 4067 702 4132 modo
728 4064 810 4131 illud
834 4087 854 4128 a
881 4065 1078 4131 Palaemone
1109 4067 1292 4154 profectum
1311 4090 1351 4131 ac

66 4191 120 4234 non
138 4172 249 4258 potius
268 4191 289 4233 a
310 4167 461 4236 Charisio
485 4168 618 4233 aliunde
641 4166 789 4232 additum
809 4174 868 4230 est.
953 4226 956 4230 .

138 4271 203 4338 Sed
224 4271 265 4337 de
287 4270 341 4336 his
365 4270 492 4336 duobus
513 4270 737 4356 grammaticis
759 4269 800 4333 de
821 4267 942 4356 quibus
969 4266 1067 4332 modo
1096 4267 1166 4330 dixi
1189 4267 1230 4331 ad
1252 4268 1351 4330 finem

65 4373 186 4456 perduci
207 4373 359 4462 quaestio
380 4395 447 4439 non
466 4373 597 4460 poterit,
617 4372 680 4435 nisi
702 4369 785 4435 illud
805 4369 1003 4456 explicatum
1025 4371 1139 4452 111111,
1161 4387 1246 4454 quae
1268 4365 1352 4428 ratio

65 4475 346 4543 111110111111111
368 4485 400 4540 et
421 4474 615 4540 Diomedem
638 4471 830 4537 intercedat.
874 4479 1003 4536 constat
1028 4472 1114 4535 enim
1136 4466 1246 4537 multis
1271 4465 1351 4529 locis

65 4587 119 4642 tam
146 4578 289 4644 similem
312 4598 385 4641 esse
406 4578 577 4662 utriusque
599 4574 779 4639 doctrinam
803 4582 840 4637 ut
861 4572 964 4639 verba
987 4570 1096 4636 verbis
1119 4569 1349 4654 respondeant.

10 4686 13 4778 1
65 4699 145 4763 quem
174 4699 373 4754 consensum
406 4698 479 4741 cum
508 4678 564 4742 alii
594 4680 641 4739 sic
662 4678 954 4761 interpretarentur
981 4681 1017 4735 ut
1038 4668 1182 4734 Charisii
1203 4669 1303 4733 libros
1332 4690 1354 4732 a

66 4775 210 4846 Diomede
234 4779 422 4866 exscriptos
444 4799 515 4841 esse
535 4777 692 4859 dicerent,
715 4775 770 4841 alii
783 4774 977 4841 Diomedem
1000 4767 1163 4833 scribendi
1185 4771 1353 4834 materiem
1375 4765 1378 4769 ’

106 4903 312 4951 1111111111
336 4901 448 4943 narrar
477 4903 497 4942 1.
1125 4871 1143 4924 11
