3114 5356
151 333 235 377 111161
694 313 903 377 PRAEFATIO

151 517 229 562 sane
250 504 301 560 est
321 495 357 558 16
374 493 477 559 Α6611
497 493 589 559 Flori
607 493 692 561 libro
713 496 755 561 ad
778 495 889 564 divum
913 497 1118 562 Hadrianum
1140 501 1192 581 53,
1225 503 1274 564 14.
1302 503 1373 582 123,
1399 504 1410 563 1

152 602 223 680 146,
245 600 274 661 6.
317 618 415 684 quam
444 595 487 661 ob
514 617 583 659 rem
610 620 675 663 non
700 597 798 662 video
820 605 943 661 certum
966 600 1085 663 aetatis
1111 601 1268 665 indicium
1297 602 1414 666 relicto

149 722 222 764 esse
243 699 304 763 nisi
328 698 405 775 1166,
434 697 521 784 6661
542 699 577 763 16
600 720 719 784 magno
742 701 934 786 scriptorum
956 722 1090 766 numero
1111 701 1236 766 nullum
1259 703 1375 766 citavit
1396 702 1416 767 h

149 823 231 888 quos
253 800 349 866 modo
373 799 443 863 dixi
464 809 497 863 et
517 800 670 886 Apuleio,
693 802 749 887 qui
767 802 808 865 iis
829 810 935 866 aetate
952 802 1020 866 1616
1042 824 1102 888 par
1119 813 1198 886 erat,
1218 804 1416 867 recentiores

148 904 201 967 cui
222 903 343 967 iudicio
365 921 430 964 non
451 908 530 985 puto
549 922 732 987 repugnare
752 902 845 986 illud,
866 903 953 990 quod
977 903 1077 968 semel
1099 906 1171 986 220,
1194 907 1235 970 28
1248 902 1416 990 ‘Porphyr

148 1027 192 1068 ex
214 1003 330 1067 Verrio
351 1011 383 1065 et
407 1003 520 1065 sesto’
543 1003 663 1066 citatus
687 1012 746 1067 est
769 1026 896 1092 neque
918 1007 1022 1090 magis
1045 1015 1200 1092 conperta
1221 1014 1273 1070 est
1293 1005 1416 1071 Arrunt

148 1104 249 1184 Celsi,
271 1125 369 1192 quem
389 1102 518 1188 saepius
538 1100 704 1167 Romanus
721 1104 913 1192 appellavit,
936 1114 1036 1169 aetas.
1080 1105 1138 1169 sed
1159 1107 1236 1194 quia
1250 1129 1356 1195 neque
1377 1116 1416 1172 sti

148 1207 275 1271 diorum
294 1205 377 1268 ratio
397 1224 503 1289 neque
526 1202 657 1267 dicendi
677 1226 781 1288 genus
800 1205 887 1293 quod
909 1205 1078 1270 Romanus
1100 1215 1245 1272 sectatur
1265 1208 1416 1274 subobscr

146 1331 217 1373 rum
240 1316 273 1370 et
300 1304 511 1368 artificiosum
540 1302 582 1366 ab
611 1302 740 1369 illorum
771 1306 963 1393 scriptorum
991 1315 1099 1370 aetate
1127 1307 1269 1374 alienum
1300 1320 1349 1373 est
1355 1359 1365 1391 ,
1401 1332 1416 1375 1

147 1413 253 1499 ipsum
272 1406 404 1495 quidem
424 1404 526 1469 multo
547 1406 734 1470 inferiorem
751 1408 853 1471 fuisse
876 1416 908 1472 61
929 1406 990 1472 suh
1009 1402 1110 1472 ‘finem
1133 1409 1203 1475 1616
1221 1409 1358 1475 secundi
1372 1432 1416 1474 66(

145 1513 211 1577 6611
232 1510 286 1577 vel
308 1510 401 1573 initio
423 1507 512 1571 tertii
534 1508 660 1570 vixisse
682 1509 840 1594 suspicor.

230 1613 262 1676 A
284 1611 432 1675 Romano
452 1607 549 1693 longe
571 1607 721 1673 diversus
741 1609 805 1672 1611
827 1608 1109 1694 06611616666,
1139 1634 1160 1676 6
1187 1604 1416 1703 61166166τί611

147 1715 276 1779 6661166
298 1713 380 1777 11666
401 1731 436 1774 66
458 1710 621 1796 recepisse
644 1709 806 1774 indicavit
830 1709 1010 1794 Charisius,
1031 1712 1071 1778 de
1090 1711 1237 1779 ablativo
1264 1735 1345 1777 casu
1370 1720 1416 1780 11Ι

150 1818 305 1897 18-118,
329 1815 376 1895 13,
399 1812 440 1876 16
459 1811 743 1898 coniugationibus
768 1814 837 1894 175,
858 1814 1015 1895 29-178,
1035 1814 1086 1896 35,
1106 1814 1147 1878 de
1159 1815 1333 1901 participio
1349 1815 1416 1881 etd

146 1917 304 1982 adverbio
327 1916 397 1996 186,
427 1917 573 1994 11-181,
599 1915 647 1994 15,
663 1912 704 1976 16
726 1915 954 1978 666166611666
977 1916 1416 2003 221,24-225,«4,16616(

143 2018 304 2106 positione
333 2017 412 2097 230,
442 2013 867 2097 1-31,(161616116611666
890 2017 968 2097 238,
993 2020 1146 2098 19-22,
1176 2015 1217 2080 16
1235 2016 1416 2083 barbarism

144 2123 216 2201 265,
239 2118 354 2199 2-22,
374 2115 416 2180 16
430 2114 620 2180 soloecismo
643 2117 716 2198 266,
744 2117 899 2198 15-267,
921 2117 973 2180 22.
1016 2126 1187 2204 praeterea
1201 2126 1310 2183 autem
1333 2142 1415 2189 66161

142 2219 350 2311 6616611616
373 2219 479 2310 ipsum
493 2216 678 2282 Cominiani
700 2216 819 2280 librum
842 2216 990 2299 vidisset,
1014 2217 1110 2282 huius
1124 2222 1329 2303 grammatici
1351 2244 1413 2287 1661

142 2326 263 2388 1166661
286 2319 374 2384 fecit.
419 2320 569 2407 quamvis
596 2320 682 2382 cuim
711 2317 745 2381 id
773 2339 891 2383 nomen
916 2316 1004 2400 haud
1030 2340 1106 2383 raro
1131 2320 1220 2407 apud
1247 2323 1411 2408 posterior

142 2426 260 2490 aetatis
283 2423 457 2508 scriptores
479 2421 668 2510 reperiatur,
689 2429 931 2484 tameneorum
952 2419 1096 2484 omnium
1117 2441 1201 2506 quae
1224 2422 1254 2484 ei
1272 2420 1410 2509 adscrip*

144 2536 219 2590 sunt
238 2522 327 2589 'nihil
355 2531 407 2587 est
435 2522 521 2608 quod
550 2544 616 2587 non
638 2520 787 2586 charisio
813 2522 922 2608 potius
951 2541 1049 2606 quam
1077 2522 1139 2608 ipsi
1161 2519 1354 2588 0616161666
1386 2544 1408 2587 6

142 2638 271 2713 ceptum
293 2624 461 2689 debeatur.
506 2622 547 2686 de
567 2620 731 2709 excerptis
753 2645 836 2709 quae
850 2622 1037 2687 Conriniani
1057 2623 1188 2686 nomine
1211 2622 1364 2688 16166161
1381 2644 1407 2687 ai

139 2738 193 2792 tea
206 2729 330 2792 dietum
352 2733 411 2787 661.
441 2723 499 2787 661
521 2745 586 2787 666
607 2726 713 2788 minus
729 2725 843 2810 siquae
865 2726 895 2788 ei
917 2722 959 2787 ab
977 2722 1053 2786 aliis
1076 2720 1275 2805 tribuuntur,
1298 2724 1341 2788 ad
1354 2724 1403 2790 011

141 2831 255 2894 1161661
275 2825 451 2890 referenda
464 2835 551 2888 sunt.
585 2825 677 2889 velut
693 2846 776 2912 quae
796 2847 817 2888 a
838 2822 1147 2891 commentatoribus
1160 2823 1318 2911 Vergilii,
1341 2825 1403 2893 Ser

141 2931 174 2993 16
201 2926 310 2994 bucol.
334 2929 370 3009 3,
392 2928 447 3008 21,
476 2925 576 2990 661161.
599 2923 754 2989 Leideus.
779 2927 811 2988 16
832 2948 945 3012 georg.
969 2925 985 2988 Ι
1012 2927 1074 2988 215
1107 2924 1196 3011 apud
1220 2923 1402 3012 Suriugaru

143 3030 219 3094 hist.
242 3031 316 3094 6111.
334 3026 498 3092 scholiast.
521 3027 594 3091 Lat.
615 3026 650 3089 ll
672 3049 705 3113 p.
729 3030 808 3109 3111,
832 3026 932 3093 661161.
953 3027 1112 3092 Beruens.
1135 3027 1169 3091 in
1188 3048 1301 3113 georg.
1318 3027 1396 3093 113

140 3129 228 3220 apud
241 3129 415 3194 Miillerum
438 3138 609 3194 comment.
624 3127 735 3192 lunilii
758 3126 884 3212 Flagrii
904 3136 966 3191 616.
986 3127 1036 3191 IV
1055 3152 1088 3216 p.
1107 3129 1137 3211 8,
1162 3131 1332 3216 exscripta
1347 3151 1398 3195 661

139 3256 178 3296 66
199 3254 242 3296 ex
258 3230 409 3295 011611616
429 3231 502 3313 229,
523 3232 571 3294 19.
590 3234 641 3312 34,
653 3232 705 3293 25.
725 3231 777 3312 95,
794 3231 831 3291 12
853 3231 957 3315 petita
979 3251 1051 3294 esse
1072 3229 1221 3316 adparet.
1266 3228 1398 3297 1611661

140 3333 195 3398 hic
227 3333 417 3420 posterioris
449 3333 568 3396 aetatis
602 3340 733 3397 616661
766 3328 951 3395 Geminiani
985 3333 1117 3397 nomine
1152 3331 1254 3398 libros
1291 3331 1393 3399 Chsri

139 3445 376 3522 nuncuparent.
420 3434 512 3498 cuius
540 3434 588 3498 rei
611 3432 700 3498 haud
729 3434 797 3497 scio
824 3453 867 3495 an
897 3432 977 3497 haec
998 3432 1100 3497 166111
1125 3435 1336 3522 6666661161
1357 3456 1393 3500 66

140 3536 259 3624 6611166
288 3535 459 3601 Charisius
488 3536 616 3600 initium
644 3535 741 3621 primi
769 3532 843 3598 libri
880 3533 1004 3598 1666161
1033 3540 1071 3598 de
1100 3543 1303 3614 6166661166
1337 3545 1392 3603 61’

139 3658 226 3716 ruse,
247 3660 331 3726 quae
362 3638 465 3702 nostri
495 3637 618 3702 codicis
638 3635 769 3701 defectu
796 3636 980 3720 perierunt,
1002 3637 1127 3721 pariter
1156 3645 1253 3724 atque
1281 3659 1322 3702 ea
1349 3658 1390 3725 qu

139 3762 238 3828 supra
260 3739 405 3805 indicavi
424 3739 611 3805 Geminiani
632 3738 764 3802 nomine
783 3737 943 3821 inscripta
967 3736 1111 3803 1661661.
1155 3738 1307 3826 66611611
1328 3748 1388 3827 pot

137 3851 175 3906 ut
192 3851 305 3929 postea
324 3839 450 3927 reliqua
469 3843 578 3905 616616
599 3841 641 3911 ah
657 3841 772 3905 eodem
792 3838 915 3922 scripta
931 3847 1147 3923 putarentur..
1179 3840 1309 3927 itaque,
1340 3842 1369 3906 61

137 3945 305 4030 sequimur
318 3964 402 4028 quae
416 3942 587 4006 Charisius
599 3941 793 4006 0616161666
808 3937 933 4017 tribuit,
946 3939 1083 4027 adparet
1097 3965 1163 4007 non
1177 3945 1283 4009 solum
1302 3945 1345 4011 16
1360 3967 1385 4011 ο(

136 4041 284 4130 partibus
307 4044 463 4107 orationis
479 4044 570 4130 (nam
593 4041 634 4105 de
651 4041 842 4127 pronomine
856 4061 1052 4127 quamquam
1074 4042 1156 4107 nihil
1178 4045 1384 4111 indicatum«

135 4155 243 4209 1611166
256 4164 328 4208 6616
347 4152 473 4231 partem
496 4145 648 4208 omissam
663 4163 728 4206 non
746 4141 849 4206 fuisse
864 4153 987 4206 6611661
1003 4144 1067 4227 661)
1084 4145 1142 4209 661
1164 4147 1265 4210 611661
1285 4148 1382 4215 16111

135 4247 294 4312 orationis
316 4266 399 4334 quae
428 4244 633 4330 grammatici
659 4241 812 4308 dicebant
834 4243 920 4309 huuc
947 4245 1138 4330 scriptorem
1160 4249 1372 4336 exposuisse,

135 4351 260 4415 ratione
281 4368 376 4413 usum
391 4353 430 4409 ut
444 4344 540 4410 brevi
561 4354 595 4410 61
615 4343 756 4430 simplici
773 4346 919 4411 oratioue
935 4367 1013 4410 suae
1028 4349 1146 4412 aetatis
1159 4351 1379 4417 consuetudin

135 4451 267 4516 doceret
293 4450 465 4537 omniaque
491 4469 575 4534 quse
606 4445 649 4510 ad
675 4467 770 4510 usum
792 4448 996 4533 antiquitatis
1020 4450 1220 4535 pertinerent
1241 4451 1294 4516 vel
1321 4475 1377 4541 par

135 4551 313 4618 doctiorem
334 4551 588 4636 disputationem
614 4547 818 4634 requirerent
848 4569 869 4610 a
902 4570 961 4613 suo
991 4551 1129 4616 consilio
1149 4552 1260 4617 aliena
1288 4565 1376 4641 puts]

135 4656 263 4717 namin
285 4674 324 4716 eo
350 4652 418 4717 1616
446 4651 526 4715 haec
548 4653 655 4715 onmia
679 4660 853 4714 versantur
873 4659 910 4713 111
937 4650 1126 4716 1611616666
1152 4656 1252 4719 unius
1274 4658 1374 4723 66166(

136 4753 239 4838 partis
260 4755 418 4817 orationis
434 4755 603 4841 proposita
616 4772 701 4838 quae
723 4751 843 4841 cuique
863 4753 1017 4818 accidant
1039 4753 1225 4841 explicetur
1247 4768 1282 4825 61
1304 4761 1373 4825 ad«

134 4862 186 4914 166
207 4851 338 4935 regulas
358 4875 438 4918 usus
461 4854 590 4920 dicendi
614 4861 797 4919 revocetur.
839 4876 923 4941 quae
937 4856 1070 4941 quidem
1090 4855 1277 4925 disserendi
1291 4864 1372 4930 16116
