3114 5356
542 306 624 366 unc.
648 304 788 368 omnm.
810 304 918 365 cmi
1263 284 1268 289 ’
1309 306 1371 366 asa

1156 419 1279 460 ‚ase-n
1292 421 1317 461 r.
1353 427 1367 460 .-

60 491 285 563 comedendus,
309 511 368 551 non
389 500 537 552 comestus
555 510 651 570 neque
673 500 875 562 comesturus,
904 498 936 551 ut
955 490 1059 567 tulgus
1081 432 1244 563 exisliman
1280 494 1369 554 futuri

60 596 113 679 bie
133 592 277 654 edendus.
322 594 426 672 supina
448 611 532 654 esum
551 611 613 652 esu.
696 659 705 671 ο

432 796 651 839 museum
672 796 820 838 inuuunt!
841 797 1006 840 uscbmno

154 897 287 958 Paenitet
311 897 432 957 verbum
451 895 638 976 inpersonale
660 895 816 956 indicativo
838 897 927 956 modo
953 896 1061 956 dictum
1084 895 1300 974 coniugationis
1322 916 1369 957 se·
1440 887 1443 893 ’

33 999 183 1061 aeundae
206 998 320 1059 numen'
342 997 497 1075 singularis
518 1000 629 1074 figurae
651 996 794 1076 simplicis
822 998 963 1076 temporis
990 997 1142 1067 instantis,
1176 998 1254 1075 quod
1280 998 1370 1059 decli·

63 1100 188 1160 nabitur
208 1100 261 1159 sic
307 1101 435 1178 paenitet
455 1117 501 1159 me
523 1107 552 1159 te
574 1098 672 1170 illum,
695 1096 826 1176 paenitet
846 1117 902 1158 nos
923 1119 975 1160 vos
996 1099 1079 1173 illos3
1106 1096 1280 1176 &perfeeto
1299 1117 1369 1177 pae-

62 1200 179 1261 nitebat
202 1219 250 1259 me
272 1209 301 1259 te
323 1200 406 1260 illum
427 1221 482 1261 nos
503 1221 555 1261 ros
576 1201 659 1275 illos;
683 1190 997 1281 perlelfeto'paenituit
1018 1219 1066 1262 me
1089 1209 1118 1261 te
1139 1199 1222 1259 illum
1243 1219 1300 1261 nos
1317 1220 1369 1260 ros

63 1302 151 1376 illos;
179 1300 469 1380 plusquamperfecto
490 1302 672 1380 paenituerat
692 1320 740 1362 me
762 1310 791 1361 te
809 1303 892 1362 illurn
912 1322 967 1364 nos
989 1323 1041 1365 ros
1068 1303 1150 1376 illos;
1180 1301 1280 1361 futuro
1301 1320 1370 1380 pae-

63 1403 174 1462 nitebit
194 1421 243 1463 me
265 1411 294 1462 te
315 1401 396 1463 illum
418 1421 474 1463 nos
494 1422 547 1463 vos
566 1401 641 1463 illos.
686 1403 857 1482 imperativo
883 1402 971 1464 modo
992 1413 1125 1484 tempore
1148 1410 1262 1462 tantum
1285 1421 1370 1480 prae·

20 1529 48 1568 ro
63 1504 145 1564 senti
168 1504 317 1583 paeniteat
337 1522 385 1562 me
406 1512 435 1563 te
462 1503 544 1564 illum
573 1524 628 1565 nos
653 1523 706 1566 ros
734 1505 811 1565 illos.
856 1505 985 1585 optativo
1012 1505 1101 1565 modo
1125 1511 1258 1582 tempure
1284 1521 1371 1582 prae·

62 1605 144 1666 senti
165 1613 195 1664 et
215 1604 378 1683 inperfecto
398 1603 509 1664 utinam
532 1605 695 1683 paeniteret
721 1625 770 1667 me
797 1615 826 1667 te
853 1606 936 1668 illum
959 1624 1015 1666 uos
1041 1624 1094 1665 ros
1121 1603 1205 1676 illos,
1239 1604 1373 1682 perfecto

63 1706 181 1765 utinam
210 1705 386 1783 paenituerit
414 1724 461 1765 me
488 1713 518 1765 te
545 1705 626 1768 illum
654 1725 710 1768 nos
735 1727 788 1768 vos
821 1707 903 1782 illus,
937 1706 1227 1787 plusquamperfecto
1259 1705 1371 1764 utinam

63 1804 264 1886 paenituisset
285 1826 332 1866 me
354 1819 383 1867 te
405 1807 487 1867 illum
509 1825 565 1867 nos
589 1826 639 1869 vos
662 1807 745 1882 illos,
767 1811 865 1871 futuro
887 1809 999 1871 utinam
1020 1806 1169 1886 paeniteat
1183 1822 1230 1863 me
1245 1812 1274 1863 te
1287 1803 1369 1864 illum

65 1927 124 1968 nos
146 1927 197 1968 vos
222 1906 297 1968 illos.
343 1907 527 1968 remunetim
554 1908 642 1969 modu
667 1917 800 1988 tempore
823 1908 971 1990 praesenti
996 1927 1064 1968 eum
1088 1906 1236 1985 paeniteat
1262 1924 1311 1964 me
1340 1915 1369 1965 te

23 2032 49 2070 ra
65 2009 150 2070 illum
180 2027 236 2069 nos
263 2029 315 2070 vos
340 2009 421 2083 illos,
455 2008 616 2087 inperfecto
645 2028 714 2071 eum
733 2012 897 2090 paeniteret
918 2029 966 2071 me
989 2019 1018 2069 te
1039 2008 1121 2069 illum
1140 2026 1196 2068 uos
1218 2025 1271 2066 rus
1291 2005 1368 2077 illos,

63 2112 201 2191 perfecto
221 2129 289 2170 eum
307 2110 483 2189 paenituerit
502 2129 549 2171 me
572 2119 601 2171 te
622 2111 704 2173 illum
726 2132 781 2174 nos
802 2131 854 2172 vos
880 2112 962 2183 illos,
989 2107 1278 2190 plusquamperfecto
1300 2125 1369 2166 cum

63 2211 263 2291 paenituisset
280 2229 327 2271 me
349 2219 378 2270 te
397 2210 477 2272 illum
502 2230 557 2272 nos
575 2231 627 2273 vos
649 2212 731 2286 illus,
759 2215 859 2275 futuro
879 2232 946 2275 eum
967 2210 1145 2291 paenituerit
1167 2226 1214 2269 me
1237 2215 1265 2264 te
1286 2204 1367 2265 fflum

65 2332 122 2374 nos
142 2332 196 2373 ros
218 2312 294 2373 illos.
338 2311 480 2372 infinitivo
501 2313 590 2373 modo
609 2315 740 2376 numeris
767 2325 796 2376 et
817 2314 953 2396 personis
976 2322 1108 2393 tempore
1130 2304 1278 2388 praesenti
1298 2323 1369 2383 pae-

63 2415 178 2486 nitere,
198 2414 356 2493 practerito
379 2401 566 2491 paenituisse.
611 2416 648 2475 ab
670 2416 728 2477 boe
748 2416 928 2496 inpersonali
949 2416 1038 2477 verbo
1053 2415 1225 2488 usrrrpatum
1239 2413 1287 2465 est
1300 2425 1368 2484 par-

22 2541 50 2579 eo
64 2516 203 2595 tieipium
225 2514 367 2593 temporis
391 2513 527 2575 instantis
548 2516 597 2576 bic
624 2525 654 2577 et
680 2518 754 2578 haee
780 2524 811 2578 et
838 2517 895 2579 boe
923 2516 1083 2597 paenitens.
1127 2507 1245 2583 quidam
1269 2516 1367 2568 autem

65 2619 172 2679 dieunt
195 2613 392 2694 inpersonalia
426 2634 521 2694 neque
554 2618 647 2677 activa
675 2637 772 2697 neque
802 2618 918 2699 passiva
949 2610 1099 2695 participia
1134 2607 1253 2668 babere
1299 2627 1367 2669 nam

64 2720 187 2799 pudens
207 2735 267 2777 non
288 2726 334 2776 est
354 2717 540 2796 participium
562 2719 615 2779 sed
637 2720 810 2801 appellatio,
833 2718 912 2780 unde
933 2725 962 2774 et
982 2709 1137 2790 inpudens.

153 2819 238 2880 Aliud
261 2818 457 2896 inpersonale.
490 2818 606 2881 venitur
623 2821 745 2883 verbum
766 2814 953 2899 inpersonale
971 2797 1127 2871 indicativo
1148 2811 1365 2875 meledictum

65 2916 284 2997 coniugationis
307 2920 409 2980 tertiae
430 2920 591 2999 productae
611 2925 724 2985 numeri
753 2915 907 2995 singularis
929 2915 1040 2990 figurae
1062 2912 1204 2993 simplicis
1225 2917 1366 2996 temporis

24 3048 51 3085 25
66 3023 224 3093 instantis,
253 3020 332 3098 quod
351 3021 545 3083 declinabitur
564 3026 615 3086 sic.
660 3023 774 3084 venitur
793 3035 810 3077 a
830 3034 878 3075 me
898 3034 915 3075 a
934 3022 963 3074 te
984 3015 1021 3074 ab
1044 3013 1094 3075 illo
1113 3033 1130 3074 a
1151 3015 1238 3077 nobis
1251 3035 1269 3076 a
1283 3017 1366 3079 robis

64 3124 103 3183 ab
127 3122 202 3194 illis,
225 3121 389 3199 inperfecto
404 3122 586 3195 veniebatur,
610 3124 739 3202 perfeeto
759 3125 877 3177 ventum
898 3125 944 3176 est
965 3122 994 3175 et
1015 3115 1153 3176 ulteriore
1168 3126 1285 3178 rentum
1302 3119 1366 3192 fuit,

65 3222 358 3305 plusquamperfecto
378 3232 494 3284 ventum
517 3231 579 3281 erat
599 3229 628 3279 et
648 3217 784 3279 ulteriore
813 3223 931 3276 rentum
959 3218 1068 3289 fuerat,
1096 3218 1196 3278 futuro
1224 3219 1365 3281 venietur.

65 3325 240 3406 imperativo
258 3323 346 3383 modo
368 3322 506 3399 temporis
528 3329 637 3380 tantum
659 3318 823 3395 praesentis
848 3317 990 3378 veniatur.
1034 3319 1163 3396 optativo
1183 3318 1271 3378 modo
1292 3328 1367 3380 tem—

66 3446 140 3507 pore
160 3423 308 3506 praesenti
332 3431 361 3482 et
380 3422 541 3499 inperfecto
562 3418 672 3477 utinam
695 3417 856 3491 veniretur,
887 3419 1019 3497 perlecto
1046 3419 1158 3479 utinam
1187 3427 1306 3480 rentum
1327 3421 1366 3480 sit

24 3552 50 3590 a»
64 3535 95 3588 et
112 3526 231 3605 fuerit,
251 3521 536 3603 plusquamperfecto
557 3518 668 3579 utinam
691 3527 809 3582 rentum
832 3529 913 3582 esset
934 3527 964 3578 et
986 3519 1105 3593 fuisset,
1134 3520 1232 3580 futuro
1253 3521 1365 3581 utinam

64 3628 207 3688 veniatur.
253 3617 435 3680 coniunctim
468 3618 556 3679 mono
584 3628 716 3699 tempore
749 3621 896 3702 praesenti
924 3639 992 3682 eum
1022 3621 1168 3693 veniatur,
1201 3620 1365 3698 inperfecto

62 3748 132 3790 oum
155 3723 316 3790 veniretur,
350 3719 480 3796 perfeeto
501 3738 568 3780 eum
589 3727 708 3782 ventum
727 3723 766 3784 sit
793 3731 822 3784 et
848 3724 952 3800 fuerit,
988 3722 1277 3804 plusquamperfecto
1295 3740 1364 3781 cum

63 3835 183 3888 ventum
205 3825 284 3879 essct
306 3827 335 3877 et
356 3819 475 3892 ftusset,
497 3820 595 3882 tutuo
618 3841 686 3885 eum
707 3833 826 3886 rentum
844 3825 899 3886 erit
920 3836 950 3887 et
972 3826 1067 3887 fuerit
1111 3823 1254 3884 infinitivo
1275 3822 1365 3884 morlo

62 3938 195 4004 tempore
223 3919 371 3999 praesenti
400 3920 505 3993 veniri,
538 3924 696 4002 praeterito
725 3935 843 3988 rentum
873 3945 940 3988 esse
967 3936 997 3987 et
1023 3926 1130 3998 fuisse,
1166 3926 1265 3988 futuro
1295 3943 1366 3984 ren·

22 4050 46 4087 a»
59 4038 123 4088 tum
145 4023 191 4083 in'.
921 4021 923 4024 ⁴

135 4123 300 4201 .Contingit
321 4123 440 4184 verbum
458 4123 645 4201 inpersonale
662 4127 818 4193 indicativo
839 4131 927 4193 modo
945 4132 1056 4194 dietum
1079 4130 1292 4211 coniugationis
1308 4138 1366 4190 ter·

57 4230 117 4288 tiae
138 4233 295 4304 correptae
317 4226 430 4286 numeri
453 4224 610 4301 singularis
628 4228 739 4306 figurae
761 4231 904 4310 simplicis
919 4229 934 4316 ΙΙ
948 4231 1091 4314 temporis
1112 4233 1265 4305 instantis,
1285 4232 1363 4310 quod

112 4454 125 4504 l
141 4453 294 4503 exaestimat
305 4451 329 4500 Β
399 4453 520 4517 ‘lsrrpine
532 4452 623 4503 edendi
633 4455 733 4507 edendo
746 4458 873 4510 edendum
885 4476 958 4512 esum
971 4462 1052 4514 esuB
1063 4462 1155 4528 supina
1167 4473 1239 4509 esum
1255 4456 1285 4506 ff
1295 4460 1365 4524 supi-

61 4539 121 4573 num
134 4536 209 4573 esum
223 4522 247 4570 Α
312 4520 667 4586 liperteu01nnur0A1m
728 4527 759 4577 ²1
775 4543 857 4593 neque
870 4531 897 4595 (a
910 4527 1366 4598 add.1l)passiuapartieipiumlm·

61 4595 120 4642 bere
132 4589 218 4641 ΑΒΜ
287 4590 322 4639 tc
339 4590 452 4638 uenitum
471 4599 509 4640 est
525 4590 610 4640 ΑΒΜ
680 4597 792 4647 neuitum
810 4597 858 4648 but
876 4599 962 4650 ΑΒΜ
1028 4603 1063 4651 27
1082 4600 1196 4650 ueuitum
1212 4605 1266 4644 erut
1283 4595 1367 4645 ΑΒΜ

111 4663 230 4710 uenitum
249 4658 331 4707 fuerat
345 4658 403 4716 ΑΒ,
423 4677 469 4710 om.
488 4660 521 4709 Μ
588 4661 623 4711 29
640 4665 753 4714 uenitnm
772 4668 805 4717 sit
816 4666 904 4716 ΑΒΜ
970 4668 1006 4721 30
1023 4672 1138 4720 uenitum
1151 4673 1219 4718 esset
1232 4663 1315 4713 ΑΒΜ

63 4728 94 4777 32
112 4732 228 4779 nenitum
247 4729 280 4776 sit
298 4728 357 4776 ΑΜ
437 4727 470 4779 33
489 4729 603 4779 rrenitum
622 4743 689 4782 esset
699 4732 784 4784 ΑΒΜ
866 4740 977 4789 uenitum
995 4741 1041 4789 erit
1058 4737 1143 4789 ΑΒΜ
1209 4731 1369 4784 3lueuitum

65 4812 120 4846 esse
130 4798 161 4846 Μ
231 4797 265 4846 35
285 4797 313 4844 fri
334 4798 441 4845 execref
461 4797 562 4859 (exen‘r
585 4801 626 4855 Β)
644 4816 768 4853 scssrrcn
787 4805 839 4853 ΑΒ
907 4807 942 4859 36
959 4811 1066 4875 contigit
1085 4804 1169 4859 ΑΒΜ

1092 4888 1158 4953 24*
