3114 5356
133 250 196 360 sis
668 254 872 345 'oronems

136 409 419 550 ΙοίίμΡᾚῑῑῑοοο,
445 476 474 535 in
503 479 598 534 statua
621 467 773 533 Ciceronis
799 464 918 527 victoria
947 463 1167 525 coniuratorum
1194 460 1383 536 inscribitur3
1399 470 1424 522 et

135 587 344 662 interpretatur
365 576 430 638 tatis
451 575 543 652 tigura
571 589 624 650 per
652 568 780 630 dativum
801 560 834 624 ἕν
856 565 1024 639 Στιτιίονι,
1051 559 1084 622 ἐν
1109 563 1153 647 spi
1175 562 1343 646 m
1361 555 1424 642 ὅρα,

137 682 170 745 ίν
199 682 242 765 τῷ
274 669 439 756 ἀνδριάντι.
483 691 558 753 quae
586 669 685 750 regula
715 667 801 728 etiam
828 667 859 727 in
882 663 1050 727 nominihus
1079 682 1206 744 quonum
1236 664 1379 727 ablativus
1400 673 1425 725 st

138 783 252 846 dativus
278 780 355 841 idem
381 785 427 839 est
455 776 641 847 observatur,
669 779 702 832 ut
728 768 765 830 ab
788 767 846 829 hoc
871 766 997 845 Vergilio
1020 766 1089 828 huic
1113 766 1241 845 Vergilio
1270 773 1302 827 et
1322 766 1360 828 ab
1378 766 1426 827 mc

37 933 41 942 .
138 883 234 946 securi
256 881 325 943 huic
347 879 460 952 securi,
492 876 529 937 ab
550 875 607 936 hoc
631 870 711 933 suavi
736 866 806 929 huic
828 868 918 929 suavi.
963 868 1109 942 secundo,
1137 886 1204 930 cum
1233 867 1294 930 dno
1320 868 1446 930 abintiris

97 1052 99 1057 ‚
138 983 266 1065 copulati
287 980 419 1060 genetivo
442 979 553 1039 Graeco
575 975 821 1053 interpretentur,
848 968 926 1029 velut
947 967 1074 1030 ducente
1098 969 1153 1030 des
1173 969 1295 1050 elapsus
1317 978 1365 1033 est
1380 972 1428 1031 Ae·

103 1097 107 1105 '
138 1104 225 1154 neas,
252 1083 406 1143 incusante
431 1079 573 1142 Cicerone
601 1073 723 1136 Catilina
750 1070 900 1132 convictus
929 1075 991 1144 est,
1022 1070 1159 1131 studente
1180 1069 1336 1132 sacerdote
1354 1070 1428 1132 dide·

139 1184 231 1246 centia
253 1183 369 1245 inventa
392 1188 451 1255 est,
474 1166 711 1258 ἡγεμονεοούσης
731 1171 785 1247 τῆς
806 1169 883 1229 θεοῦ
904 1161 1062 1243 ἱξῶλισθεν
1083 1169 1216 1244 Αἰνείας,
1232 1174 1427 1250 κατηγοροῦν·

140 1304 189 1356 τος
211 1279 377 1361 Κικέρωνος
398 1276 524 1359 tiendo
545 1275 723 1348 Κατιλίνας,
751 1265 965 1344 σπουδάζοντος
985 1269 1085 1352 ἱερέως
1110 1261 1129 1346 ἡ
1156 1261 1290 1349 διαφορὰ
1311 1263 1428 1352 ηὑρέθη.

140 1385 209 1445 item
227 1382 349 1444 multum
373 1383 495 1442 interest
516 1387 612 1440 utrum
633 1376 765 1436 dicamus
785 1372 898 1434 abhoc
920 1380 1075 1452 praesente
1098 1371 1199 1450 accepi
1219 1390 1258 1432 an
1277 1372 1336 1433 hoc
1353 1387 1458 1453 mser·

140 1491 225 1547 sente
247 1482 283 1543 ab
306 1481 362 1542 alio
387 1481 505 1561 accepi3
542 1478 674 1541 similiter
701 1475 737 1536 ab
760 1483 876 1536 oratore
898 1473 982 1535 venio
1002 1479 1032 1533 et
1058 1479 1173 1531 oratore
1194 1472 1338 1551 magistro
1359 1481 1428 1535 utor.

140 1584 227 1645 tertie
246 1580 355 1660 modo,
374 1600 439 1643 cum
463 1581 540 1642 hanc
561 1581 684 1658 figuram
706 1577 862 1650 Graecam,
884 1570 983 1633 traco
1003 1573 1056 1632 τοῦ
1080 1565 1246 1647 δύνασθαι,
1268 1573 1430 1654 προαιρέσει

140 1686 193 1745 τοῦ
215 1675 382 1765 λῃστεύειν,
405 1675 530 1760 σχήματι
551 1682 605 1741 τοῦ
630 1664 848 1758 ἕτοιβοολεύὲιν,
871 1675 973 1735 Latine
995 1673 1154 1734 dixerimus
1176 1690 1229 1752 spe
1252 1693 1358 1754 posse,
1386 1694 1431 1734 ve

139 1784 250 1846 lentate
273 1783 482 1857 tatmcinandi,
515 1783 639 1844 consitio
661 1778 825 1843 insidiandi.
870 1783 988 1855 quarte,
1022 1782 1055 1835 ut
1072 1775 1202 1836 Scaums
1222 1774 1339 1849 retudit,
1370 1794 1431 1837 eum

141 1885 276 1947 Latinum
299 1883 445 1961 eloquium
468 1883 498 1943 in
518 1885 643 1961 quedam
662 1883 750 1943 verbo
775 1878 888 1952 desscit,
910 1875 1034 1937 velutin
1056 1876 1105 1937 illo
1123 1866 1209 1947 ὄντος
1228 1869 1321 1953 οὔσης
1343 1871 1432 1937 ὄντων
1445 1893 1463 1930 ιι

101 2039 106 2050 .
141 1977 246 2046 οὐσῶν.
290 1985 413 2046 dicimus
434 1984 511 2044 enim
534 1984 593 2058 sic,
619 1984 699 2045 nulio
722 1975 824 2043 timore
846 1979 974 2039 hostium
1002 1986 1097 2038 castra
1127 1977 1256 2057 inrupit,
1283 1979 1363 2040 noua
1385 1999 1434 2059 spe

142 2106 239 2148 rerum
262 2087 395 2165 potiundi
419 2086 493 2147 valio
521 2088 661 2163 fossaque
683 2082 797 2143 moenia
823 2079 1001 2152 circumdat,
1034 2077 1121 2138 nullis
1149 2078 1323 2140 custodibus
1349 2080 1435 2160 palis·

141 2189 228 2250 dium
248 2197 380 2267 ereptum
413 2196 473 2263 est,
506 2184 595 2248 nullis
623 2183 737 2244 insidiis
760 2183 855 2263 palam
882 2181 975 2241 rietus
1004 2188 1049 2239 est
1076 2179 1179 2240 hostis.
1225 2180 1335 2258 ubique
1362 2181 1435 2242 enim

140 2289 239 2350 deiicit
266 2288 386 2350 Latinus
415 2307 528 2362 sem10;
560 2286 672 2354 scilicet
701 2285 767 2345 ideo
792 2282 929 2362 quoniam
957 2281 1016 2341 due
1043 2279 1158 2340 ablativi
1183 2280 1349 2343 nominales
1372 2292 1437 2343 sunt

141 2390 277 2471 copulati.
323 2389 400 2466 qttod
423 2389 447 2449 si
474 2406 549 2449 unus
572 2405 673 2448 eorum
692 2384 880 2464 partieipiaiis
902 2383 954 2457 sit,
982 2400 1042 2443 non
1070 2380 1167 2441 dedcit
1188 2371 1312 2444 [atinus
1340 2402 1434 2446 semro
1448 2401 1469 2440 τι

141 2492 194 2553 sed
214 2492 319 2572 plenus
341 2497 402 2562 est,
422 2497 453 2549 ut
474 2506 564 2566 supra
583 2488 707 2547 relatum
728 2494 788 2560 est,
807 2484 933 2545 ducente
955 2483 1009 2544 den
1030 2480 1147 2562 elapsus
1169 2489 1217 2542 est
1237 2484 1368 2560 deneas,
1381 2482 1395 2565 ΙΙ
1410 2493 1438 2547 et

141 2600 237 2653 cetera
260 2610 336 2668 quine
358 2587 488 2648 secunde
507 2587 594 2646 modo
617 2586 814 2666 exposuimus.

226 2691 366 2753 ldiomsta
388 2688 552 2747 eommunia
574 2688 703 2748 omnium
725 2704 853 2748 casuum·
870 2703 946 2763 ques
968 2682 1272 2765 suprascripsimus.
1315 2689 1437 2767 genetivi

142 2800 171 2852 et
192 2791 278 2851 etatiri
299 2788 432 2862 nomina,
456 2787 558 2849 similis
579 2807 645 2849 sum
667 2789 708 2848 tui
731 2796 760 2848 et
782 2786 850 2859 tibi,
878 2785 982 2846 similis
1005 2786 1062 2862 sui3
1086 2786 1198 2847 amicus
1220 2806 1288 2848 sum
1311 2788 1390 2850 illius
1411 2800 1439 2849 et

141 2891 197 2950 itti:
230 2888 352 2966 genetivi
379 2887 424 2970 [et
445 2887 547 2969 dativi]
573 2897 602 2949 et
623 2888 775 2950 incusativi
799 2887 919 2948 verbum
941 2885 1089 2966 passivum
1106 2885 1247 2966 primae,
1278 2889 1471 2952 discruciors

141 2989 229 3049 animi
256 2995 285 3047 et
306 2988 432 3048 oninium
456 2988 501 3070 [et
523 2988 653 3071 animol,
677 2990 870 3051 discmciatus
890 3007 972 3064 sum;
994 2988 1122 3065 tertiae,
1147 2989 1276 3068 arripor
1298 2989 1388 3050 animi
1410 2998 1438 3051 et

143 3090 287 3160 animum,
310 3098 441 3150 arrectos
463 3111 544 3152 suin:
573 3092 697 3169 genetivi
720 3099 749 3151 et
771 3089 886 3150 ablativi
906 3080 1140 3165 nomina,‘dives
1163 3108 1229 3152 sum
1252 3108 1391 3168 agromm
1412 3099 1439 3151 ct

142 3190 235 3268 agris,
266 3190 332 3250 felix
353 3191 440 3252 liuius
461 3192 502 3252 rei
526 3201 555 3252 et
574 3192 630 3252 hac
651 3210 698 3272 re:
733 3191 849 3270 genitivi
876 3199 905 3251 et
931 3191 1081 3252 incusativi
1106 3199 1135 3251 et
1165 3190 1282 3252 ablativi
1310 3193 1439 3263 verbum,

141 3291 211 3352 lic'et
237 3292 321 3352 stitus
343 3293 418 3354 assis
440 3301 468 3353 et
490 3311 586 3354 assem
609 3302 637 3354 et
660 3311 743 3366 asse,
775 3282 903 3370 εὑρίσκει
925 3283 958 3351 τὸ
977 3295 1122 3371 γραφεῖον
1143 3283 1296 3373 ἀσσάριον.
1343 3293 1442 3354 dativi

209 3524 225 3572 2
244 3523 383 3588 suscipioni
406 3521 536 3588 (inspioni
556 3522 599 3585 A)
618 3529 675 3571 ento
695 3521 812 3572 sancasio
832 3521 928 3570 oriente
947 3523 1073 3573 andrinmi
1092 3523 1151 3571 AM
1235 3524 1252 3574 6
1271 3525 1321 3574 dee
1339 3526 1439 3592 elapsos

141 3607 198 3642 esre.
219 3593 284 3642 Bob.
306 3593 443 3657 deelnpsus
460 3593 485 3639 A
501 3592 637 3656 dectapsus
657 3592 690 3641 M
775 3591 957 3642 tconuinctus
976 3593 1009 3641 M
1090 3592 1107 3642 8
1133 3593 1284 3658 igernouens
1303 3603 1342 3644 est
1359 3595 1439 3646 istheu

141 3661 278 3710 exolisthes
304 3676 384 3725 enses
409 3661 582 3724 ratigori'mtos
607 3662 737 3712 cicerones
757 3660 992 3711 elenethicatilinas.
1018 3661 1194 3727 Spudazontos
1220 3664 1363 3713 iereesedie
1387 3664 1440 3726 iore

141 3729 223 3779 urethi
238 3731 263 3778 A
282 3729 418 3794 igimonias
437 3732 451 3777 ἰ·
470 3726 552 3777 isthen
572 3727 711 3778 exolisthes
730 3738 820 3779 seruus
839 3731 1021 3793 cntigorontns.
1048 3731 1178 3780 cicereuus
1197 3731 1297 3781 eiencti.
1321 3734 1440 3783 cutiienns

141 3798 315 3863 spuduzontus
333 3798 415 3846 tereos
431 3798 489 3846 edio
507 3795 562 3845 sore
579 3795 661 3845 urethi
682 3799 713 3848 M
798 3798 830 3848 10
855 3800 980 3862 praesenti
997 3804 1087 3864 priore
1104 3803 1159 3851 toco
1179 3803 1203 3849 A
1286 3802 1318 3851 12
1337 3805 1439 3868 elpiditn

141 3867 248 3931 dynaste
267 3866 511 3931 proeresitulisteum
532 3866 682 3933 scematitup
700 3867 830 3933 pibnleuin
856 3867 881 3915 A
907 3867 1011 3935 elpidite
1035 3869 1161 3932 dynasthe
1184 3872 1315 3935 preseresi
1341 3873 1440 3922 tulistse

141 3934 298 3985 schematitu.
326 3934 469 3998 epibnieuin
490 3934 523 3983 M
609 3932 642 3982 15
665 3935 750 3984 defleit
775 3952 832 3985 exe.
852 3935 918 3986 Bob.
948 3936 1040 3986 deiecit
1059 3937 1117 3985 AM
1203 3947 1310 3989 ontesus
1335 3949 1440 3991 esonton

141 4005 261 4066 (osonton
282 4002 326 4063 M)
345 4017 409 4051 uson
430 4002 489 4051 AM
568 4001 599 4052 17
619 4002 740 4067 fossaque
755 4020 813 4056 οτι.
832 4004 896 4053 Bob.
917 4006 987 4056 fosse
1006 4006 1064 4057 AM
1142 4008 1174 4058 te
1192 4006 1277 4056 deficit
1296 4016 1356 4060 exe.
1374 4011 1438 4062 Bod.

141 4070 234 4121 deiecit
252 4072 311 4120 AM
397 4073 431 4123 20
450 4071 517 4135 qued
536 4072 593 4126 εἰς
618 4087 668 4136 que
685 4073 708 4121 si
726 4074 751 4122 A
777 4090 801 4136 q;
817 4073 840 4123 si
859 4073 891 4122 M
915 4090 990 4139 quam
1010 4077 1032 4126 si
1051 4092 1108 4126 exc.
1128 4077 1194 4127 Bob.
1286 4079 1441 4144 participalis

142 4140 201 4190 AM
269 4139 354 4189 deiicit
373 4156 430 4190 erec.
450 4140 516 4192 Bob.
536 4139 628 4188 deiecit
647 4140 708 4191 AM
775 4141 805 4190 21
823 4141 930 4192 elucente
948 4143 1084 4210 deplapsns
1102 4145 1126 4193 A
1144 4146 1245 4194 (lucenti
1264 4144 1403 4212 deelnpsus
1414 4146 1443 4195 M

210 4209 243 4260 23
262 4208 410 4273 scripsimus
434 4227 480 4260 om.
501 4208 561 4258 AM
645 4211 679 4259 25
703 4211 815 4276 genetiui
841 4220 864 4259 et
890 4214 1000 4261 uoentiui
1024 4214 1103 4262 dntiui
1127 4223 1151 4263 et
1174 4215 1313 4263 accusetiui
1337 4218 1440 4266 uerbum

140 4279 272 4344 passiunm
297 4277 432 4326 discrutior
458 4279 534 4327 enimi
558 4286 582 4326 et
606 4279 717 4328 animum
740 4288 764 4327 et
789 4279 873 4328 animo
896 4289 1008 4331 arrectus
1026 4298 1083 4331 sum
1101 4284 1178 4331 animi
1198 4292 1222 4331 et
1241 4297 1326 4331 smum
1345 4285 1440 4335 discru-

140 4348 221 4397 ciatus
245 4362 302 4396 sum
328 4346 441 4411 genetiui
460 4346 484 4395 A
510 4347 638 4410 genitiuus
663 4356 687 4395 et
710 4347 788 4397 detiui
814 4357 838 4397 et
862 4349 996 4400 incusetiui
1017 4353 1122 4401 uerbum
1146 4352 1280 4416 passiuum
1303 4351 1441 4403 discrucior

140 4419 240 4466 nuimne
265 4426 289 4465 ct
313 4415 425 4463 animum
450 4425 474 4464 ot
492 4416 576 4464 nisime
603 4426 701 4464 erectus
727 4412 782 4465 sirm
801 4418 878 4466 animi
898 4428 922 4467 et
940 4419 1051 4469 animum
1070 4421 1237 4470 discruciatus
1255 4435 1312 4469 sum
1334 4422 1440 4486 genitiui

141 4485 184 4534 M:
203 4485 343 4533 discrucior
362 4485 438 4532 enimi
457 4492 481 4532 et
498 4486 611 4534 animum
627 4487 693 4535 inter
710 4487 828 4536 idiomate
843 4491 952 4549 penetiei
968 4497 992 4539 et
1013 4491 1152 4539 accusativi
1170 4505 1245 4539 rasus
1265 4494 1363 4540 rettulit
1381 4492 1441 4542 cta-

140 4556 218 4603 risios
235 4571 263 4617 p.
282 4553 342 4603 264.
374 4552 514 4603 discrucior
538 4555 622 4602 enimc
645 4555 697 4603 diei
718 4555 847 4605 adnotavit
872 4557 1005 4608 Diomedes
1026 4573 1055 4620 p.
1075 4557 1140 4609 291,
1169 4560 1234 4607 irride
1251 4558 1376 4609 ablativus
1392 4563 1441 4610 rive

140 4622 241 4671 datium
254 4623 303 4671 Ιιιιο
320 4624 412 4671 inlatus
429 4638 484 4671 esse
497 4624 595 4672 videtur
680 4623 712 4671 27
732 4624 805 4672 diues
824 4638 879 4673 sum
898 4640 915 4681 ς
934 4627 1062 4675 diuersum
1082 4626 1106 4675 A
1123 4626 1273 4675 diuersorum
1293 4628 1326 4677 M
1409 4625 1441 4675 18

145 4688 250 4738 obtatiui
269 4691 417 4738 nduerbium
437 4689 493 4738 AM
568 4690 602 4739 29
620 4693 685 4740 assis
703 4701 725 4740 et
745 4707 829 4741 assem
848 4703 872 4741 et
891 4703 959 4743 asset
977 4693 1002 4742 A
1019 4695 1085 4742 ossis
1105 4704 1129 4742 et
1147 4710 1205 4743 asse
1224 4696 1257 4744 M
1325 4697 1440 4746 enriscite

140 4755 242 4820 graden
262 4759 377 4806 asserico
396 4767 419 4806 et
439 4759 573 4807 incusetiui
592 4760 669 4809 uerbo
688 4761 770 4809 nrtiun
789 4761 848 4811 AM
