3114 5356
133 281 197 345 ato
697 271 880 334 eluamus

189 408 213 450 p.
227 393 272 435 ³³6.
288 392 312 434 11
329 392 352 433 Ρ.

535 478 572 520 nn
593 477 758 519 senarium
780 475 929 517 vrnnonur
951 476 1045 517 ronna

224 579 389 642 meditativa
418 586 466 639 est
492 576 647 637 verborum
674 577 766 636 tonna
789 592 845 652 qua
868 592 927 634 non
949 582 1034 635 aetus
1053 574 1105 634 sed
1128 582 1295 653 apparatus
1317 575 1435 637 ostendi-

139 694 202 757 tur,
225 690 258 742 ut
280 680 409 760 parturio
429 678 552 738 lecturio
573 676 715 737 amatmio
737 674 845 737 esurio.

504 881 541 921 uu
565 878 787 921 TRANSGRESSIVA
811 878 961 921 vuasont'tt
982 880 1090 922 SPssClli.

225 982 450 1062 Transgressiva
471 980 559 1041 verba
580 988 649 1039 sunt
671 997 747 1058 quae
773 980 896 1039 formam
920 998 1019 1053 suam,
1052 979 1081 1043 id
1113 987 1160 1039 est
1184 978 1303 1058 primae
1328 978 1453 1058 regniaci

140 1086 382 1156 declinationem
415 1101 532 1144 servare
561 1099 621 1141 non
652 1087 785 1159 possunt
831 1088 963 1158 tempore
1000 1080 1077 1140 enim
1113 1081 1278 1159 praeterito
1317 1082 1436 1160 perlecto

142 1186 240 1266 speeie
266 1194 325 1244 tam
348 1184 481 1244 absoluta
504 1200 590 1259 quam
614 1189 712 1240 exacta
740 1188 893 1242 transeunt
920 1181 949 1241 in
978 1182 1100 1242 formam
1123 1180 1314 1260 passivorum
1338 1189 1369 1242 et
1394 1180 1437 1241 de·

141 1287 328 1366 ponentium,
364 1303 439 1362 quae
466 1282 583 1361 quidam
610 1283 675 1343 ideo
704 1282 791 1343 mixta
820 1279 1047 1361 appellaverunt
1093 1280 1136 1343 sie
1161 1280 1200 1340 ab
1230 1300 1268 1347 on
1296 1282 1374 1360 quod
1399 1289 1436 1341 est

142 1387 236 1447 audeo
262 1404 352 1445 ausus
380 1403 446 1444 sum
474 1402 506 1442 es
535 1390 596 1456 est,
630 1383 700 1443 item
730 1383 758 1443 in
787 1390 888 1442 exaeta
916 1383 1014 1461 speeie
1041 1400 1131 1442 ausus
1165 1400 1248 1441 eram
1275 1401 1344 1443 eras
1373 1393 1435 1442 erat

143 1487 213 1546 item
234 1484 347 1561 gaudeo
369 1493 400 1544 et
416 1484 529 1544 similia.
1377 1553 1382 1560 Ι
1446 1511 1462 1547 1.

541 1688 578 1728 lu:
602 1687 755 1728 ttnrucrtvn
776 1687 925 1729 t'Eunonvtt
948 1686 1045 1729 sunem

228 1785 374 1847 Deleetita
404 1787 558 1848 verborum
588 1786 702 1866 speeies
735 1793 780 1846 est
810 1804 877 1846 eum
906 1785 936 1845 in
961 1784 1155 1846 declinatione
1181 1785 1272 1847 rerba
1298 1786 1435 1849 ’deliciunt

144 1909 199 1951 nee
224 1888 332 1948 liabent
360 1897 409 1948 aut
435 1888 531 1948 omnia
560 1896 691 1966 tempora
717 1896 768 1947 aut
797 1906 900 1947 omnes
926 1904 1065 1947 numeros
1091 1894 1141 1946 aut
1167 1904 1273 1949 onmes
1304 1906 1436 1967 personas

144 1999 194 2052 aut
216 2007 320 2050 omues
344 1988 457 2048 modos.
501 1988 574 2048 haee
596 1988 625 2048 in
651 1987 659 2045 i
683 1988 811 2049 vocalem
832 1995 953 2054 exeunt,
981 1995 1013 2047 ut
1030 1988 1077 2047 odi
1101 1989 1184 2067 coepi
1204 1991 1342 2063 memini,
1370 2008 1435 2067 qnae

145 2091 241 2151 omnia
264 2107 405 2168 praesens
427 2096 543 2167 tempus
565 2107 623 2149 nou
645 2089 755 2148 habent
779 2108 834 2148 nee
861 2091 999 2149 luttrmm.
1054 2089 1179 2149 dicimus
1201 2091 1282 2151 enim
1304 2091 1352 2151 odi
1374 2089 1463 2150 oden

145 2208 216 2250 ram.
256 2191 323 2250 item
343 2189 432 2262 cedo,
456 2188 534 2265 qtrod
557 2207 616 2248 non
638 2189 726 2248 lralret
749 2190 804 2250 nisi
825 2191 986 2251 secundani
1008 2208 1165 2268 personam
1186 2191 1355 2270 praesentis
1373 2199 1437 2250 tem·

106 2325 109 2332 ·
146 2290 243 2370 poris,
266 2297 295 2348 et
317 2298 364 2350 est
385 2289 573 2369 imperativus
598 2289 712 2365 modus.

785 2387 804 2425 e

564 2594 601 2634 1111,
623 2594 742 2635 tantula
765 2591 912 2635 t'tlltnoutnt
933 2596 1030 2639 sunem

230 2695 370 2770 Ambigua
391 2691 478 2751 rerlra
501 2691 637 2752 dicuutur
657 2711 766 2770 quaeo
789 2690 884 2751 littera
905 2695 1058 2756 terminata
1080 2704 1110 2756 et
1127 2697 1219 2756 aetina
1238 2707 1365 2776 possunt
1378 2716 1467 2758 esses·

145 2805 175 2857 et
195 2795 336 2855 neutralia
360 2812 413 2871 pro
436 2793 646 2870 sigmilreatioue
670 2792 808 2864 dicentis,
829 2801 860 2851 ut
881 2792 958 2852 ludo.
1005 2797 1029 2855 si
1051 2797 1128 2857 enim
1151 2797 1299 2875 signifieat
1322 2795 1377 2883 [ut]
1399 2799 1438 2859 lu·

145 2896 214 2956 dum
236 2912 373 2966 exerceo,
400 2888 491 2976 [ludo]
514 2894 569 2954 erit
591 2893 738 2965 neutrale,
760 2900 792 2952 ut
815 2893 891 2971 apud
914 2893 1068 2971 Vergilium

311 2993 442 3053 ludere
466 3013 557 3071 qttae
580 2994 715 3055 vellem
738 2994 878 3054 calamo
902 3014 930 3073 p.
955 3015 979 3054 a.

146 3096 309 3155 sinautem
332 3095 475 3170 signilieet
495 3095 600 3155 deludo
623 3095 752 3167 derideo,
774 3095 828 3154 erit
844 3096 978 3169 metimini,
1003 3106 1034 3157 ut
1057 3097 1125 3158 ludo
1148 3099 1227 3160 illum
1251 3111 1279 3162 et
1302 3104 1387 3164 luder
1407 3103 1440 3161 alr

148 3194 212 3267 illo,
237 3203 268 3254 ut
288 3195 363 3273 apud
385 3196 553 3256 'Ferentium
576 3199 677 3257 ‘uum
700 3196 735 3255 lu
744 3197 802 3257 dis
826 3205 865 3256 tu
887 3196 978 3256 mo‘l'

477 3402 526 3461 uu
551 3403 888 3464 uunlt'uamuutuvs
912 3403 1114 3505 vnunouvu

233 3518 337 3580 Omnia
361 3520 448 3579 verba
468 3520 623 3581 imlieativo
642 3522 729 3581 ιιιιιιΙο
752 3523 890 3583 firriuntur
913 3523 1017 3583 litteris
1040 3523 1183 3599 quinque,
1207 3542 1256 3581 or
1274 3531 1285 3582 t
1302 3543 1331 3583 ιιι
1348 3523 1371 3593 i,
1394 3525 1442 3591 sit,

148 3621 298 3692 olmera,
326 3631 359 3681 ut
376 3622 478 3693 laudo,
499 3640 529 3693 r,
559 3630 591 3680 ut
610 3621 727 3696 laudor,
755 3632 781 3695 t,
812 3631 844 3681 ut
865 3622 972 3702 pudet,
1001 3643 1046 3698 ιιι,
1071 3632 1104 3683 ut
1123 3643 1188 3684 sum
1210 3632 1239 3682 et
1262 3642 1338 3701 (luae
1360 3643 1392 3683 en
1412 3643 1444 3682 eo

148 3728 371 3801 conponuntur,
392 3730 423 3782 ut
446 3740 567 3800 possum
586 3722 704 3794 adsum,
728 3724 753 3794 i,
777 3733 808 3783 ut
828 3723 875 3782 odi
894 3725 970 3784 novi

551 3927 587 3966 illi
609 3924 798 3966 instructioni:
821 3928 1041 3970 CONll'GA'l'lthl'll
1456 3948 1478 3983 :pp

234 4025 460 4102 (loningationes
489 4024 643 4085 rorlrormn
673 4033 742 4084 suut
768 4034 837 4085 tres.
882 4027 976 4115 prima
1002 4036 1047 4089 est
1073 4047 1147 4106 quae
1175 4028 1331 4087 imlieatiro
1359 4029 1443 4088 modo

147 4135 279 4206 tempore
308 4128 454 4205 praesenti
486 4146 608 4187 nurnero
631 4125 769 4203 singulari
799 4130 890 4202 ligura
923 4127 1047 4208 simplici
1079 4147 1204 4208 persona
1236 4130 1331 4207 prima
1359 4129 1444 4190 serbo

216 4334 232 4382 2
251 4349 301 4396 qua
316 4361 352 4369 -
368 4334 509 4382 ostenditur
527 4333 552 4382 Α
572 4349 636 4396 quae
655 4360 689 4368 —
708 4331 818 4383 ostendit
838 4335 898 4384 Bel!
965 4335 982 4383 4
1001 4349 1034 4383 ns
1052 4348 1140 4385 sancia
1157 4348 1296 4383 sansonem
1307 4335 1392 4384 ΑΒΜ

149 4399 178 4448 11
200 4415 232 4450 os
250 4417 339 4452 sunem
358 4418 491 4453 osanonon
511 4417 651 4452 irriserint
671 4402 753 4450 Alam
825 4402 856 4453 12
874 4403 993 4452 deliciunt
1010 4418 1027 4459 ς
1044 4403 1162 4452 deficiant
1179 4402 1262 4452 ,anat
1343 4403 1375 4453 14
1392 4418 1444 4451 om·

147 4482 193 4516 nes
212 4480 270 4521 urite
281 4472 376 4527 ¹modos
395 4489 440 4522 orer.
461 4473 545 4522 ΑΒΜ
614 4472 646 4521 17
666 4472 815 4534 imperatiuo
835 4473 909 4533 innodo
926 4471 1011 4521 Amat
1088 4471 1119 4521 18
1135 4476 1226 4521 luctum
1244 4489 1318 4536 putam
1335 4473 1444 4523 indicari

145 4540 251 4598 rupinae
269 4542 400 4591 verborum
416 4546 511 4606 speciei
526 4543 638 4604 deffinitio
656 4542 752 4591 eor-cidit
839 4542 872 4590 22
892 4541 960 4607 apud
979 4539 1136 4607 Vergilium]
1156 4541 1237 4590 bucol.
1260 4542 1288 4601 l,
1310 4541 1444 4591 inludere

147 4618 211 4663 (luae
228 4607 317 4656 vellem
335 4610 431 4659 eolauro
450 4612 563 4676 permisit
581 4609 676 4674 agresti
761 4611 794 4659 21
818 4612 840 4659 si
865 4622 948 4659 utitem
972 4611 1099 4675 signilleat
1123 4609 1216 4658 deludo
1242 4610 1348 4659 derideo
1366 4611 1444 4662 erit5

216 4675 248 4722 sit
267 4678 377 4726 uotiuum
395 4680 480 4729 ΑΒΜ
552 4679 586 4729 25
605 4679 673 4744 apud
692 4677 847 4743 Terentium]
870 4678 977 4743 Adelph.
998 4680 1044 4728 1111
1063 4678 1094 4737 5,
1113 4677 1148 4729 63
1228 4676 1260 4728 31
1282 4677 1444 4743 Coniugatio—

148 4747 193 4786 nes
213 4767 247 4775 -
265 4744 324 4801 351,
342 4743 358 4793 3
378 4749 513 4797 nutrieram
532 4750 629 4800 Clario.
646 4765 673 4811 p.
697 4746 745 4798 15³
762 4763 817 4813 sqq.
