3114 5356
136 283 199 353 aet
697 248 881 339 arundeis

138 395 272 528 lugpn.
285 391 355 524 iiic
378 479 494 541 quoque
514 462 670 524 Grundiles
692 462 769 523 lares
784 462 880 523 dictos
901 461 1087 541 accepimus,
1110 480 1188 540 quos
1205 463 1357 527 Romulus
1377 484 1436 526 oon

137 566 268 629 stituisse
288 562 395 624 dieitur
416 562 447 623 iu
470 563 611 624 honorem
634 564 747 624 seroiae
768 580 842 642 quae
864 561 983 640 triginta
1002 572 1168 642 pepererat.
1218 564 1298 636 haee
1321 566 1361 626 ita
1380 586 1435 627 esse

137 669 196 729 hoc
224 665 313 727 modu
340 664 475 725 adtinnat
497 665 617 726 Cassius
642 663 766 724 llemina
791 662 821 723 in
845 663 975 724 secundo
997 662 1201 738 ilistoriarum,
1226 667 1433 744 ‘pastorum

138 767 272 845 vulgus
298 765 380 826 sine
407 767 654 827 contentione
676 763 951 826 consentiendo
974 765 1250 843 praefecerunt
1272 768 1435 846 aequali·

141 877 196 930 ter
224 866 381 946 imperio
404 866 551 927 Remum
580 875 616 927 et
645 864 854 937 Romulum,
882 865 933 925 ita
966 873 1005 926 ut
1036 865 1080 926 de
1110 884 1227 945 reguo
1263 877 1451 948 pararents

138 968 241 1029 inter
264 987 312 1029 se.
356 976 565 1028 monstrum
588 968 647 1041 lit,
676 986 740 1027 sus
767 963 866 1044 parit
888 983 1025 1044 porcos
1046 966 1222 1044 triginta,
1253 969 1368 1030 cuius
1388 969 1434 1030 rei

138 1070 260 1131 lanum
288 1069 464 1130 iecerunt
491 1067 636 1130 laribus
658 1064 933 1129 Grundilibus’.
975 1066 1045 1128 item
1063 1067 1149 1146 vulgo
1167 1068 1298 1130 dicimus
1317 1070 1435 1151 amplae

139 1179 200 1245 tor,
219 1178 332 1231 veteres
350 1170 567 1231 inmutaverunt
585 1169 748 1250 amplector
766 1166 870 1227 crebro
889 1166 1071 1241 dictitantes,
1090 1175 1124 1228 ut
1141 1167 1244 1230 livius
1264 1170 1295 1230 in
1313 1170 1434 1250 Odyssec

305 1279 430 1333 utrum
452 1288 571 1349 genua
594 1267 826 1348 amplocteus
846 1267 1032 1346 virginem
1053 1277 1194 1331 oraret.

139 1373 170 1434 in
190 1373 248 1432 hoe
270 1371 387 1448 quidem
411 1379 504 1432 totum
531 1368 665 1447 figuravit
686 1368 824 1443 verbum;
854 1369 1036 1449 amplectens
1063 1371 1135 1431 dixit
1157 1389 1213 1449 pro
1240 1369 1457 1450 amplecteres

140 1480 170 1533 et
194 1472 363 1551 amplexeus
385 1490 439 1551 pro
461 1469 640 1550 amplexans.
685 1477 730 1529 est
753 1469 830 1529 enim
849 1469 912 1531 eius
934 1471 1012 1548 quod
1035 1479 1082 1533 est
1103 1471 1270 1551 amplector
1291 1472 1433 1552 amplexor

140 1572 314 1651 amplexaris
334 1572 508 1632 iterativimr.
553 1588 587 1630 ex
609 1569 667 1628 hoe
689 1588 759 1647 ergo
781 1570 964 1650 amplexans,
994 1591 1053 1632 uon
1074 1571 1246 1651 amplexans
1267 1574 1301 1633 lit
1325 1571 1432 1653 partiri

103 1672 107 1679 ’
138 1673 229 1753 pium.
274 1673 416 1733 hactenus
437 1672 475 1732 de
495 1672 541 1732 his
561 1689 635 1749 quae
656 1671 795 1731 memoria
818 1672 1005 1752 suppeditare
1025 1673 1129 1753 potuit.
1175 1693 1256 1735 nunc
1278 1677 1431 1736 retenemus

139 1774 176 1834 de
199 1773 353 1853 corruptis.

223 1874 360 1954 Analogia
380 1876 457 1955 apud
480 1894 551 1949 noe,
575 1875 604 1936 id
627 1884 672 1938 est
694 1876 857 1957 proportio,
880 1873 1097 1958 praetermissis
1112 1876 1293 1937 Graecorum
1310 1874 1457 1956 ambagis

138 1975 195 2037 bus
223 1975 347 2056 simplici
374 1978 461 2038 modo
488 1985 546 2037 tam
569 1978 599 2038 in
621 1979 717 2039 verbis
738 1996 825 2054 quam
840 1978 871 2038 in
888 1975 1057 2038 nominibus
1076 1976 1258 2037 observatur.
1297 1979 1328 2038 iu
1344 1979 1432 2039 verbis

139 2096 173 2138 ea
194 2077 327 2139 videntur
349 2079 435 2140 verba
458 2077 608 2157 analogiae
630 2079 809 2158 respondere
832 2096 906 2155 quae
926 2075 1102 2156 positionem
1124 2079 1249 2157 primam
1273 2079 1384 2140 habeut
1405 2088 1431 2139 ut

138 2179 168 2239 in
196 2180 289 2240 activa
316 2180 510 2242 declinatione
531 2181 561 2241 in
583 2201 600 2241 o
624 2182 798 2252 alterantur,
826 2178 855 2239 in
877 2178 991 2258 passiva
1013 2198 1029 2239 r
1051 2178 1162 2252 addita,
1194 2187 1223 2238 et
1246 2188 1432 2259 conpetenter

138 2280 278 2359 exemplis
300 2280 538 2359 coniugatiouum
560 2300 636 2360 quae
657 2281 921 2342 demonstravimus
944 2278 1135 2339 declinentur.
1164 2278 1250 2357 siqua
1267 2289 1338 2342 sunt
1352 2281 1430 2341 verba

139 2397 213 2457 quae
232 2381 269 2441 ali
291 2383 355 2443 istis
377 2383 560 2463 discrepant,
594 2368 732 2462 cnrrirpta
754 2382 894 2452 dirinurs,
922 2381 1075 2457 quoniam,
1110 2381 1178 2441 dum
1207 2383 1329 2460 proprio
1356 2399 1458 2443 merea

139 2480 336 2556 declinantur,
356 2493 520 2544 ceterorum
542 2493 734 2563 corrumpunt
755 2483 927 2561 analogiam.
961 2481 1150 2558 nequeenim
1174 2477 1257 2565 [non]
1283 2490 1327 2543 est
1356 2481 1431 2560 quasi

138 2600 245 2642 accuso
268 2592 296 2643 et
318 2602 423 2643 moneo
446 2584 484 2643 ita
507 2592 535 2643 et
557 2603 637 2656 sum,
661 2594 692 2644 ut
715 2585 810 2645 ordini
833 2583 926 2663 aptari
950 2582 1060 2662 possit3
1083 2600 1178 2660 neque
1201 2583 1284 2657 velo,
1307 2585 1385 2663 quod
1407 2592 1432 2643 et

137 2683 234 2762 ipsum
257 2691 427 2761 corruptum
450 2692 509 2757 est,
537 2685 575 2744 ita
598 2686 760 2746 declinatur
779 2684 862 2763 quasi
881 2684 947 2744 dico
967 2682 1057 2759 dicis3
1086 2684 1211 2760 ideoque
1242 2694 1432 2747 secernuntur

139 2791 168 2843 et
185 2784 318 2863 privatim
341 2782 532 2844 declinantur.
578 2796 645 2846 sum
669 2797 765 2847 nortem
789 2787 945 2847 admodum
967 2804 1078 2866 pauca,
1109 2805 1173 2845 sum
1194 2795 1223 2844 et
1246 2803 1323 2863 quae
1345 2806 1379 2846 ex
1401 2806 1431 2845 eo

140 2884 292 2962 conposita
318 2892 401 2957 suut,
435 2885 538 2945 adsum
566 2886 668 2948 desum
697 2887 800 2948 misum
819 2908 940 2967 possum
962 2906 1082 2966 prosum
1105 2888 1200 2948 iusum
1222 2886 1328 2948 obsum
1352 2906 1459 2968 prae-s

139 3003 207 3063 suni·
227 2992 257 3044 et
280 2985 400 3059 similia;
428 2985 497 3045 item
520 2988 584 3048 volo
603 2998 631 3048 et
655 3008 729 3066 qnae
752 3009 785 3049 ex
814 3008 848 3049 en
875 2989 1026 3068 conposita
1048 2999 1132 3061 siunt,
1159 2989 1227 3049 uolo
1249 2988 1328 3048 uialo
1347 2998 1375 3048 et
1397 2989 1432 3048 si-

138 3085 232 3160 milia;
254 3087 324 3146 item
346 3087 408 3146 iero
431 3096 460 3148 et
482 3106 555 3166 quae
578 3108 612 3149 ex
630 3109 664 3150 eo
682 3091 833 3170 conposita
849 3087 862 3174 ΙΙ
878 3099 963 3163 sunit,
986 3092 1085 3151 deiero
1109 3092 1201 3151 iniero
1223 3091 1325 3150 auleru
1348 3100 1376 3150 et
1397 3090 1432 3151 si·

139 3184 234 3261 milia;
257 3187 326 3246 item
348 3187 403 3248 edo
423 3198 452 3249 et
480 3208 555 3268 quae
578 3210 610 3250 ex
629 3212 663 3252 en
686 3193 840 3272 conposita
862 3200 946 3266 sunt,
971 3192 1092 3253 comedo
1114 3192 1238 3252 arithedo
1259 3201 1288 3252 et
1314 3193 1431 3266 similia;

137 3286 207 3348 item
227 3289 273 3348 odi
293 3291 360 3350 novi
382 3292 510 3352 memini.
545 3291 618 3352 hacc
640 3302 709 3352 suut
730 3294 814 3368 quiasi
832 3302 970 3374 corrupta
984 3295 1086 3366 verba,
1108 3313 1182 3371 quac
1198 3295 1313 3372 singula
1330 3315 1432 3375 operae

137 3390 262 3468 pretium
285 3411 351 3453 esse
372 3394 477 3473 opinor
501 3412 686 3474 percensere.
1441 3415 1461 3454 n

209 3585 386 3652 lGrundiles]
406 3589 472 3638 Non.
489 3605 515 3651 p,
537 3588 586 3638 114
658 3590 724 3638 leros
743 3589 767 3636 A
848 3590 985 3655 accipimus
1004 3590 1063 3641 ΑΜ
1143 3591 1202 3639 2ιιι
1220 3590 1318 3639 honore
1338 3590 1369 3639 M

136 3658 237 3711 srrolire
256 3659 281 3707 Α
299 3656 421 3721 scrophae
438 3656 464 3705 B
482 3657 584 3706 caraille
601 3659 634 3708 M
711 3658 821 3722 treginta
838 3658 877 3707 B:
899 3660 1003 3723 triginta
1020 3668 1152 3725 pepererat
1170 3674 1261 3724 porcos
1281 3673 1297 3715 ς
1379 3673 1433 3709 esse

137 3747 184 3781 om.
208 3730 292 3779 eodem
316 3728 432 3789 Scioppii
453 3741 522 3787 susp.
542 3731 597 3776 teat.
619 3728 672 3774 V2
758 3726 775 3776 3
799 3729 881 3775 emina
900 3729 938 3785 Α,
964 3744 1046 3784 σηις
1132 3731 1148 3777 4
1174 3731 1268 3793 uulgus
1288 3730 1322 3785 ὸς
1347 3731 1432 3779 uutsus

146 3798 231 3848 ΑΒΜ
298 3794 500 3861 ριιιειοιτιιιιιιις
571 3798 586 3845 5
604 3805 722 3861 pararent
742 3798 806 3844 inter
821 3812 857 3844 se.
877 3797 900 3846 1.
915 3798 944 3848 F.
959 3798 1100 3850 Gronovius
1113 3799 1165 3849 nis.
1188 3801 1197 3847 l
1216 3798 1248 3847 10
1265 3810 1355 3863 parent
1372 3801 1433 3848 inter

135 3871 166 3915 se
189 3865 269 3919 ΑΒΜ
284 3874 308 3915 et
324 3866 409 3915 codem
427 3866 542 3927 Scioppii
558 3880 633 3930 pares
654 3865 719 3913 inter
737 3882 764 3915 sc
783 3875 903 3920 essentq
972 3866 1145 3916 dmonstrcm
1163 3868 1189 3915 ιιι
1210 3868 1242 3916 M
1311 3871 1351 3917 cui
1366 3869 1433 3920 reis

206 3934 328 3983 tranum
347 3947 423 3989 (ηις
493 3933 607 3983 iecerunt
621 3934 670 3982 AB
688 3943 822 3983 secernunt
842 3934 874 3983 M
943 3936 1103 3998 grundilibus
1122 3938 1206 3986 eodan
1224 3939 1341 4000 Scioppii
1358 3950 1431 4001 grun-

136 4005 237 4054 dulibns
257 4003 389 4051 Puteolius
418 4003 544 4066 grundilis
565 4003 650 4052 ΑΒΜ
674 4004 839 4066 grumliless
927 4005 1096 4069 amplectari
1120 4005 1257 4068 amplector
1277 4006 1361 4055 ΑΒΜ
1383 4019 1433 4055 ani·

135 4075 217 4140 plecta
237 4084 266 4125 ςε
287 4070 321 4131 cf.
342 4072 470 4121 Priscian.
488 4089 515 4135 p.
533 4072 584 4122 552
604 4071 720 4121 Cassiod.
739 4073 771 4121 de
786 4073 898 4136 ortlopr.
916 4091 943 4137 p.
959 4073 1029 4124 2283
1098 4073 1115 4123 8
1133 4075 1278 4124 dictitantes
1296 4075 1321 4123 Α
1341 4075 1433 4123 dietan—

136 4152 174 4191 tes
192 4141 252 4191 ΒΜ
336 4139 411 4188 libius
428 4141 518 4190 ΑΒΜ.
548 4143 700 4191 adseetum
718 4140 848 4206 Odysseae
868 4142 956 4191 libram
974 4145 1069 4194 rettulit
1087 4145 1247 4192 Mermaauus
1264 4147 1334 4194 elem.
1354 4145 1430 4193 doctr.

135 4220 204 4261 metr.
222 4228 248 4274 p.
270 4207 321 4258 623
345 4212 409 4257 corii.
429 4210 503 4259 Hom.
524 4209 571 4261 Od.
591 4208 612 4257 Z
633 4211 682 4259 142
784 4209 800 4259 *J
826 4220 909 4259 utrum
935 4216 960 4262 iu
978 4213 1088 4263 titurad
1174 4213 1332 4277 amploeteus
1349 4213 1364 4261 d
1382 4225 1432 4259 am-

135 4282 248 4346 plectens
266 4275 324 4326 AM
340 4286 364 4326 et
382 4279 466 4328 codex
483 4280 598 4344 Scioppii
616 4280 768 4343 amplectens
788 4280 826 4328 B:
846 4282 1000 4344 amplectens
1018 4281 1083 4329 dixit
1102 4290 1125 4329 et
1143 4282 1202 4329 alibi
1220 4282 1370 4345 nrnplexens
1390 4292 1431 4345 pm

135 4349 283 4414 amplexans
296 4361 313 4402 ς
327 4356 422 4395 erraret
440 4346 462 4395 Β
514 4348 545 4397 11)
559 4349 714 4414 amplectens
727 4349 791 4397 ιιιιιιι
800 4350 823 4397 Β
835 4350 989 4413 amplectens
1002 4349 1067 4398 dixit
1078 4350 1136 4399 ΑΜ
1148 4365 1170 4399 er
1182 4353 1267 4400 eadem
1277 4352 1391 4415 Scioppii

135 4433 181 4482 pro
195 4418 335 4482 arripietens
349 4418 433 4466 codex
440 4418 570 4481 Seioppii:
584 4432 629 4482 pro
643 4417 792 4482 amplexans
803 4420 909 4468 coniecit
920 4420 1063 4482 Scioppius.
1078 4434 1123 4484 pre
1138 4420 1294 4482 amplectans
1306 4420 1432 4470 Planesia

209 4486 238 4534 11
258 4485 389 4549 amplexor
408 4486 562 4551 urnplexuris
578 4486 629 4535 AB
644 4486 775 4551 amplexor
794 4488 948 4552 amplexeris
967 4486 1016 4542 Μς
1094 4488 1125 4535 12
1144 4488 1294 4552 atttplexens
1314 4504 1365 4538 nou
1382 4502 1433 4536 am-

135 4555 244 4618 plexans
263 4553 362 4609 ΑΒΜς
450 4556 477 4603 llt
495 4569 511 4610 ς
530 4555 562 4604 sit
580 4554 661 4603 ΑΒΜ
752 4555 783 4605 13
804 4556 966 4621 subpeditare
984 4557 1043 4606 ΑΜ
1131 4557 1162 4606 15
1180 4557 1206 4604 id
1225 4569 1262 4607 est
1282 4559 1307 4606 B
1323 4574 1331 4607 ι
1350 4566 1388 4607 cst
1405 4553 1433 4604 M

136 4622 233 4672 ἾόΑ
303 4624 333 4671 21
354 4623 499 4689 analogium
517 4623 563 4672 Bm
581 4625 755 4690 analogianA
773 4625 892 4690 analogia
907 4626 940 4675 M
1007 4640 1089 4689 neque
1108 4628 1174 4674 enim
1197 4641 1248 4674 non
1266 4637 1306 4676 est
1323 4627 1374 4676 AB
1390 4638 1432 4689 spe

136 4706 200 4752 quae
219 4691 261 4738 eni
279 4694 294 4739 ιι
312 4694 326 4739 i.
344 4692 388 4740 M:
414 4709 496 4755 neque
516 4693 582 4740 euim
601 4694 699 4758 estqui
718 4695 791 4757 quiesi
807 4709 899 4743 accuso
918 4704 942 4744 et
961 4709 1051 4743 moneo
1070 4696 1104 4742 ita
1122 4710 1178 4743 sinui
1200 4695 1282 4744 ordini
1301 4710 1318 4752 ς
1401 4694 1434 4740 22

134 4759 169 4807 itu
188 4767 289 4818 uisum
308 4769 335 4809 ut
352 4760 412 4809 ΒΜ
427 4763 462 4810 ita
479 4771 507 4811 ut
526 4777 583 4812 sum
601 4763 626 4812 Α
696 4762 779 4813 ordini
797 4764 856 4813 AM
873 4764 988 4813 ordinem
1005 4762 1031 4811 B
1100 4763 1135 4813 29
1154 4765 1203 4813 Sed
1222 4763 1284 4813 hace
1301 4773 1360 4814 suut
1379 4763 1403 4813 Β
