3114 5356
511 364 643 427 fltsrir.
666 364 777 428 thud.
800 366 872 434 LlB.
895 370 908 431 1
1314 367 1355 429 67

127 477 260 520 ‚mnu
1169 479 1302 524 ..uu

51 494 127 614 licel
152 551 240 611 Attici
265 551 320 609 rori
342 540 491 632 Ἀγρίππα
516 554 622 615 dicant
674 556 699 615 si
728 561 826 616 autem
855 553 1019 631 genetivum
1048 571 1102 632 per
1120 478 1222 637 romi
1241 531 1361 615 veluti

55 647 140 726 Θόας
159 653 215 714 τοῦ
239 644 389 729 Θόαντος,
418 655 520 717 Latine
542 673 601 735 per
619 656 658 718 tis
676 653 797 729 taciani,
819 654 897 716 velut
917 653 966 715 hic
986 653 1084 714 Thoas
1105 654 1193 717 huius
1214 655 1354 719 Thoantis

53 764 85 818 et
102 751 247 838 similia}

140 857 185 920 Es
198 857 392 919 terminantur
403 857 564 921 masoidina
576 868 606 921 et
616 846 894 923 temininatootuiit
916 877 989 922 sain
1001 869 1103 923 neutra
1113 879 1176 923 iton
1192 861 1351 925 invenian-

26 968 125 1036 strar,
155 960 234 1021 sicut
260 960 290 1021 in
320 959 521 1041 superioribus
550 979 671 1042 qaoque
698 961 738 1023 de
766 964 855 1024 tertio
877 963 979 1025 ordine
1005 962 1222 1039 adnotavimus,
1243 964 1354 1026 discer-

54 1070 161 1122 nentes
188 1079 264 1140 qnas
288 1081 342 1142 per
365 1082 397 1124 es
417 1072 581 1144 correptam
605 1064 732 1125 veniant
750 1069 781 1124 et
801 1081 881 1144 quae
900 1082 958 1144 per
980 1082 1015 1124 os
1038 1065 1210 1147 productam
1229 1066 1353 1128 etlerau·

53 1173 118 1238 tur,
139 1182 217 1243 quiae
235 1164 322 1226 etiarn
340 1163 369 1227 in
387 1167 621 1229 communionem
644 1165 774 1240 veniant,
794 1166 846 1227 sed
866 1174 895 1228 et
913 1183 1022 1246 pauco
1044 1182 1126 1246 quoe
1144 1183 1204 1245 per
1227 1165 1273 1228 dis
1295 1168 1353 1248 syl·

54 1263 150 1326 labam
173 1265 338 1345 genetivum
360 1267 489 1344 iaciant,
506 1287 573 1330 cum
595 1269 692 1330 omnia
713 1286 768 1350 per
786 1269 823 1330 tis
843 1270 1008 1331 clierantm.
1032 1275 1103 1332 sunt
1120 1268 1264 1347 quaedam
1278 1273 1355 1348 quae

55 1367 234 1431 nominativo
256 1368 395 1448 singulari
417 1379 446 1431 et
463 1371 568 1451 plmali
590 1389 661 1432 casu
682 1370 816 1432 similiter
836 1373 998 1434 ehemutur
1017 1390 1078 1452 per
1097 1388 1132 1431 es
1154 1371 1352 1450 prodactam,

23 1478 85 1531 iret
110 1477 182 1531 suut
212 1470 367 1547 feminina,
395 1482 427 1533 ut
455 1471 607 1535 diminutio
630 1491 747 1552 qnoque
774 1472 949 1535 manifestat.
1000 1472 1124 1536 dicimus
1154 1473 1232 1534 enim
1259 1473 1353 1535 uides

54 1568 225 1650 nomm,
259 1593 329 1654 spes
358 1575 493 1655 specula,
522 1593 570 1637 res
599 1575 705 1636 recula.
755 1594 823 1637 nam
852 1574 1013 1638 mascidina
1041 1576 1128 1637 modo
1157 1594 1191 1636 es
1219 1575 1306 1638 modo
1337 1594 1354 1636 a

55 1674 246 1738 motivo
272 1683 490 1738 coronatores
514 1678 756 1755 terminaverim,
783 1680 861 1741 velut
887 1679 1030 1741 Anchises
1056 1677 1198 1754 Anchisa,
1227 1678 1354 1758 Chryses

58 1776 181 1857 Chrysa,
201 1781 286 1846 Attoe
305 1781 390 1856 Atta;
411 1778 553 1842 similiter
572 1779 686 1844 Anides
708 1781 822 1857 Atrida,
851 1790 884 1843 ut
901 1781 1072 1861 Propertius

222 1900 292 1942 non
313 1882 366 1944 ita
387 1882 575 1944 Dardanio
593 1883 744 1961 gavisus
762 1883 891 1945 Atrida
911 1883 1110 1962 triumpho.

31 1978 197 2059 slergilius
233 2001 349 2063 quoque
381 2003 448 2046 cum
480 1985 601 2047 dixisset
630 1986 764 2067 ‘patris
789 1984 1004 2059 Anchisae’,
1038 1985 1106 2045 item
1134 1987 1259 2045 ‘satus
1281 1986 1352 2045 An·

61 2083 190 2160 chisa',
213 2106 230 2147 e
252 2085 398 2150 contumio
420 2086 518 2149 intulit
540 2093 652 2167 ‘quae
673 2089 780 2167 regio
802 2088 1028 2150 Anchisen':
1051 2087 1120 2147 item
1141 2105 1209 2147 oum
1231 2085 1352 2149 dixisset

635 2189 714 2251 duri
738 2208 870 2252 nomen
890 2191 1065 2262 Acestae,

63 2222 152 2350 iiia

428 2396 491 2457 scd
513 2396 651 2458 laetum
673 2395 867 2475 amplexus
888 2397 1067 2470 Acestem

10 2494 12 2505 '
36 2499 94 2551 sut
117 2491 185 2555 mihi
206 2494 340 2557 rideatur
365 2496 444 2558 huuc
464 2499 620 2560 Anchisam
650 2507 679 2559 et
702 2498 783 2559 hunc
801 2499 935 2558 Acestam
958 2495 1037 2557 velut
1058 2495 1160 2558 duram
1181 2495 1352 2584 declinatio·

66 2611 125 2654 uem
148 2595 328 2676 repudiasse.
373 2598 515 2662 Miltiades
542 2609 638 2662 autem
661 2608 691 2662 et
709 2599 888 2673 Alcibiades,
917 2597 985 2660 item
1007 2596 1163 2660 lliomedes
1186 2599 1352 2663 iuduhitan·

69 2783 211 2839 1--1311

156 2877 182 2927 si
201 2877 232 2926 w
249 2875 372 2944 genetiuis
386 2893 433 2945 per
456 2893 504 2930 roc
526 2878 561 2930 nii
585 2893 600 2930 o
620 2891 686 2930 soie
707 2892 756 2929 ror
784 2889 899 2930 sosaroe
928 2874 1006 2928 latino
1021 2913 1114 2928 ......
1130 2876 1222 2928 taciem

157 2965 193 3018 iro
215 2963 259 3014 hie
283 2963 358 3014 thoas
381 2963 398 3012 h
420 2965 530 3018 thoantis
553 2974 578 3016 ct
599 2965 694 3017 similia
715 2961 742 3032 l(
766 2966 831 3015 sicut
856 2964 881 3013 iu
909 2965 1084 3029 superioribus

81 3045 96 3094 5
142 3054 150 3068 ·
179 3049 213 3099 lis
231 3052 398 3101 terminantur
416 3052 555 3103 masculina
570 3058 595 3100 et
613 3050 735 3102 lemiuiua
751 3086 897 3101 .........
916 3058 1005 3101 neutra

156 3136 248 3188 ordine
271 3137 449 3189 adnotauimus
477 3139 648 3189 discernentes
678 3139 696 3200 ri
717 3153 764 3204 per
795 3152 822 3188 es
855 3144 997 3202 correptam

156 3223 309 3288 prodeam
329 3223 464 3275 efferantur
485 3225 501 3288 τ’]
524 3226 600 3275 etism
623 3225 650 3274 iu
671 3225 875 3275 communionem
899 3223 1003 3274 ueniant
1018 3236 1047 3271 se

153 3308 197 3364 ill!
214 3309 343 3376 syllabam
360 3311 480 3377 genetiuis
495 3310 589 3362 iaciant
599 3326 655 3361 curn
673 3312 757 3363 omuia
768 3326 815 3378 per
826 3311 860 3360 tis
872 3308 1017 3360 ederentur.
1034 3325 1049 3360 a

130 3374 212 3444 'tiuo
236 3397 347 3463 quedam
367 3399 385 3462 ‘l
408 3399 564 3450 nominatiuo
588 3399 646 3466 sing
666 3408 691 3483 et
711 3399 757 3465 plu
780 3413 840 3448 omn
864 3395 941 3446 simili

155 3491 181 3533 et
196 3483 223 3533 ii
242 3482 366 3535 feminina
382 3494 410 3534 nt
427 3485 561 3536 diminutio
580 3501 681 3550 quoqne
697 3484 843 3536 mmttesiai
859 3480 917 3534 dms
928 3483 957 3532 Η
970 3483 1050 3534 nubes

155 3584 218 3637 spes
239 3571 345 3638 specula
368 3587 409 3623 res
435 3572 520 3624 recula
535 3575 568 3624 ni
585 3572 725 3625 masculina
741 3575 782 3623 mo
802 3588 829 3623 es
847 3574 889 3622 mii

156 3659 358 3708 termiusneruut
381 3658 416 3708 uir
438 3659 555 3711 anchises
580 3659 686 3712 anchisa
712 3659 816 3725 chryses
839 3657 931 3724 chryse
949 3661 1013 3706 attcs

155 3745 253 3796 atrides
270 3745 353 3796 atride
371 3754 398 3795 nt
416 3748 560 3813 propertius
575 3762 625 3799 nou
641 3748 676 3798 ita
695 3745 817 3797 dardanio
837 3745 944 3813 gouhm
962 3742 1045 3795 atride
1063 3745 1140 3793 trium

67 3828 91 3879 lt
153 3831 282 3899 sergium

121 3986 179 4036 Via:
192 4000 294 4052 pancos
310 4001 398 4037 mnis
412 3990 540 4053 pleniores
556 3991 616 4054 lepit
632 3990 735 4040 Pierius
820 3989 837 4039 2
855 3988 931 4039 latino
949 3988 981 4037 tis
1000 3986 1095 4038 facient
1112 4001 1134 4036 ω
1221 3987 1239 4039 u
1255 4000 1301 4054 per
1318 4000 1345 4034 es

63 4066 192 4123 ttrreptam
210 4064 237 4106 et
254 4071 301 4122 per
318 4071 346 4106 es
362 4057 511 4123 productam
528 4074 550 4108 ω
635 4060 651 4110 Ἰ
670 4060 714 4109 sed
733 4066 757 4107 et
776 4057 844 4107 odis
862 4074 884 4108 ω
966 4056 988 4107 -8
1010 4058 1173 4108 ederentur«
1191 4065 1249 4105 suut
1266 4069 1344 4118 quoe-

62 4121 109 4175 ln
124 4140 162 4175 io:
185 4128 212 4177 ia
230 4127 316 4175 codice
334 4128 386 4176 tino
403 4130 429 4178 in
446 4129 516 4178 initio
531 4129 588 4178 uoci
604 4144 691 4178 versus
707 4145 723 4178 a
741 4127 848 4178 librario
864 4128 969 4178 deletum
987 4137 1025 4178 est
1107 4127 1125 4177 o
1148 4126 1265 4176 similiter
1284 4123 1343 4173 elie·

63 4204 135 4247 mear
155 4217 170 4247 s
187 4204 213 4246 et
228 4210 250 4245 io
322 4195 355 4246 10
373 4197 452 4246 nubes
471 4196 681 4264 nubeculmspes
699 4212 721 4247 ω
796 4196 827 4248 11
846 4199 922 4249 modo
941 4214 956 4248 a
973 4199 1138 4248 terminarunt
1155 4211 1177 4246 io
1249 4192 1282 4244 13
1300 4194 1345 4241 Αι-

61 4269 170 4332 ishun
191 4265 298 4316 Atrides
315 4280 338 4315 io
408 4267 440 4318 14
458 4268 596 4336 triumpho.
617 4268 745 4334 Vergilius
763 4281 785 4316 ω

117 4472 183 4525 hin
201 4470 382 4539 superioribus
399 4470 431 4521 de
449 4472 522 4522 tertio
540 4472 629 4523 ordine
644 4472 792 4525 Fabricius:
812 4489 840 4538 ρ.
861 4471 893 4524 16
981 4475 996 4523 7
1020 4473 1064 4524 sed
1083 4479 1108 4521 ct
1129 4482 1210 4536 pauca
1233 4481 1280 4533 per
1301 4465 1342 4516 dis

58 4538 172 4603 plistiam
185 4532 332 4593 Patriciae
411 4540 429 4591 8
451 4542 575 4605 quaedam
597 4557 663 4605 quae
684 4544 839 4595 nominatiuo
857 4543 896 4594 dis
913 4547 1032 4610 seriptum
1046 4544 1127 4607 stow
1144 4537 1243 4589 videm
1259 4538 1285 4586 i'n
1302 4551 1343 4586 0⁰·

58 4608 141 4665 bet
153 4614 250 4679 priore
266 4612 324 4662 Ῑοω
341 4626 359 4661 a
372 4611 478 4662 librario
495 4613 610 4663 deletura.
636 4627 684 4678 quo
710 4613 804 4676 [ατιτσττ
821 4620 860 4663 est
881 4621 908 4662 iit
924 4615 1114 4678 eoppterueatwr
1132 4607 1200 4674 qwd
1212 4609 1288 4670 lm'
1301 4620 1342 4655 ⁸⁰·

57 4678 112 4733 lh
124 4686 275 4737 Hem
292 4697 480 4732 ammonitos
496 4690 619 4747 aequaret
701 4681 733 4733 13
750 4679 907 4749 Propertius]
929 4676 1117 4747 111(11)14,1
1197 4675 1230 4728 15
1248 4673 1339 4743 patris]

60 4748 125 4820 ray.
143 4755 215 4807 Aen.
235 4751 353 4804 1111351
432 4750 511 4817 satus]
536 4754 616 4818 Verp.
632 4751 698 4803 Aea.
716 4755 751 4803 vi
767 4754 817 4806 331
904 4753 936 4804 lt
958 4750 1033 4815 quae]
1056 4751 1136 4814 Vera.
1156 4745 1221 4798 Aen.
1240 4745 1342 4796 Vidit)

111 4825 245 4877 Anchisen
263 4839 287 4873 ω
318 4821 449 4872 anchisem
466 4820 492 4869 N
580 4823 609 4873 it
633 4821 701 4889 duri]
725 4825 804 4890 Verp.
824 4823 888 4872 Aen.
909 4824 929 4870 V
950 4819 998 4871 ltro
1026 4827 1050 4869 et
1074 4817 1136 4868 clari
1159 4833 1194 4866 ee
1215 4815 1342 4869 codicibus

61 4886 153 4959 Versa
166 4894 313 4948 rnorem
331 4898 357 4942 a
375 4891 445 4941 uiui
461 4905 483 4940 ω
551 4893 669 4956 scitisne
685 4893 713 4943 u
814 4891 848 4943 ro
864 4890 922 4957 aaa]
944 4892 1023 4955 Vera,
1042 4888 1108 4941 nei.
1126 4887 1149 4935 v
1167 4887 1217 4938 sti

1094 4974 1135 5037 5*
