3114 5356
134 290 197 354 386
695 286 878 349 utenti-:uls

203 437 209 450 .
242 407 260 448 '1
277 406 301 448 r.

187 421 200 463 p
224 408 250 449 ³⁸
299 478 383 556 quis
404 479 506 558 potis
527 477 701 555 ingentis
724 494 808 536 oras
831 474 1004 536 evolvere
1025 472 1134 550 belli,

134 590 163 643 et
181 580 324 660 Vergilius

299 688 335 742 at
354 696 426 775 pon
449 678 663 740 Euandrum
682 678 783 758 potis
805 685 863 739 est
882 677 938 740 vis
962 678 1035 739 ulla
1056 686 1201 739 tenere.

133 802 190 846 nec
221 801 281 843 non
304 772 379 871 pige
409 789 523 842 veteres
555 778 660 841 crebro
690 780 788 841 dicere
816 778 989 858 reperimus.
1040 779 1176 858 proximo
1204 786 1275 841 utar
1293 779 1431 859 exemplu

135 883 318 995 Permait
1439 896 1449 934 i

209 998 212 1003 '
245 973 254 991 ²
301 985 360 1064 qui
382 982 488 1065 potet
508 984 564 1044 vis
587 980 729 1043 dicam?
752 981 916 1060 nugaris.

134 1088 218 1152 cuius
240 1089 370 1148 luturum
392 1086 500 1148 dicitur
518 1094 621 1165 potero
644 1091 673 1144 et
690 1092 829 1164 potuero,
860 1083 912 1145 sed
940 1089 1043 1163 potero
1070 1081 1166 1158 magis
1195 1081 1363 1156 finitivum,
1388 1100 1433 1161 po

134 1199 217 1252 tuero
240 1189 472 1262 subiunctivum‚
501 1187 585 1265 quasi
608 1204 674 1246 cum
697 1192 830 1264 potuero.

218 1290 274 1351 Est
291 1297 321 1350 et
341 1289 406 1350 volo
429 1295 609 1366 corruptum.
653 1287 830 1367 positionem
854 1286 972 1365 quidem
999 1284 1088 1345 habet
1117 1283 1207 1345 talem
1236 1283 1321 1345 velut
1345 1293 1430 1345 cetera

134 1411 211 1471 quae
230 1389 379 1466 analogiae
402 1397 521 1470 parent,
549 1388 686 1466 quoniam
709 1387 740 1448 in
762 1408 781 1449 o
803 1387 990 1461 terminatum
1019 1385 1071 1446 scd
1099 1384 1130 1444 in
1154 1385 1265 1447 ceteris
1287 1385 1456 1447 confundite

135 1491 370 1552 declinationem.
414 1488 497 1549 nullo
519 1489 597 1549 enim
619 1489 753 1569 exemplo
775 1487 925 1567 analogiae
947 1486 1125 1559 declinatur,
1149 1485 1204 1546 sed
1225 1486 1294 1548 volo
1313 1487 1358 1548 ris
1370 1486 1429 1547 vult

134 1593 163 1653 id
184 1592 304 1652 verbum
326 1590 423 1651 deficit
444 1591 540 1651 luturo
562 1590 703 1651 infinitivo
726 1598 755 1651 et
776 1588 929 1670 participio
952 1588 1065 1661 loturo,
1090 1587 1171 1666 quod
1192 1605 1320 1667 semper
1341 1605 1376 1648 ex
1394 1586 1430 1647 in·

134 1692 244 1754 finitive
266 1692 420 1753 derivatur.
466 1711 500 1752 ex
521 1692 578 1753 hoc
600 1692 687 1751 verbo
717 1689 870 1770 conposita
897 1696 966 1750 sunt
993 1688 1070 1749 malo
1098 1689 1176 1750 nolo.
1222 1689 1371 1750 mendose
1389 1687 1429 1765 qui

135 1795 284 1874 geminant
308 1794 318 1854 l
347 1793 472 1854 litteram
499 1801 528 1853 et
552 1793 705 1854 enuntiant
731 1791 825 1853 niodo
853 1790 954 1866 nollo,
985 1790 1123 1868 quoniam
1145 1788 1314 1869 principale
1338 1807 1428 1851 eumn

136 1915 223 1958 unam
246 1895 342 1956 haltet.
386 1902 433 1955 est
454 1894 530 1954 eninr
552 1895 635 1967 selo,
657 1902 686 1954 ot
703 1893 905 1972 conpositione
926 1892 1019 1973 prima
1034 1889 1141 1950 decidit
1158 1888 1287 1969 syllaba,
1310 1902 1453 1968 seqrrenstt

135 2017 194 2058 non
225 1998 398 2070 imnutatur,
435 1997 519 2073 quasi
546 1996 614 2057 nolo
645 1995 731 2055 malo.
778 2003 875 2055 cetera
902 1992 1096 2053 declinatione
1124 1991 1263 2053 similiter
1283 1990 1427 2072 principali

135 2099 326 2159 declinantur.
370 2099 448 2177 apud
474 2107 585 2159 veteres
610 2096 774 2176 reporimus
797 2095 825 2155 id
845 2095 922 2172 (prod
944 2094 1079 2156 nolumus
1100 2113 1161 2155 nou
1184 2093 1275 2156 vultis
1299 2119 1320 2156 e
1341 2101 1373 2156 ut
1390 2100 1426 2152 est

135 2200 167 2260 in
188 2199 345 2259 Aethrione
367 2199 445 2277 apud
463 2199 622 2260 Caecilium

300 2307 481 2372 actutum,
500 2299 635 2373 vultis,
655 2307 775 2377 empta
799 2306 873 2373 est;
893 2297 1029 2370 uoltis,
1051 2315 1120 2357 non
1143 2306 1270 2377 empta
1291 2306 1359 2360 est.

135 2420 170 2462 ex
200 2401 257 2461 hoc
287 2399 371 2477 vulgo
406 2401 516 2462 iaciunt
551 2401 752 2479 imperativum
781 2397 850 2459 noli.
900 2399 1004 2459 melius
1036 2407 1081 2458 cst
1113 2398 1212 2459 dicere
1242 2400 1323 2462 nolis
1354 2398 1450 2468 nolite

135 2501 273 2580 quioniam
302 2519 336 2560 cx
362 2501 515 2579 principali
545 2501 608 2561 eius
629 2500 701 2561 velis
723 2499 792 2560 velit
812 2499 937 2560 dicimus
955 2508 988 2560 ut
1009 2499 1148 2560 Horatius
1170 2501 1299 2561 ‘modo
1323 2500 1423 2568 velis,

136 2622 230 2680 qnae
252 2611 313 2662 tua
335 2598 472 2673 virtus,
495 2601 760 2680 expugnabis’.

221 2703 275 2762 Est
299 2709 328 2760 ct
351 2700 413 2759 lero
435 2709 620 2779 corruptum,
652 2709 681 2760 ot
708 2700 737 2760 id
764 2701 883 2762 verbum
913 2701 1089 2780 positionem
1113 2702 1232 2779 quidem
1255 2702 1345 2763 hahet
1365 2719 1424 2761 con·

135 2813 284 2887 petentem
308 2799 473 2877 analogiae,
509 2802 644 2876 quitiniam
669 2801 698 2860 in
721 2822 738 2862 o
762 2803 896 2876 effertur,
926 2803 978 2863 sed
1007 2812 1177 2882 corruptum
1201 2815 1263 2876 est,
1299 2803 1422 2881 quoniam

136 2906 217 2966 nullo
240 2903 327 2962 modo
351 2902 585 2980 coniugationnm
615 2903 785 2964 declinatur.
831 2905 893 2964 lero
922 2906 980 2965 lers
1012 2906 1068 2964 lert
1099 2906 1298 2976 declinamus,
1331 2914 1359 2964 et
1387 2908 1450 2960 este

136 3007 282 3086 passivum
307 3006 385 3064 leror
405 3004 523 3076 fereris,
547 3011 575 3064 el
597 3004 748 3082 conposita
772 3006 942 3083 peremnia
965 3006 1097 3066 similiter
1113 3006 1314 3079 declinantur,
1336 3006 1422 3065 delere

136 3108 256 3169 confero
280 3114 308 3167 et
330 3113 425 3165 cetera
446 3105 559 3165 similia.
604 3105 654 3164 sed
683 3105 798 3184 passiva
826 3107 980 3167 declinatio
1008 3127 1066 3168 non
1089 3108 1314 3186 inconpetenter
1336 3105 1422 3167 analo·

135 3210 199 3288 giae
222 3208 392 3268 declinatur.
474 3247 476 3251 ‚

222 3310 275 3371 Est
295 3317 325 3370 et
344 3309 398 3370 edo
421 3319 607 3386 corruptum,
639 3309 775 3385 quoniam
800 3308 854 3367 cdo
878 3328 911 3368 es
933 3319 978 3368 est
1002 3309 1177 3381 declinatur,
1207 3319 1240 3369 ut
1265 3310 1344 3389 apud
1365 3311 1423 3369 ller-

136 3412 236 3492 gilium
1432 3424 1451 3463 pr

674 3520 731 3572 est
753 3511 881 3572 mollis
902 3513 1049 3573 flamma
1072 3513 1265 3573 medullas.

135 3688 210 3731 neceto
234 3681 359 3729 carnatium
383 3678 448 3728 libro
473 3680 610 3727 citaverunt
636 3679 784 3727 illacrobius
808 3688 856 3727 sut.
879 3680 913 3728 l'l
934 3679 945 3728 l
969 3687 993 3727 et
1015 3679 1179 3740 Quintilianus
1205 3680 1237 3726 l'l
1256 3677 1286 3727 3.
1304 3679 1339 3728 eo
1413 3677 1422 3725 l

137 3750 180 3812 qui
199 3761 215 3803 ς
305 3762 378 3797 oruse
396 3747 500 3794 uoluere
517 3746 543 3795 B
563 3760 634 3794 orare
654 3747 756 3794 uolnere
775 3747 799 3794 Α
818 3757 841 3796 et
858 3751 942 3799 codea·
957 3748 1073 3812 Scioppii
1088 3766 1157 3812 scarp.
1176 3753 1233 3797 tect.
1256 3749 1300 3796 llll
1318 3750 1352 3797 ’ὶῖ
1376 3762 1424 3796 oms

136 3818 237 3867 euolure
257 3815 290 3864 Μ
313 3831 403 3865 causus
423 3815 576 3869 euoluere5
664 3815 735 3863 bellis
755 3817 788 3865 Μ
872 3821 889 3866 2
912 3815 1061 3882 Vergilius]
1085 3818 1149 3866 Aere.
1176 3816 1209 3864 Xl
1237 3816 1288 3865 148
1376 3819 1425 3867 det

137 3901 187 3936 non
206 3885 231 3933 B
317 3885 384 3951 potis
403 3893 441 3933 est
459 3882 510 3932 ΑΒ
527 3893 608 3947 potest
628 3884 659 3932 M
746 3885 895 3950 tectores]
919 3895 990 3950 potes
1009 3886 1090 3935 ΑΒΜ
1114 3894 1196 3950 podest
1216 3887 1302 3936 codem
1322 3885 1427 3950 Scioppii

137 3969 183 4021 pro
202 3961 309 4017 potes5
336 3968 382 4017 pro
405 3961 487 4018 potest
505 3952 630 4002 Bacchias
656 3967 702 4016 pro
726 3956 792 4017 potis
816 3955 951 4005 Cacumina
1039 3956 1153 4019 proximo
1173 3965 1198 4002 nt
1218 3950 1426 4020 exemplandi!

137 4022 252 4088 proximo
272 4029 299 4069 ut
316 4021 432 4086 exemplo
449 4030 541 4076 nure
611 4020 759 4085 5Persius]
781 4023 803 4079 l,
823 4024 857 4073 56
926 4024 1020 4073 tuit-tt
1038 4024 1120 4073 ΑΒΜ
1191 4025 1223 4072 10
1242 4023 1426 4077 cenomannis

137 4091 305 4147 terminentur
323 4091 408 4139 ΑΒΜ
493 4091 524 4140 12
543 4090 635 4139 delet-it
653 4090 686 4138 M
701 4091 777 4140 dellat
795 4093 819 4141 Α
909 4093 941 4141 Η
967 4093 1041 4141 nndlo
1062 4094 1127 4142 nollo
1145 4110 1191 4142 orti.
1213 4092 1312 4150 ΑΒΜ,
1339 4095 1426 4145 adds

208 4158 239 4207 17
258 4157 284 4206 id
303 4159 371 4221 quod
388 4173 439 4207 non
456 4159 533 4208 uultis
553 4159 627 4208 noltis
647 4167 672 4206 ut
688 4172 713 4213 ς.
741 4164 854 4210 lacunam
874 4180 923 4226 qna
941 4171 1047 4212 ueterani
1065 4164 1200 4212 declinatio
1222 4162 1342 4211 nolumus
1360 4161 1427 4211 uoltis

137 4229 234 4280 excidit
247 4229 364 4280 indicaui.
393 4245 426 4276 an
445 4230 478 4277 ita
498 4242 607 4290 quoquc,
627 4229 743 4278 nolumus
763 4230 836 4279 noltis
855 4246 900 4295 pro
922 4246 970 4279 riou
989 4232 1076 4287 uultis,
1095 4232 1140 4278 nt'l
1213 4229 1244 4278 18
1264 4241 1302 4280 cst
1322 4233 1347 4280 in
1366 4229 1426 4279 ethe-

137 4300 207 4348 rione
232 4297 301 4361 apud
326 4297 436 4345 lucilium
459 4296 543 4345 ΑΒΜ
571 4308 610 4345 cst
636 4299 660 4344 in
687 4297 809 4347 etlreriore
833 4301 900 4364 apml
927 4300 1036 4348 lucilium
1055 4302 1138 4349 coclea:
1156 4299 1272 4362 Scioppii
1288 4317 1358 4364 stup.
1378 4304 1426 4348 tae.

136 4368 181 4416 llll
201 4367 234 4415 22
251 4375 290 4415 est
308 4365 376 4430 upud
395 4367 506 4415 lncilium
521 4380 537 4421 ς
609 4366 641 4416 19
655 4375 764 4416 actutum
778 4372 873 4418 recenti
883 4386 956 4416 tatami
966 4371 1119 4432 orbecciptmn
1132 4377 1168 4416 eet
1179 4371 1204 4417 iu
1216 4368 1248 4417 Μ
1260 4371 1370 4418 actinnm
1378 4365 1429 4416 ΒΜ

137 4436 244 4487 uetitum
263 4436 296 4494 Α,
315 4452 361 4486 orn.
382 4449 413 4490 5:
434 4435 502 4500 apud
518 4435 652 4484 Caecilium
672 4435 778 4486 Statium
800 4441 903 4486 coniecit
922 4438 945 4486 I.
965 4438 1095 4487 Beclrcrue
1112 4437 1203 4486 Ptettot.
1226 4440 1270 4487 llll
1289 4454 1317 4501 p.
1334 4438 1367 4487 78

139 4513 205 4552 emto
224 4504 299 4553 uoltis
318 4506 401 4554 codex
418 4505 534 4568 Scioppii
618 4505 649 4552 21
677 4504 811 4570 llorntins]
829 4517 877 4556 sot.
899 4508 905 4553 l
929 4506 960 4559 ll.
979 4506 1013 4554 at
1100 4508 1133 4554 22
1157 4506 1372 4573 qninnmninus
1389 4519 1428 4554 ex·

140 4572 285 4637 pugnabilis
304 4581 342 4622 est
361 4586 377 4627 ς
448 4574 529 4621 uirtus
547 4580 585 4621 cst
604 4572 654 4620 AB
731 4575 891 4640 expugnabis
910 4575 934 4622 Β
952 4575 1097 4639 exprrgnnbi
1118 4576 1141 4623 Α
1159 4576 1318 4639 expugnabit
1337 4576 1370 4625 Μ

139 4639 173 4689 23
192 4650 354 4704 conpetenter
374 4642 406 4690 M
472 4643 506 4692 25
526 4640 574 4690 lert
591 4640 708 4691 Autem
726 4645 751 4693 B
769 4644 894 4692 sertin-tt
965 4644 998 4693 ‘2ss
1018 4642 1107 4692 fereris
1123 4643 1206 4693 ΑΒΜ
1222 4643 1333 4701 semiss
1399 4640 1428 4689 27

139 4706 321 4826 :iqeclinpltppng6
325 4710 357 4758 M
443 4710 477 4759 tu
496 4719 520 4759 et
537 4727 583 4761 om.
601 4711 686 4761 ΑΒΜ
771 4730 799 4761 es
824 4731 869 4763 ortt.
890 4712 986 4771 ΑΒΜ,
1009 4714 1107 4767 add.5
1195 4713 1264 4777 npnd
1282 4706 1428 4780 Vergilium]

165 4791 204 4824 m·
1174 4799 1178 4808 ,
