3114 5356
138 295 180 356 44
703 293 866 357 ClldlllSll

189 410 339 466 pwfflk
1221 407 1376 464 mmuh

140 483 255 557 mariis,
278 490 308 543 et
328 491 424 544 cetera
442 483 582 544 similiter.
628 483 680 544 sed
705 482 743 544 de
763 483 909 548 insomnio
930 485 1094 564 quaesitum
1115 494 1176 558 est,
1198 482 1336 564 quoniam
1352 483 1432 564 apud

140 587 295 666 Vergilium
317 604 377 646 non
399 584 572 664 geminatur.
1181 665 1186 676 Ι

224 689 319 749 Omne
340 704 446 748 nornen
467 685 661 748 mascrdinum
684 688 762 766 quod
781 707 835 769 per
854 695 901 749 tor
923 688 1061 767 syllabam
1083 690 1260 751 nominativo
1278 706 1351 751 casu
1371 696 1432 749 ter-

139 794 266 856 minatur
292 791 430 853 feminino
455 808 509 870 per
531 789 586 851 trix
614 774 732 853 finietur
751 790 882 869 nihilque
903 809 938 851 ex
959 810 1081 853 numero
1108 791 1283 871 syllabarum
1304 789 1431 852 nansia-

138 905 202 958 tun
222 895 350 968 amittet,
372 893 451 954 velut
470 899 568 954 orator
584 892 708 967 oratrix,
728 901 848 954 venator
868 892 1013 967 venatrix,
1034 893 1159 955 bellator
1178 891 1327 964 bellatrix,
1349 899 1450 954 actori

139 999 245 1074 actrix,
271 1004 424 1060 accusator
443 994 621 1068 accusatrix,
646 1003 783 1075 receptor
803 995 963 1075 receptrix,
993 994 1119 1057 domitor
1139 994 1290 1068 domitrix,
1314 1001 1433 1055 creator

140 1101 279 1174 creatrix,
299 1106 439 1161 tractator
456 1097 605 1160 tractatrix
632 1104 663 1158 et
685 1095 805 1174 similia3
829 1115 864 1158 ae
879 1116 932 1177 per
946 1097 1004 1159 boe
1020 1097 1145 1159 nutritor
1159 1096 1309 1170 nutritiix,
1328 1113 1433 1174 quarn·

113 1221 227 1281 „cpiam
251 1202 281 1263 in
303 1220 360 1263 usu
379 1200 477 1262 nutrix
495 1199 625 1273 dicatur3
654 1205 776 1279 excepto
798 1180 933 1273 auctore,
959 1217 1027 1260 curn
1048 1197 1134 1261 etiam
1157 1198 1231 1259 baec
1248 1206 1352 1260 auctor
1373 1197 1432 1259 dici

139 1304 253 1365 debeat
297 1321 397 1364 verum
418 1300 631 1390 observandum
650 1308 710 1376 est,
731 1301 810 1379 quod
833 1320 868 1362 or
887 1288 991 1362 litteris
1009 1300 1039 1362 in
1056 1301 1157 1362 ultimo
1176 1297 1329 1362 terminata
1352 1319 1433 1362 mas·

139 1405 245 1478 eulina,
264 1403 290 1465 si
305 1423 358 1484 per
371 1404 457 1465 rerba
471 1399 486 1487 ΙΙ
500 1410 671 1477 nascuntur,
687 1422 743 1464 una
754 1402 849 1464 littera
863 1403 893 1464 iu
908 1402 1079 1464 femininum
1094 1403 1278 1477 aderescrmt,
1294 1410 1326 1464 ut
1344 1422 1433 1464 rena·

139 1517 187 1569 tor
197 1506 341 1579 venatrix,
361 1504 454 1566 victor
466 1504 581 1580 victrix,
602 1514 705 1568 tonsor
720 1505 846 1579 tonsrix,
868 1523 927 1565 non
943 1504 1082 1579 tonstrir;
1101 1503 1214 1565 duabus
1232 1504 1308 1565 enirn
1323 1503 1433 1567 litteris

139 1610 206 1691 plus
221 1607 342 1670 elliciet:
363 1608 461 1668 fossor
474 1607 594 1681 lossrix,
609 1626 712 1669 cursor
725 1607 846 1669 cursrir.
869 1606 895 1668 si
911 1625 979 1668 vero
994 1626 1047 1668 sua
1067 1606 1246 1687 proprietate
1265 1607 1434 1670 censebun-

140 1721 203 1786 tur,
231 1729 290 1771 non
313 1717 345 1770 ut
365 1708 533 1789 superiora,
556 1727 629 1786 quae
657 1709 884 1789 proficiscuntur
905 1728 921 1769 a
943 1709 1055 1782 verbis,
1077 1709 1244 1770 necessario
1264 1710 1433 1771 communia

139 1821 241 1885 erunt,
260 1811 378 1891 quando
398 1809 470 1872 nihil
493 1829 547 1890 pro
568 1808 762 1891 indivisoper
781 1811 1061 1874 administrationem
1082 1811 1250 1891 acceperint
1264 1811 1432 1873 verborum.

139 1935 208 1978 narn
229 1916 326 1994 legere
347 1911 526 1993 respondere
556 1921 689 1995 spectare
709 1921 768 1975 tam
794 1913 909 1975 leminis
930 1931 1017 1992 quam
1040 1913 1178 1975 masculis
1199 1913 1389 1991 vindicatur„
1400 1924 1434 1976 ut

139 2017 188 2079 ille
207 2017 332 2095 agitator
356 2015 405 2078 illa
426 2015 575 2092 agitatrix,
604 2017 769 2077 faenerator
785 2014 967 2077 lacueratrix.
1011 2015 1104 2076 viator
1128 2034 1195 2077 vero
1215 2025 1245 2077 et
1266 2018 1433 2079 institeret

139 2126 219 2180 tutor
240 2137 275 2179 ae
296 2117 401 2180 similia
423 2136 477 2197 pro
498 2117 701 2179 communibus
720 2116 898 2199 accipienda.
941 2116 1013 2178 nihil
1038 2117 1115 2178 enirn
1134 2119 1218 2197 quasi
1241 2120 1431 2200 praecipuum

138 2239 193 2301 per
220 2219 307 2281 rerba
334 2219 451 2281 habent
496 2227 599 2282 auctor
625 2220 650 2281 si
674 2220 790 2299 quidem
812 2226 966 2301 propterea
993 2220 1099 2283 dieitur
1115 2220 1193 2300 quod
1217 2223 1358 2300 [augere]
1380 2241 1431 2301 gc-

121 2323 265 2397 ·nerarit,
289 2321 448 2384 auctricem
468 2320 616 2397 dicemus,
638 2322 716 2400 quod
737 2322 846 2402 pariter
867 2340 975 2401 augere
995 2323 1106 2402 possit;
1126 2341 1192 2385 eum
1211 2342 1280 2385 vero
1301 2325 1339 2385 ad
1361 2343 1431 2386 auc·

138 2426 285 2487 toritatem
304 2424 463 2498 reseratur,
484 2443 538 2504 pro
561 2425 706 2487 communi
728 2424 936 2505 recipiendum.

223 2525 327 2586 Omnia
355 2525 472 2586 nomina
501 2544 576 2604 quae
604 2546 658 2607 per
683 2546 719 2587 us
744 2526 885 2605 syllabam
913 2526 1089 2588 nominativo
1125 2545 1195 2587 casu
1225 2527 1428 2604 terminantur,

137 2629 211 2689 haec
228 2627 360 2705 genetivo
378 2636 428 2688 aut
450 2647 503 2708 per
527 2629 535 2688 i
555 2636 662 2689 exeunt
684 2636 713 2688 et
732 2637 802 2690 sunt
823 2627 944 2691 secundi
966 2629 1091 2712 ordinis,
1119 2636 1169 2690 aut
1191 2649 1244 2710 per
1265 2631 1339 2692 isat
1360 2640 1429 2693 sunt

137 2730 214 2792 tertii
237 2729 363 2803 ordinis,
386 2737 435 2790 aut
453 2748 506 2809 per
528 2749 563 2790 us
585 2728 709 2790 similem
730 2730 907 2792 pontinatico
927 2738 956 2792 et
971 2739 1040 2792 suut
1054 2732 1149 2809 quarti
1169 2732 1289 2794 ordinis.
1335 2733 1428 2795 omnis

138 2830 293 2911 appellatio
314 2848 389 2908 quae
408 2849 443 2891 ex
464 2830 553 2891 verbo
581 2830 776 2909 proficiscitur
797 2831 875 2893 etin
904 2851 939 2894 us
961 2832 1099 2913 syllabam
1123 2835 1296 2896 terminatru
1315 2854 1427 2898 maseu-

138 2933 189 2994 lini
210 2932 326 3011 generis
348 2938 408 3002 est,
430 2930 508 2992 velut
529 2931 676 2993 descendo
698 2933 852 2996 descendis
875 2934 923 2994 bie
945 2933 1122 3009 descensus,
1144 2955 1216 2999 coeo
1238 2937 1300 2999 eois
1323 2938 1425 3013 coitus,

140 3034 236 3095 ambio
258 3017 353 3094 ambis
375 3033 517 3109 ambitus,
545 3034 649 3096 adllcio
676 3035 777 3098 adficis
796 3035 938 3098 adlectus.
983 3044 1052 3098 sunt
1076 3045 1174 3098 autern
1194 3039 1289 3117 quarti
1317 3040 1425 3103 ordinis

138 3145 169 3197 et
190 3136 323 3214 genetivo
349 3154 403 3215 per
424 3155 458 3197 us
480 3138 650 3198 efferuntur.
695 3137 747 3198 sed
768 3138 794 3199 si
817 3157 926 3200 nomen
948 3138 1018 3212 erit,
1046 3139 1167 3200 secundi
1189 3141 1244 3202 erit
1267 3142 1379 3204 ordinis
1402 3153 1424 3204 et

137 3259 191 3319 per
212 3239 221 3299 i
244 3237 377 3316 genetivo
398 3238 577 3317 proferetur,
599 3238 678 3301 velut
697 3241 746 3301 bic
765 3259 889 3319 nragnus
910 3242 998 3302 buius
1015 3242 1128 3321 magni,
1151 3242 1198 3303 bic
1225 3242 1354 3306 lulianus
1376 3246 1422 3307 bu·

137 3339 184 3401 ius
206 3339 326 3413 Iuliani,
352 3338 399 3400 bic
421 3340 568 3419 Augustus
586 3341 674 3403 buius
695 3343 826 3422 Augusti.
871 3343 938 3417 sed,
968 3344 992 3404 si
1012 3362 1071 3404 non
1093 3344 1192 3419 fallor,
1215 3347 1345 3408 omnium
1365 3367 1421 3410 rer·

137 3441 241 3502 borum
266 3440 477 3521 appellationes
504 3442 590 3503 etiarn
619 3444 649 3504 in
676 3463 694 3504 o
720 3444 920 3506 terminantur.
971 3465 1045 3524 quae
1072 3466 1139 3508 cuna
1166 3447 1195 3508 in
1217 3469 1235 3510 o
1257 3449 1420 3513 tenninatar

137 3544 390 3636 luerintngenere
412 3543 551 3604 feminino
566 3544 764 3620 declinantur,
786 3546 860 3608 baec
880 3548 982 3622 coitio,
1004 3550 1077 3610 baec
1091 3551 1225 3624 ambitio,
1246 3551 1319 3637 baec
1336 3553 1419 3635 scrip

137 3644 193 3717 tio,
216 3645 355 3719 adlectio,
377 3645 464 3719 ultio,
486 3645 656 3719 descensio,
675 3648 821 3722 accersio,
848 3649 998 3725 decessio,
1023 3652 1125 3713 evictio
1155 3660 1184 3713 ct
1210 3661 1315 3715 cetera.
1361 3674 1418 3716 sun

138 3746 225 3808 etiam
248 3746 324 3807 tertii
345 3746 455 3807 ordinis
474 3755 502 3808 et
526 3767 579 3827 per
600 3749 624 3809 is
646 3749 778 3827 genetivo
798 3752 996 3831 proferentur,
1019 3753 1097 3816 velut
1120 3750 1225 3838 [coitio
1244 3756 1380 3818 coitionis
1403 3778 1417 3819 e

137 3843 244 3931 cetera]
266 3847 442 3923 masculina,
462 3849 510 3910 lrie
527 3850 617 3929 Ligus
629 3851 760 3930 Liguris,
783 3853 831 3914 bic
849 3855 933 3935 lepus
952 3853 1076 3934 leporiS,
1099 3856 1147 3917 lric
1168 3876 1234 3919 mus
1256 3858 1365 3931 muris,
1382 3878 1416 3920 re

138 3958 185 4011 tus
213 3948 334 4024 reteris;
364 3951 433 4011 lacit
460 3952 587 4014 ethaeo
615 3960 643 4013 et
672 3954 728 4015 boc
750 3962 832 4015 vetus
851 3951 855 4037 Ι
875 3955 1019 4034 trigenes:
1049 3959 1204 4035 feminina,
1236 3960 1309 4021 baec
1332 3961 1415 4023 Venu

205 4143 222 4190 2
236 4135 389 4205 Vergilium]
402 4138 466 4188 Aen.
477 4139 497 4187 ll
508 4139 559 4189 270
570 4139 596 4186 iu
608 4142 704 4191 somnis
715 4157 773 4191 ecce
783 4151 840 4192 ante
849 4143 937 4196 oculos
947 4147 1133 4198 maestissimus
1143 4148 1234 4198 lleetor
1248 4150 1326 4200 Visus
1339 4153 1413 4202 adesa

138 4208 210 4269 mibi,
226 4208 269 4259 ubi
286 4224 304 4258 α
317 4210 485 4273 prarrnnatr'eis
501 4210 636 4272 quaesitum
653 4225 717 4274 esse,
732 4220 811 4262 utrum
827 4214 852 4261 in
869 4217 965 4265 somnis
975 4219 1103 4282 legendum
1114 4227 1180 4269 esset
1191 4237 1225 4268 ou
1244 4221 1370 4272 insomnis
1381 4239 1412 4286 pr

137 4279 270 4330 insomniis
282 4278 385 4343 dicimo,
404 4279 475 4328 docet
485 4277 568 4329 Seruii
579 4280 718 4330 ailnotatio.
735 4283 770 4346 cs.
780 4291 920 4346 praeterea
934 4284 1043 4340 Seruio
1056 4290 1134 4353 Verp.
1149 4288 1214 4339 Aea.
1233 4288 1244 4337 l
1261 4289 1312 4341 353
1329 4292 1362 4342 lll
1381 4293 1411 4343 15

136 4350 182 4400 1111
205 4349 266 4402 353.
289 4347 342 4400 436
428 4346 739 4400 abnue—ildeberti
764 4367 821 4402 exc.
843 4352 907 4407 Bob.
926 4369 954 4418 p.
972 4354 1004 4406 bl
1094 4357 1245 4421 iqrrnmN
1263 4363 1411 4422 quamuiso

869 4431 881 4459 θ

137 4483 290 4533 quamquam
308 4469 414 4520 coniecit
431 4468 616 4519 Lindemcnaus
703 4472 736 4522 10
757 4474 909 4537 adcrescunt
924 4474 952 4524 Ν
1034 4476 1066 4526 12
1087 4477 1172 4528 iossor
1190 4479 1284 4530 roseria
1302 4497 1324 4532 ω
1348 4484 1409 4535 lessi

136 4539 230 4590 leserix
247 4541 274 4589 N
352 4539 385 4590 15
404 4552 479 4601 quarn
496 4538 616 4588 masculis
634 4555 655 4588 ω
673 4549 723 4590 turn
742 4542 860 4593 masculis
878 4544 904 4592 N
980 4544 1011 4594 18
1028 4558 1132 4610 augeret
1146 4558 1171 4598 et
1189 4562 1321 4615 generaret
1339 4554 1409 4605 ruer

135 4612 197 4660 cirre.
222 4611 315 4661 codicia
328 4611 479 4671 mimorum
496 4607 607 4670 defendit
625 4611 824 4679 Lindemonmrs,
849 4620 876 4663 ut
892 4629 986 4680 augere
1000 4617 1132 4680 generavit
1150 4618 1241 4669 dicturo
1256 4622 1290 4672 sit
1301 4637 1352 4686 pro
1369 4631 1408 4676 ‘ar

134 4695 197 4744 gere
209 4679 281 4741 secit’
301 4687 345 4730 ortt
361 4680 409 4728 ‘ita
417 4681 547 4744 peneraoit
559 4686 586 4729 ut
599 4687 756 4745 augeretur'.
775 4684 808 4744 ef.
828 4682 902 4737 Seru.
919 4687 945 4735 in
964 4685 1043 4750 Verp.
1058 4688 1123 4736 Aen.
1143 4687 1191 4738 ΧΗ
1208 4689 1258 4740 lob
1327 4696 1360 4745 ‘21
1377 4710 1407 4746 on

137 4749 303 4812 nia—dm
322 4750 433 4801 nemoris
452 4747 550 4800 maur.
571 4765 598 4811 p.
615 4751 649 4801 56
660 4767 699 4815 eq.
768 4753 801 4804 23
827 4755 908 4804 omnis
929 4755 1067 4820 appellatio
1080 4784 1114 4794 -
1126 4757 1159 4809 32
1176 4771 1261 4810 cetera
1279 4777 1338 4816 exe.
1362 4766 1406 4817 Bo

135 4832 163 4880 p.
183 4817 217 4869 95
235 4834 274 4882 sq.
360 4819 393 4869 25
411 4818 453 4869 bio
472 4819 610 4870 descensus
627 4821 652 4871 B
675 4821 701 4870 bi
718 4819 855 4873 descensus
874 4823 899 4872 N
