3114 5356
619 250 700 311 ΛΒΤ.
725 249 865 311 Glldllld.
887 250 959 316 ΗΒ.
981 250 1008 311 11
1388 248 1449 310 423

1253 391 1260 404 .
1275 363 1320 408 ua.
1335 363 1360 405 n
1373 363 1397 406 r.

151 438 297 518 pytissare
326 445 357 497 et
387 435 542 497 tablissare
572 444 601 496 et
628 444 726 497 cetera
754 436 841 498 huius
868 436 947 498 modi
978 453 1063 498 usum
1095 442 1222 493 veterem
1236 375 1449 497 ¹’declarabant

151 538 281 618 liquidae
310 545 461 615 quattuor,
495 536 557 597 lm
580 557 600 598 n
619 558 649 614 r;
688 558 721 599 ex
746 537 854 615 quibus
874 537 885 597 l
909 547 938 598 et
965 535 1150 598 rsubiectae
1171 535 1259 596 mutis
1280 555 1452 599 communes

153 638 283 719 syllabas
305 639 425 699 iaciunt.
470 646 500 698 et
525 660 540 700 s
566 638 761 729 bttera.suae
785 638 937 699 cuiusdam
968 633 1123 716 potestatis
1150 643 1196 696 est
1224 635 1348 714 ideoque
1374 636 1451 717 apud

155 742 286 802 Graecos
305 734 469 816 μοναδικόν
489 740 667 819 appellatur,
706 758 781 817 quae
807 740 838 800 in
863 748 957 799 metro
978 737 1152 817 plemmque
1179 737 1236 801 vim
1264 741 1452 801 consonantis

120 843 270 905 samittit
314 841 384 901 item
402 860 436 901 ex
459 841 516 903 illis
538 841 661 927 llfflera
685 839 895 921 superponitur
916 838 1048 917 liquidis,
1068 858 1156 917 quem
1177 839 1351 900 admodum
1372 849 1452 902 muta

152 943 318 1023 quaelibet,
341 952 371 1002 et
389 961 574 1009 communem
594 943 733 1022 syllabam
755 942 832 1003 lacit
871 940 1060 1001 semivocales
1075 941 1185 1015 dictae,
1208 941 1287 1019 quod
1303 942 1452 1003 dimidium

153 1045 220 1106 eius
243 1043 396 1124 potestatis
419 1044 537 1105 habent
582 1045 690 1127 etenim
711 1064 765 1125 per
787 1063 820 1105 se
848 1041 1055 1117 enuntiantur,
1085 1042 1138 1104 sed
1161 1060 1214 1122 per
1236 1061 1346 1104 senec
1368 1044 1454 1122 sylla·

153 1144 224 1206 bam
246 1164 301 1205 nec
321 1145 440 1224 plenam
462 1165 563 1207 vocem
591 1148 711 1208 iaciunt.
755 1154 852 1208 mutae
882 1152 951 1205 sunt
975 1163 1051 1222 quac
1081 1143 1145 1205 sine
1173 1142 1279 1204 auxilio
1310 1143 1452 1204 vocalium

152 1266 217 1309 non
240 1254 366 1327 possunt
388 1247 542 1308 enuntiari.
585 1256 684 1309 mutae
706 1256 777 1309 sunt
796 1266 871 1325 quac
890 1266 945 1307 nec
967 1244 1091 1325 proferri
1120 1263 1173 1323 per
1198 1264 1230 1306 se
1250 1253 1377 1324 possunt
1398 1265 1479 1306 uec·

110 1367 140 1408 ro
154 1348 298 1428 syllabam
318 1348 423 1408 iacere.
468 1356 537 1409 sunt
559 1357 656 1410 autem
678 1365 801 1408 numero
824 1366 944 1420 novem,
967 1347 985 1406 b
1006 1365 1022 1406 c
1043 1347 1061 1406 d
1084 1365 1103 1424 g
1124 1346 1144 1406 h
1166 1346 1184 1406 1ι
1207 1356 1306 1427 pqt
1351 1367 1385 1409 ex
1406 1349 1454 1409 his

154 1448 332 1529 quibusdam
347 1460 545 1527 stpervacuae
560 1449 722 1510 videnturh
737 1456 767 1508 et
780 1466 815 1526 q,
828 1448 907 1525 quod
924 1435 1049 1507 chttera
1064 1448 1169 1508 harum
1184 1447 1282 1509 locum
1294 1450 1389 1528 possit
1401 1451 1456 1510 im·

149 1550 255 1633 plere;
274 1550 327 1610 sed
343 1549 506 1611 invenimus
524 1551 553 1610 in
570 1549 707 1612 Kalendis
726 1559 756 1611 et
773 1551 802 1610 in
818 1548 992 1627 quibusdam
1009 1548 1154 1610 similibus
1173 1548 1358 1622 nominibus,
1377 1552 1455 1629 quod

154 1652 174 1712 1ι
198 1650 365 1711 necessario
388 1651 526 1712 scribitur
547 1680 566 1716 a
591 1659 621 1712 et
640 1651 721 1729 quod
741 1670 761 1730 q
783 1650 944 1712 secundum
968 1651 1210 1712 consuetudinem
1227 1658 1289 1711 tum
1308 1653 1454 1728 scribitur,

154 1771 226 1815 cum
247 1753 278 1813 in
298 1771 355 1813 una
378 1754 539 1833 eademque
561 1752 670 1832 syllaba
692 1773 712 1814 u
738 1752 833 1813 littera
859 1751 1014 1813 antecedat
1035 1759 1065 1812 et
1089 1751 1195 1812 habeat
1216 1751 1270 1813 sibi
1289 1753 1455 1815 adiunctam

112 1870 141 1910 aa
154 1855 245 1916 aliam
267 1853 412 1928 vocalem,
444 1863 476 1915 ut
506 1854 654 1926 Quirinus.
700 1855 859 1933 hquoque
880 1852 1026 1914 interdum
1049 1870 1216 1913 consonans
1236 1854 1387 1937 interdum,
1404 1856 1456 1917 ad-

154 1954 327 2036 spirationis
349 1954 478 2016 creditor
498 1965 576 2017 nota.
621 1958 695 2017 haec
713 1957 737 2017 si
760 1976 776 2016 c
798 1963 897 2016 mrrme
916 1954 1072 2016 subiuncta
1092 1953 1193 2027 luerit,
1224 1976 1242 2032 χ
1263 1963 1345 2017 notat
1366 1958 1455 2018 Grae-

155 2077 239 2134 cam;
259 2058 284 2119 si
306 2057 512 2137 ppraeposita
534 2057 636 2131 luerit,
666 2056 862 2135 ‹psiguilicat
908 2056 978 2117 item
1001 2055 1025 2116 si
1048 2063 1059 2113 t
1081 2056 1249 2135 praeposita
1269 2057 1357 2118 luerit
1377 2059 1456 2138 aspi·

153 2159 280 2233 rationi,
309 2177 363 2238 pro
385 2161 410 2216 θ
430 2158 549 2237 ponitm·
568 2159 694 2234 Graeca;
727 2158 804 2219 sicut
824 2177 843 2237 p
867 2165 896 2218 et
918 2176 933 2217 s
952 2156 1038 2217 simui
1061 2157 1173 2235 positae
1193 2169 1221 2232 ψ
1242 2158 1383 2219 &accam
1404 2160 1456 2219 ad·

154 2267 261 2323 serunt
285 2258 419 2319 btteram.
465 2245 596 2321 ceterum
621 2260 642 2320 h
671 2258 819 2321 vocalibus
848 2275 1009 2337 numquam
1037 2258 1215 2338 subponitur
1235 2260 1293 2322 nisi
1314 2259 1344 2320 in
1366 2261 1456 2322 inter·

112 2361 284 2424 scientiane
305 2360 357 2434 ah,
392 2378 467 2437 quae
488 2361 672 2423 obturbantis
701 2360 745 2420 vel
771 2360 898 2422 dolentis
925 2359 1054 2420 ostendit
1082 2362 1228 2422 allectum.
1273 2380 1388 2440 gnava
1410 2371 1457 2424 est

156 2479 342 2534 consonans,
373 2461 405 2522 in
426 2462 510 2523 cuius
529 2462 627 2524 locum
649 2481 665 2522 c
684 2460 797 2523 solebat
812 2458 826 2545 ΙΙ
840 2462 964 2542 adponi,
992 2461 1070 2522 sicut
1097 2460 1243 2539 hodieque
1263 2482 1331 2524 cum
1352 2463 1455 2526 Gaium

155 2572 294 2626 nummus
316 2563 487 2637 Caesarem,
509 2562 666 2624 scribimus
688 2562 777 2636 C.C.;
808 2563 932 2641 ideoque
957 2563 1042 2624 etiam
1063 2562 1167 2641 postb
1188 2563 1332 2639 litteram,
1359 2566 1389 2626 id
1411 2575 1457 2627 est

156 2667 245 2728 tertio
272 2665 353 2738 loco,
386 2664 500 2743 digesta
527 2673 587 2738 est,
621 2672 653 2725 ut
675 2663 754 2743 apud
774 2664 903 2726 Graecos
930 2687 949 2744 γ
976 2664 1071 2744 posita
1100 2664 1244 2744 reperitur
1267 2665 1300 2727 iu
1321 2685 1356 2728 eo
1378 2667 1454 2728 loco.

155 2776 257 2829 mutae
279 2767 389 2839 dictae,
412 2766 491 2843 quod
513 2783 566 2847 per
587 2785 620 2827 se
641 2766 705 2827 siae
727 2765 903 2827 adminiculo
925 2766 1066 2828 vocalium
1083 2784 1142 2826 uon
1160 2774 1287 2845 possunt
1300 2767 1454 2829 enuntiari.

114 2887 142 2927 aa
156 2870 199 2931 ita
221 2870 296 2929 llunt
313 2884 417 2927 omnes
435 2865 590 2945 qualitates
610 2867 773 2928 litterarum
791 2885 914 2929 numero
936 2876 1065 2948 septem,
1085 2867 1164 2945 quod
1186 2876 1237 2928 aut
1252 2867 1373 2930 Latinae
1388 2878 1457 2931 sunt

156 2977 208 3032 aut
230 2969 358 3030 Graecae
380 2976 431 3030 aut
451 2967 566 3029 vocales
587 2976 637 3028 aut
658 2976 856 3030 consonantes
883 2977 932 3031 aut
961 2968 1152 3031 semivocales
1181 2977 1232 3030 aut
1253 2970 1386 3052 duplices
1408 2981 1458 3033 aut

155 3080 266 3134 mutae.

242 3205 281 3267 Et
302 3206 359 3266 hoc
380 3204 457 3265 scire
479 3205 620 3267 debemus
642 3205 722 3284 qood
743 3204 871 3265 ilittera
890 3211 953 3266 tum
975 3205 1129 3279 scribitur,
1155 3224 1223 3267 cum
1242 3206 1346 3268 Latina
1368 3207 1457 3269 dictio

156 3306 311 3381 scribitur,
331 3314 363 3368 ut
384 3306 460 3367 lelix.
506 3325 573 3367 nam
594 3307 619 3368 si
639 3307 793 3387 peregrina
815 3306 919 3381 luerit,
943 3325 962 3386 p
984 3307 1052 3367 etb
1074 3307 1246 3383 scribimus,
1268 3318 1300 3371 ut
1320 3308 1457 3371 Phoebus

116 3425 143 3465 so
156 3407 319 3469 Phaethon.

243 3544 368 3614 Quidam
389 3543 493 3603 Latino
513 3543 641 3627 sermoni
663 3543 799 3604 sufficere
821 3543 923 3605 decem
946 3554 975 3605 et
994 3552 1107 3625 septem
1128 3545 1239 3605 litteras
1258 3542 1453 3617 crediderunt,

155 3646 181 3708 si
200 3644 320 3724 quidem
341 3664 376 3704 ex
398 3643 497 3722 viginti
519 3651 548 3704 et
568 3642 663 3705 tribus
681 3663 737 3704 una
758 3644 965 3725 adspirationis
984 3653 1052 3706 nota
1068 3654 1129 3720 est,
1148 3646 1185 3719 h,
1207 3663 1265 3705 una
1281 3643 1402 3724 duplex,
1426 3664 1453 3719 ι,

154 3747 231 3807 duae
250 3764 465 3826 supervacuae,
486 3745 505 3805 lr
524 3754 553 3806 et
577 3763 609 3824 q,
632 3745 707 3806 duae
730 3745 873 3822 Graecae,
896 3767 913 3827 y
936 3756 965 3808 et
985 3767 1010 3808 a.

224 3968 407 4018 dmonadieon
427 3966 478 4016 AB
496 3966 614 4016 nrouedie
631 3968 665 4017 M
740 3968 891 4020 aammnvii
909 3969 943 4018 M
1019 3969 1145 4018 leteuim
1163 3969 1229 4018 inter
1247 3983 1275 4018 se
1293 3969 1392 4020 ABM:
1411 3984 1456 4035 per

154 4053 181 4087 se
209 4038 312 4101 quidem
336 4035 501 4103 proferuntur
526 4036 572 4086 sed
593 4052 639 4101 per
664 4053 692 4087 se
717 4038 841 4102 syllabam
859 4053 909 4089 nou
929 4038 1026 4089 iaciunt
1045 4040 1162 4090 Donatus
1179 4055 1206 4103 ρ.
1227 4037 1295 4089 1736
1311 4048 1336 4090 et
1353 4038 1456 4089 Mariua

157 4109 307 4158 Victorinus
322 4123 350 4171 p.
370 4105 447 4155 2452.
474 4105 509 4168 ef.
529 4105 609 4157 Proh.
622 4123 651 4171 p.
671 4105 722 4158 232
792 4121 839 4157 nec
858 4125 905 4161 om.
924 4106 1020 4169 ABM,
1038 4108 1098 4158 add.
1117 4106 1244 4159 nucum
1323 4108 1355 4159 ta
1371 4108 1456 4158 caten-

153 4177 194 4225 dis
217 4176 245 4225 B
330 4176 356 4223 in
375 4177 522 4239 posteriore
543 4176 600 4227 loco
623 4192 670 4228 om.
695 4175 721 4225 A
812 4175 844 4228 13
866 4182 958 4228 laeam
980 4193 1053 4242 quam
1074 4177 1185 4227 indicaui
1207 4178 1359 4228 exciderint
1379 4191 1457 4241 quae-

152 4244 313 4310 amquam
330 4244 348 4293 le
364 4245 472 4294 ἱιῖίενωη
489 4253 607 4308 sequente
624 4262 641 4294 a
657 4248 803 4298 necesaria
820 4248 901 4297 scribi
916 4249 1031 4298 monam
1044 4253 1116 4297 erat:
1134 4244 1170 4309 es.
1185 4248 1279 4297 Donat.
1289 4260 1319 4309 p.
1332 4242 1398 4295 1737

151 4315 182 4363 21
204 4326 351 4363 consonans
369 4327 402 4362 as
421 4313 448 4361 in
466 4312 491 4362 A
574 4313 682 4377 odisque
700 4313 724 4362 A
748 4314 821 4365 odire
840 4331 905 4379 quee
924 4314 956 4365 M
1036 4328 1093 4363 cum
1111 4330 1132 4381 g
1151 4322 1268 4364 notamus
1286 4312 1348 4363 AM
1368 4326 1457 4363 cume

152 4392 272 4432 notamus
289 4379 330 4431 B:
349 4395 407 4429 cnm
426 4379 516 4432 Gaium
535 4381 669 4434 Gaesarem
687 4391 806 4434 notemus
824 4383 959 4434 scribimus
975 4383 1002 4433 C.
1018 4382 1183 4440 &eurema-
1251 4382 1285 4432 22
1303 4396 1407 4431 caesare
1416 4378 1460 4445 ‚M

220 4449 360 4500 scribimus
381 4464 412 4500 ca
431 4451 540 4514 ideoque
558 4451 584 4500 A
607 4451 742 4502 scribimus
760 4452 869 4516 ideoque
889 4451 949 4502 BM
1034 4451 1069 4502 28
1092 4451 1169 4501 dictio
1188 4451 1312 4501 scribatur
1331 4449 1391 4499 BM

152 4519 189 4571 29
209 4535 270 4569 nem
286 4535 334 4570 orn.
355 4517 389 4567 M
456 4519 491 4570 30
508 4518 620 4586 phaeton
637 4519 664 4570 B
681 4520 793 4587 phaeton
811 4522 837 4571 A
855 4521 950 4588 phetou
966 4519 1000 4570 M
1066 4520 1099 4571 31
1119 4519 1201 4570 decim
1219 4520 1245 4569 A
1314 4518 1349 4570 33
1366 4536 1380 4568 z
1398 4530 1458 4570 tuac

148 4589 334 4654 perscribimus
351 4602 409 4636 cum
427 4587 521 4653 latinus
539 4597 578 4641 est
595 4603 680 4640 sermo
698 4604 757 4639 uam
775 4589 797 4640 sl
815 4591 975 4656 peregrinus.
995 4606 1021 4656 p.
1034 4586 1060 4640 h,
1073 4590 1206 4661 ponimus,
1214 4601 1247 4639 us
1258 4587 1284 4637 A
