3114 5356
541 333 674 396 lNSTlT.
700 336 810 400 uhtu.
835 338 907 402 niu.
930 342 957 405 11
1334 352 1397 418 213

154 455 178 497 ,ι
197 441 242 484 ιιι.
255 444 283 486 ιι
296 442 321 485 r.
1182 480 1204 520 p.
1220 467 1265 511 tau
1278 467 1304 509 ιι
1318 468 1343 512 ι.

175 532 182 545 ·
561 520 621 582 ubi
644 522 708 584 isti
734 524 804 585 duo
824 525 1094 598 adulescentes
1114 536 1268 616 babent,

267 619 327 697 qui
351 619 413 681 hic
435 631 523 682 ante
544 631 652 704 parta
673 626 797 705 patria
819 647 975 708 peregre
995 636 1245 722 prodiguntiss

188 720 278 782 Porro
304 721 341 781 bl.
371 721 442 783 Cato
474 722 586 786 diemm
621 726 763 789 dictamm
789 728 826 791 de
856 734 1011 798 consulatu
1042 758 1110 813 suo,
1146 741 1251 801 ‘inde
1281 763 1393 823 pergo

97 844 215 907 porro
237 825 291 886 ire
313 823 349 883 in
369 824 548 900 Turtam',
578 826 655 888 idem
674 848 763 910 supra
785 833 928 912 ‘itaque
949 856 1059 916 porro
1079 838 1114 899 in
1136 841 1287 905 Turtam
1308 864 1394 926 pro·

69 929 261 992 oliciscor
286 934 478 989 sertatum
499 926 621 1004 illos';
643 950 697 1011 pro
717 932 847 1012 longius:
869 938 1004 1001 Afranius
1026 941 1055 1001 in
1074 942 1198 1023 Vopisco
1248 1020 1249 1024 Ἰ

574 1032 706 1095 sinunt
727 1036 761 1096 di
785 1044 819 1097 et
839 1057 951 1117 porro
971 1061 1153 1121 passuros
1174 1047 1265 1108 scio.

185 1133 276 1194 Porro
298 1154 353 1215 pro
373 1154 403 1195 m
423 1135 553 1195 inttuum
574 1133 611 1194 11
636 1135 739 1197 Cato
731 1156 760 1198 m
784 1139 903 1215 eodem,
938 1146 1009 1203 ‘mc
1044 1144 1248 1210 sollicitum
1284 1155 1400 1246 atque·

97 1237 310 1299 exercitum
341 1234 506 1296 habitum
535 1254 620 1296 esse
651 1245 761 1315 atque
789 1260 900 1321 porro
928 1245 1024 1307 iore’
1026 1249 1241 1329 ,Ιιῐιιιιίιιι
1233 1250 1390 1313 rnEmao·

97 1338 197 1419 cipato

56 1459 83 1500 ro
761 1454 847 1524 post
865 1465 1081 1510 narravero:

263 1559 360 1603 nunc
382 1546 440 1601 est
462 1539 652 1603 distentus
675 1543 819 1607 animus
840 1556 878 1609 ut
898 1548 1082 1627 negotiis,

262 1662 375 1724 porro
397 1649 519 1702 autem
542 1662 716 1724 propero.

183 1745 371 1807 Pudenter
399 1745 517 1817 Cicero,
543 1752 574 1806 ut
602 1746 688 1808 ctiam
714 1747 855 1811 Maximus
882 1759 981 1827 notat,
1007 1764 1036 1816 et
1063 1757 1198 1820 diranius
1226 1758 1255 1820 in
1282 1760 1390 1824 Eman-

96 1847 195 1927 ripato

55 1978 81 2018 η
263 1947 356 2009 malo
378 1949 562 2029 pudenter
585 1951 812 2015 metientem.

183 2050 298 2112 Perdite
318 2070 373 2130 pro
395 2051 486 2126 valde,

221 2203 226 2212 .
678 2175 753 2218 eam
777 2176 898 2219 aurare
920 2161 1047 2241 coepit
1068 2164 1227 2242 perdite.

94 2274 164 2316 nam
196 2255 234 2317 ita
263 2255 417 2316 Arruntius
455 2256 557 2318 Celsus
587 2265 615 2317 et
648 2257 728 2318 addit
761 2259 890 2338 ‘antiqui
923 2261 1000 2323 onim
1033 2264 1168 2327 dicebant
1201 2268 1302 2330 ardere
1335 2290 1387 2351 pro

94 2359 222 2419 amare’.

50 2490 79 2530 ω
180 2460 308 2540 Propere
332 2460 453 2540 produci
478 2460 580 2537 debet,
603 2472 634 2523 ut
655 2462 770 2523 abunde
794 2463 926 2525 honesto.
971 2467 1049 2544 qttod
1071 2487 1108 2529 an
1135 2471 1229 2551 possit
1252 2493 1318 2536 esse
1340 2496 1387 2538 ra·

92 2562 182 2625 tionis
207 2562 252 2623 rix
277 2570 395 2643 specto,
429 2562 565 2640 quoniam
591 2583 646 2624 uec
665 2564 797 2639 abunde,
832 2574 863 2626 ut
891 2586 945 2627 nec
973 2588 1111 2650 propere,
1142 2581 1246 2652 putant
1268 2576 1385 2655 quidam

91 2664 151 2726 dici
172 2663 296 2739 debere;
313 2662 442 2742 quamvis
457 2663 537 2725 blaro
554 2667 587 2728 Vl
607 2685 765 2747 propere
786 2666 891 2728 dixerit
908 2688 962 2748 pro
980 2681 1171 2751 properanter
1190 2682 1219 2735 et
1240 2677 1385 2742 abunde

90 2787 147 2849 pro
168 2766 359 2828 abundanter.
404 2766 555 2828 abundans
582 2768 659 2829 enim
683 2767 865 2830 abundanter
886 2771 969 2847 lacit,
993 2781 1024 2833 ut
1045 2793 1207 2855 properans
1225 2798 1386 2860 properan-

90 2877 153 2944 ter,
184 2869 302 2947 elegans
330 2868 491 2947 elegantcr,
523 2869 652 2948 prudeus
678 2866 853 2948 prudentem
886 2873 1027 2936 honestus
1055 2884 1152 2939 autem
1180 2879 1319 2957 honeste,
1354 2892 1386 2947 ut

46 2993 76 3036 aa
89 2973 199 3034 doctus
217 2971 317 3045 docte,
334 2972 401 3052 pius
419 2973 482 3052 pie,
509 2979 607 3032 castus
630 2979 717 3032 caste.

180 3072 342 3153 Perplexim
366 3073 485 3135 Plautus
503 3075 533 3135 in
553 3072 663 3145 Sticho,

256 3183 376 3237 utrum
399 3195 464 3255 ego
485 3173 695 3262 perplexim
716 3174 900 3236 lacessam
920 3179 1142 3260 orationem,

88 3280 169 3343 idem
192 3279 222 3339 in
245 3278 347 3339 eadem
371 3304 390 3339 s

88 3484 144 3536 26·
162 3482 188 3530 N
204 3488 233 3531 111
251 3487 272 3539 l,
291 3488 301 3529 l
336 3480 483 3548 Perplexim

159 3663 229 3712 dire
247 3663 273 3710 in
288 3668 380 3710 turtum
396 3660 422 3709 N
437 3662 474 3709 ire
492 3660 595 3710 Turtam
612 3679 633 3710 ω
715 3661 819 3709 Turtam
835 3674 856 3708 ω
875 3667 967 3709 turtum
985 3661 1011 3710 N
1086 3664 1103 3713 5
1124 3663 1231 3727 Ascanii
1244 3684 1341 3718 unsina
1357 3671 1383 3719 ιίι

82 3737 160 3797 fincta
174 3732 300 3796 sequentia
313 3732 379 3780 tituli
391 3731 601 3793 munaponendum
616 3739 641 3780 ct
654 3747 718 3795 quae
731 3730 767 3779 ibi
778 3746 813 3779 esc
825 3729 991 3793 Emancipato
1009 3735 1087 3782 citata
1105 3742 1164 3784 stant
1176 3733 1224 3784 huo
1241 3740 1383 3790 reuocanda

86 3799 364 3855 coniecitNealcis-cdius
374 3800 406 3849 de
416 3800 471 3863 snb.
486 3808 536 3864 top.
550 3801 620 3851 Nom.
630 3817 658 3863 p.
668 3799 716 3851 lua
785 3800 802 3849 u
814 3800 899 3850 sinaut
910 3801 936 3849 di
948 3811 972 3850 et
983 3817 1028 3854 om.
1043 3817 1064 3850 ω
1084 3803 1145 3851 lium
1159 3804 1196 3853 dii
1215 3814 1239 3855 et
1250 3807 1382 3858 I’ntselu'ua

157 3872 331 3924 Sexercitum
344 3885 365 3921 ta
382 3871 490 3920 excitum
503 3872 530 3920 N
617 3872 646 3921 ll
666 3872 766 3920 suimus
785 3885 857 3919 meus
876 3872 985 3936 negotiis
999 3875 1102 3922 coniecit
1119 3873 1277 3927 llmnoom
1294 3893 1379 3940 opusc.

86 3943 111 3991 V
129 3958 160 4008 ρ.
180 3942 233 3993 280
250 3942 351 3991 animus
369 3941 395 3988 vi
415 3942 510 4005 negotii
534 3941 673 3990 Vulcanius
690 3941 761 4005 apud
775 3940 928 3991 Bondamum
946 3958 1003 3994 aar.
1023 3945 1081 3994 leet.
1100 3958 1127 4005 p.
1146 3943 1196 3995 tau
1286 3946 1318 3997 13
1336 3962 1380 3997 no.

88 4010 177 4078 tutet]
199 4018 310 4061 notatum
330 4009 357 4058 N
372 4018 440 4061 notnt
458 4020 510 4060 tum
529 4025 565 4059 at:
585 4011 696 4061 blaximo
715 4018 827 4061 notatum
848 4011 1031 4061 Lindernannus
1107 4014 1139 4063 15
1154 4015 1313 4066 mentientem
1330 4017 1381 4067 Fa·

87 4084 185 4134 bricius
274 4080 304 4130 17
320 4078 393 4145 eam]
417 4080 476 4130 Ter.
497 4080 597 4130 Pharna.
614 4082 672 4139 12,
692 4079 725 4131 32
812 4083 847 4132 22
871 4079 995 4146 propere]
1019 4083 1099 4147 Verp.
1118 4083 1184 4133 Aen.
1211 4085 1244 4133 Vl
1266 4086 1317 4138 236
1339 4085 1380 4136 his

87 4154 153 4203 actis
172 4165 282 4218 propere
300 4152 448 4213 exsequitur
464 4159 601 4232 praecepta
618 4151 732 4215 Sibyllne
805 4148 914 4217 abunde]
940 4152 1019 4217 Vsrp.
1038 4152 1104 4205 Aen.
1123 4152 1168 4202 Vll
1188 4155 1239 4205 552
1258 4165 1379 4205 terrarum

87 4233 114 4273 et
131 4222 230 4273 fraudis
247 4220 347 4270 abunde
417 4219 475 4269 26
469 4235 495 4269 m
514 4219 612 4286 Sticho]
633 4224 687 4283 12,
710 4220 803 4281 mtto
821 4219 858 4284 it)
933 4222 966 4272 27
983 4222 1121 4272 orationem
1136 4217 1141 4286 Ι
1157 4222 1295 4275 Publicitus
1312 4225 1379 4273 idem

87 4295 116 4344 in
134 4291 224 4343 melem
241 4305 324 4340 noune
339 4288 388 4338 boc
405 4290 543 4372 publicitus
569 4292 611 4340 ubi
637 4291 720 4341 celsus
744 4299 768 4340 et
791 4289 896 4341 claritas
915 4291 996 4355 lnquit
1014 4291 1101 4339 dicunt
1116 4305 1163 4342 uos
1181 4292 1282 4373 publice
1300 4294 1379 4343 clare·

85 4378 137 4427 qne
161 4363 270 4413 dicimus
290 4359 387 4410 titinius
410 4361 437 4408 in
459 4363 540 4410 setina
564 4361 641 4411 statui
664 4370 773 4411 statuant
797 4361 935 4443 publicitus
954 4362 1073 4410 terentius
1091 4376 1190 4424 quoque
1209 4362 1234 4410 iu
1256 4364 1379 4413 lormione

86 4433 177 4484 sedet
194 4431 341 4498 plautusm
360 4427 618 4482 baccltNorstione.
637 4431 782 4481 l‘ublioitas.
802 4431 947 4482 Plautus'm
966 4430 1053 4480 eadem
1071 4444 1126 4494 sqq
1146 4430 1286 4482 Fabricats.
1312 4423 1379 4481 idet'n

85 4508 114 4555 in
125 4503 214 4553 cadem
225 4508 284 4566 post
293 4498 480 4562 Arrtpbt'truonis
496 4515 592 4550 versum
601 4501 662 4561 211,
676 4501 881 4552 iconlocnndutn
897 4501 1000 4551 coniecit
1009 4499 1158 4550 Nitscbelius
1171 4514 1277 4567 parera-
1292 4502 1378 4551 Plani.

87 4575 143 4637 lp.
161 4571 228 4632 370,
253 4578 281 4620 ut
300 4569 437 4621 excidisset
452 4570 524 4619 uliud
538 4570 652 4620 adverbii
668 4571 830 4633 ‘ptdlt'citus’
848 4573 992 4634 sumptum,
1011 4570 1096 4619 Plani.
1114 4568 1238 4651 Amphitr.
1258 4572 1346 4632 11112,
1363 4570 1379 4619 7

87 4658 120 4692 an
136 4642 199 4693 roris
217 4638 340 4690 censebas
359 4641 431 4690 nobis
450 4639 587 4706 publicitus
607 4642 759 4705 praehet-ier.
796 4656 874 4707 epoq
875 4643 925 4691 uod
939 4640 985 4690 buc
1003 4640 1160 4703 transposui,
1186 4643 1296 4706 huettepa'
1315 4640 1382 4690 solui

87 4714 122 4763 de
138 4710 219 4761 Stichi
234 4724 310 4760 nasu
329 4710 338 4757 1
358 4707 574 4773 ’2.2818511)
600 4709 810 4776 perplexabiliter
829 4727 916 4761 eornm
938 4710 1015 4761 hodie
1036 4706 1241 4774 perpavelseittm
1265 4719 1377 4776 pectora

87 4781 188 4833 videtur
201 4781 264 4829 enim
274 4777 397 4829 Rmnanus
414 4788 441 4829 ιιι
460 4794 566 4845 propere
582 4788 607 4831 ei
625 4789 790 4847 properanter
807 4783 843 4831 ita
863 4779 1005 4848 perplexim
1023 4787 1049 4829 et
1066 4778 1273 4844 perplexabiliter
1289 4779 1380 4832 adven

86 4851 131 4902 bia
148 4850 308 4914 conposuisse
