<?xml version="1.0" encoding="UTF-8"?>
<!DOCTYPE html PUBLIC "-//W3C//DTD XHTML 1.0 Transitional//EN"
    "http://www.w3.org/TR/xhtml1/DTD/xhtml1-transitional.dtd">
<html xmlns="http://www.w3.org/1999/xhtml" xml:lang="en" lang="en">
 <head>
  <title>
</title>
<meta http-equiv="Content-Type" content="text/html;charset=utf-8" />
  <meta name='ocr-system' content='tesseract 3.04.00' />
  <meta name='ocr-capabilities' content='ocr_page ocr_carea ocr_par ocr_line ocrx_word'/>
</head>
<body>
  <div class='ocr_page' id='page_1' title='image "./grammaticilatin02keilgoog_0383.png"; bbox 0 0 3114 5356; ppageno 0'>
   <div class='ocr_carea' id='block_1_1' title="bbox 45 266 874 336">
    <p class='ocr_par' dir='ltr' id='par_1_1' title="bbox 45 266 874 336">
     <span class='ocr_line' id='line_1_1' title="bbox 45 266 874 336; baseline -0.007 1"><span class='ocrx_word' id='word_1_1' title='bbox 45 320 48 325; x_wconf 65' lang='grc'><strong><em>»</em></strong></span> <span class='ocrx_word' id='word_1_2' title='bbox 104 270 107 276; x_wconf 75' lang='grc'><strong>’</strong></span> <span class='ocrx_word' id='word_1_3' title='bbox 133 272 199 336; x_wconf 83' lang='grc'><strong>316</strong></span> <span class='ocrx_word' id='word_1_4' title='bbox 690 266 874 331; x_wconf 75' lang='lat' dir='ltr'><strong>blunbbts</strong></span> 
     </span>
    </p>
   </div>
   <div class='ocr_carea' id='block_1_2' title="bbox 135 384 1430 537">
    <p class='ocr_par' dir='ltr' id='par_1_2' title="bbox 135 384 1430 537">
     <span class='ocr_line' id='line_1_2' title="bbox 135 384 1430 537; baseline -0.002 -15"><span class='ocrx_word' id='word_1_5' title='bbox 135 388 282 531; x_wconf 49' lang='lat' dir='ltr'><strong>acelan,</strong></span> <span class='ocrx_word' id='word_1_6' title='bbox 297 384 449 517; x_wconf 56' lang='lat' dir='ltr'><strong>³diuidendo</strong></span> <span class='ocrx_word' id='word_1_7' title='bbox 470 473 537 515; x_wconf 92' lang='lat' dir='ltr'><strong>cum</strong></span> <span class='ocrx_word' id='word_1_8' title='bbox 557 454 700 534; x_wconf 87' lang='lat' dir='ltr'><strong>inprobo;</strong></span> <span class='ocrx_word' id='word_1_9' title='bbox 726 463 774 517; x_wconf 90' lang='lat' dir='ltr'><strong>est</strong></span> <span class='ocrx_word' id='word_1_10' title='bbox 794 464 825 516; x_wconf 88' lang='lat' dir='ltr'><strong>et</strong></span> <span class='ocrx_word' id='word_1_11' title='bbox 844 455 991 517; x_wconf 89' lang='lat' dir='ltr'><strong>contendo</strong></span> <span class='ocrx_word' id='word_1_12' title='bbox 1011 473 1156 536; x_wconf 83' lang='lat' dir='ltr'><strong>eonparo:</strong></span> <span class='ocrx_word' id='word_1_13' title='bbox 1178 455 1309 537; x_wconf 78' lang='lat' dir='ltr'><strong>confligo</strong></span> <span class='ocrx_word' id='word_1_14' title='bbox 1330 464 1430 530; x_wconf 76' lang='lat' dir='ltr'><strong>tecum</strong></span> 
     </span>
    </p>
   </div>
   <div class='ocr_carea' id='block_1_3' title="bbox 134 555 1463 1737">
    <p class='ocr_par' dir='ltr' id='par_1_3' title="bbox 134 555 1463 1737">
     <span class='ocr_line' id='line_1_3' title="bbox 135 555 1431 639; baseline -0.002 -16"><span class='ocrx_word' id='word_1_15' title='bbox 135 562 225 639; x_wconf 85' lang='lat' dir='ltr'><strong>lungo</strong></span> <span class='ocrx_word' id='word_1_16' title='bbox 251 567 279 619; x_wconf 90' lang='lat' dir='ltr'><strong>to</strong></span> <span class='ocrx_word' id='word_1_17' title='bbox 300 575 368 618; x_wconf 90' lang='lat' dir='ltr'><strong>curn</strong></span> <span class='ocrx_word' id='word_1_18' title='bbox 391 556 521 630; x_wconf 92' lang='lat' dir='ltr'><strong>minore,</strong></span> <span class='ocrx_word' id='word_1_19' title='bbox 551 555 716 617; x_wconf 88' lang='lat' dir='ltr'><strong>concumbe</strong></span> <span class='ocrx_word' id='word_1_20' title='bbox 738 573 806 617; x_wconf 87' lang='lat' dir='ltr'><strong>cum</strong></span> <span class='ocrx_word' id='word_1_21' title='bbox 827 574 932 630; x_wconf 87' lang='lat' dir='ltr'><strong>uxore,</strong></span> <span class='ocrx_word' id='word_1_22' title='bbox 960 575 1033 618; x_wconf 90' lang='lat' dir='ltr'><strong>coeo</strong></span> <span class='ocrx_word' id='word_1_23' title='bbox 1055 575 1123 618; x_wconf 89' lang='lat' dir='ltr'><strong>cnm</strong></span> <span class='ocrx_word' id='word_1_24' title='bbox 1147 556 1289 631; x_wconf 85' lang='lat' dir='ltr'><strong>muliere,</strong></span> <span class='ocrx_word' id='word_1_25' title='bbox 1317 560 1431 621; x_wconf 72' lang='lat' dir='ltr'><strong>mulne</strong></span> 
     </span>
     <span class='ocr_line' id='line_1_4' title="bbox 136 653 1431 738; baseline -0.003 -14"><span class='ocrx_word' id='word_1_26' title='bbox 136 671 167 724; x_wconf 90' lang='lat' dir='ltr'><strong>te</strong></span> <span class='ocrx_word' id='word_1_27' title='bbox 185 679 253 722; x_wconf 89' lang='lat' dir='ltr'><strong>cum</strong></span> <span class='ocrx_word' id='word_1_28' title='bbox 276 657 458 738; x_wconf 87' lang='lat' dir='ltr'><strong>potentiore,</strong></span> <span class='ocrx_word' id='word_1_29' title='bbox 487 654 561 716; x_wconf 89' lang='lat' dir='ltr'><strong>cedo</strong></span> <span class='ocrx_word' id='word_1_30' title='bbox 587 656 793 736; x_wconf 80' lang='lat' dir='ltr'><strong>possessione,</strong></span> <span class='ocrx_word' id='word_1_31' title='bbox 818 653 962 718; x_wconf 72' lang='lat' dir='ltr'>interdico</span> <span class='ocrx_word' id='word_1_32' title='bbox 980 655 1022 718; x_wconf 91' lang='lat' dir='ltr'><strong>illi</strong></span> <span class='ocrx_word' id='word_1_33' title='bbox 1043 656 1168 718; x_wconf 76' lang='lat' dir='ltr'><strong>amcitia</strong></span> <span class='ocrx_word' id='word_1_34' title='bbox 1189 675 1273 734; x_wconf 88' lang='lat' dir='ltr'><strong>mea,</strong></span> <span class='ocrx_word' id='word_1_35' title='bbox 1300 659 1431 723; x_wconf 81' lang='lat' dir='ltr'><strong>avelloo</strong></span> 
     </span>
     <span class='ocr_line' id='line_1_5' title="bbox 136 757 1432 837; baseline 0 -14"><span class='ocrx_word' id='word_1_36' title='bbox 136 772 167 824; x_wconf 87' lang='lat' dir='ltr'><strong>to</strong></span> <span class='ocrx_word' id='word_1_37' title='bbox 187 769 314 834; x_wconf 89' lang='lat' dir='ltr'><strong>vestem,</strong></span> <span class='ocrx_word' id='word_1_38' title='bbox 334 759 424 819; x_wconf 91' lang='lat' dir='ltr'><strong>induo</strong></span> <span class='ocrx_word' id='word_1_39' title='bbox 445 765 475 817; x_wconf 87' lang='lat' dir='ltr'><strong>te</strong></span> <span class='ocrx_word' id='word_1_40' title='bbox 494 757 599 831; x_wconf 87' lang='lat' dir='ltr'><strong>armis,</strong></span> <span class='ocrx_word' id='word_1_41' title='bbox 622 757 747 836; x_wconf 89' lang='lat' dir='ltr'><strong>inpertio</strong></span> <span class='ocrx_word' id='word_1_42' title='bbox 769 765 799 818; x_wconf 85' lang='lat' dir='ltr'><strong>te</strong></span> <span class='ocrx_word' id='word_1_43' title='bbox 820 775 925 836; x_wconf 88' lang='lat' dir='ltr'><strong>opera,</strong></span> <span class='ocrx_word' id='word_1_44' title='bbox 945 759 1086 837; x_wconf 78' lang='lat' dir='ltr'><strong>convenio</strong></span> <span class='ocrx_word' id='word_1_45' title='bbox 1107 768 1222 833; x_wconf 90' lang='lat' dir='ltr'><strong>tecum,</strong></span> <span class='ocrx_word' id='word_1_46' title='bbox 1243 758 1359 822; x_wconf 88' lang='lat' dir='ltr'><strong>liberor</strong></span> <span class='ocrx_word' id='word_1_47' title='bbox 1375 778 1432 823; x_wconf 79' lang='lat' dir='ltr'><strong>mo</strong></span> 
     </span>
     <span class='ocr_line' id='line_1_6' title="bbox 136 853 1453 946; baseline -0.004 -22"><span class='ocrx_word' id='word_1_48' title='bbox 136 863 236 936; x_wconf 90' lang='lat' dir='ltr'><strong>lestia,</strong></span> <span class='ocrx_word' id='word_1_49' title='bbox 265 861 360 922; x_wconf 89' lang='lat' dir='ltr'><strong>donor</strong></span> <span class='ocrx_word' id='word_1_50' title='bbox 379 859 520 937; x_wconf 78' lang='lat' dir='ltr'><strong>imagine,</strong></span> <span class='ocrx_word' id='word_1_51' title='bbox 545 878 653 919; x_wconf 88' lang='lat' dir='ltr'><strong>oneror</strong></span> <span class='ocrx_word' id='word_1_52' title='bbox 673 859 755 931; x_wconf 85' lang='lat' dir='ltr'><strong>rino,</strong></span> <span class='ocrx_word' id='word_1_53' title='bbox 783 858 873 918; x_wconf 89' lang='lat' dir='ltr'><strong>satior</strong></span> <span class='ocrx_word' id='word_1_54' title='bbox 894 856 976 932; x_wconf 90' lang='lat' dir='ltr'><strong>cibo,</strong></span> <span class='ocrx_word' id='word_1_55' title='bbox 990 853 1005 940; x_wconf 87' lang='grc' dir='ltr'><strong>ΙΙ</strong></span> <span class='ocrx_word' id='word_1_56' title='bbox 1020 866 1137 919; x_wconf 87' lang='lat' dir='ltr'><strong>saturor</strong></span> <span class='ocrx_word' id='word_1_57' title='bbox 1155 858 1339 946; x_wconf 79' lang='lat' dir='ltr'><strong>pulmento,</strong></span> <span class='ocrx_word' id='word_1_58' title='bbox 1356 861 1453 922; x_wconf 76' lang='lat' dir='ltr'><strong>abdi-s</strong></span> 
     </span>
     <span class='ocr_line' id='line_1_7' title="bbox 136 958 1433 1049; baseline 0 -25"><span class='ocrx_word' id='word_1_59' title='bbox 136 982 188 1024; x_wconf 90' lang='lat' dir='ltr'><strong>cor</strong></span> <span class='ocrx_word' id='word_1_60' title='bbox 213 970 365 1042; x_wconf 83' lang='lat' dir='ltr'><strong>pmetura,</strong></span> <span class='ocrx_word' id='word_1_61' title='bbox 396 967 547 1021; x_wconf 89' lang='lat' dir='ltr'><strong>sustentor</strong></span> <span class='ocrx_word' id='word_1_62' title='bbox 566 968 645 1034; x_wconf 91' lang='lat' dir='ltr'><strong>arte,</strong></span> <span class='ocrx_word' id='word_1_63' title='bbox 676 958 796 1020; x_wconf 75' lang='lat' dir='ltr'><strong>fraudor</strong></span> <span class='ocrx_word' id='word_1_64' title='bbox 823 958 973 1037; x_wconf 90' lang='lat' dir='ltr'><strong>deposito,</strong></span> <span class='ocrx_word' id='word_1_65' title='bbox 1002 959 1101 1038; x_wconf 89' lang='lat' dir='ltr'><strong>privor</strong></span> <span class='ocrx_word' id='word_1_66' title='bbox 1127 958 1285 1049; x_wconf 77' lang='lat' dir='ltr'><strong>dignitate,</strong></span> <span class='ocrx_word' id='word_1_67' title='bbox 1317 961 1433 1024; x_wconf 76' lang='lat' dir='ltr'><strong>adllcim</strong></span> 
     </span>
     <span class='ocr_line' id='line_1_8' title="bbox 134 1058 1433 1141; baseline -0.001 -16"><span class='ocrx_word' id='word_1_68' title='bbox 134 1063 259 1136; x_wconf 86' lang='lat' dir='ltr'><strong>laetitia,</strong></span> <span class='ocrx_word' id='word_1_69' title='bbox 288 1061 395 1123; x_wconf 84' lang='lat' dir='ltr'><strong>inbum</strong></span> <span class='ocrx_word' id='word_1_70' title='bbox 415 1063 573 1141; x_wconf 90' lang='lat' dir='ltr'><strong>sanguine,</strong></span> <span class='ocrx_word' id='word_1_71' title='bbox 603 1060 746 1122; x_wconf 90' lang='lat' dir='ltr'><strong>incendor</strong></span> <span class='ocrx_word' id='word_1_72' title='bbox 767 1058 932 1133; x_wconf 90' lang='lat' dir='ltr'><strong>iracundia,</strong></span> <span class='ocrx_word' id='word_1_73' title='bbox 954 1058 1048 1120; x_wconf 89' lang='lat' dir='ltr'><strong>laetor</strong></span> <span class='ocrx_word' id='word_1_74' title='bbox 1074 1059 1191 1135; x_wconf 88' lang='lat' dir='ltr'><strong>labore,</strong></span> <span class='ocrx_word' id='word_1_75' title='bbox 1213 1059 1328 1138; x_wconf 82' lang='lat' dir='ltr'><strong>glorior</strong></span> <span class='ocrx_word' id='word_1_76' title='bbox 1347 1062 1433 1124; x_wconf 84' lang='lat' dir='ltr'><strong>victo·</strong></span> 
     </span>
     <span class='ocr_line' id='line_1_9' title="bbox 136 1159 1431 1238; baseline -0.001 -13"><span class='ocrx_word' id='word_1_77' title='bbox 136 1164 195 1238; x_wconf 91' lang='lat' dir='ltr'><strong>ria,</strong></span> <span class='ocrx_word' id='word_1_78' title='bbox 218 1162 353 1225; x_wconf 90' lang='lat' dir='ltr'><strong>dominor</strong></span> <span class='ocrx_word' id='word_1_79' title='bbox 367 1163 487 1223; x_wconf 84' lang='lat' dir='ltr'><strong>Gmecis</strong></span> <span class='ocrx_word' id='word_1_80' title='bbox 503 1162 670 1224; x_wconf 74' lang='lat' dir='ltr'><strong>dominatus</strong></span> <span class='ocrx_word' id='word_1_81' title='bbox 686 1180 769 1236; x_wconf 90' lang='lat' dir='ltr'><strong>sum,</strong></span> <span class='ocrx_word' id='word_1_82' title='bbox 792 1160 897 1238; x_wconf 92' lang='lat' dir='ltr'><strong>dignor</strong></span> <span class='ocrx_word' id='word_1_83' title='bbox 910 1166 940 1219; x_wconf 92' lang='lat' dir='ltr'><strong>te</strong></span> <span class='ocrx_word' id='word_1_84' title='bbox 957 1159 1146 1235; x_wconf 89' lang='lat' dir='ltr'><strong>salutatione,</strong></span> <span class='ocrx_word' id='word_1_85' title='bbox 1168 1162 1296 1223; x_wconf 86' lang='lat' dir='ltr'><strong>comitor</strong></span> <span class='ocrx_word' id='word_1_86' title='bbox 1308 1163 1431 1238; x_wconf 78' lang='lat' dir='ltr'><strong>mastico3</strong></span> 
     </span>
     <span class='ocr_line' id='line_1_10' title="bbox 136 1259 1433 1340; baseline 0 -14"><span class='ocrx_word' id='word_1_87' title='bbox 136 1264 292 1326; x_wconf 90' lang='lat' dir='ltr'><strong>comitatur</strong></span> <span class='ocrx_word' id='word_1_88' title='bbox 321 1270 419 1323; x_wconf 92' lang='lat' dir='ltr'><strong>autem</strong></span> <span class='ocrx_word' id='word_1_89' title='bbox 446 1262 528 1323; x_wconf 91' lang='lat' dir='ltr'><strong>illurn</strong></span> <span class='ocrx_word' id='word_1_90' title='bbox 556 1262 649 1323; x_wconf 89' lang='lat' dir='ltr'><strong>activa</strong></span> <span class='ocrx_word' id='word_1_91' title='bbox 678 1259 890 1340; x_wconf 85' lang='lat' dir='ltr'><strong>significatione</strong></span> <span class='ocrx_word' id='word_1_92' title='bbox 918 1276 972 1338; x_wconf 87' lang='lat' dir='ltr'><strong>per</strong></span> <span class='ocrx_word' id='word_1_93' title='bbox 1001 1259 1216 1322; x_wconf 86' lang='lat' dir='ltr'><strong>accusativum:</strong></span> <span class='ocrx_word' id='word_1_94' title='bbox 1254 1265 1433 1326; x_wconf 85' lang='lat' dir='ltr'><strong>sermocinor</strong></span> 
     </span>
     <span class='ocr_line' id='line_1_11' title="bbox 136 1356 1463 1444; baseline -0.003 -19"><span class='ocrx_word' id='word_1_95' title='bbox 136 1356 252 1438; x_wconf 86' lang='lat' dir='ltr'><strong>tecum,</strong></span> <span class='ocrx_word' id='word_1_96' title='bbox 283 1363 380 1424; x_wconf 90' lang='lat' dir='ltr'><strong>luctor</strong></span> <span class='ocrx_word' id='word_1_97' title='bbox 399 1381 467 1423; x_wconf 89' lang='lat' dir='ltr'><strong>cum</strong></span> <span class='ocrx_word' id='word_1_98' title='bbox 487 1363 613 1437; x_wconf 88' lang='lat' dir='ltr'><strong>athleta,</strong></span> <span class='ocrx_word' id='word_1_99' title='bbox 644 1361 830 1442; x_wconf 87' lang='lat' dir='ltr'><strong>inpersonale</strong></span> <span class='ocrx_word' id='word_1_100' title='bbox 858 1360 993 1421; x_wconf 86' lang='lat' dir='ltr'><strong>convenit</strong></span> <span class='ocrx_word' id='word_1_101' title='bbox 1021 1360 1092 1422; x_wconf 93' lang='lat' dir='ltr'><strong>mibi</strong></span> <span class='ocrx_word' id='word_1_102' title='bbox 1113 1371 1226 1436; x_wconf 70' lang='lat' dir='ltr'><strong>tecuam</strong></span> <span class='ocrx_word' id='word_1_103' title='bbox 1259 1363 1291 1424; x_wconf 92' lang='lat' dir='ltr'><strong>in</strong></span> <span class='ocrx_word' id='word_1_104' title='bbox 1313 1365 1463 1444; x_wconf 54' lang='lat' dir='ltr'><strong>gatiani·</strong></span> 
     </span>
     <span class='ocr_line' id='line_1_12' title="bbox 137 1462 1433 1541; baseline 0 -15"><span class='ocrx_word' id='word_1_105' title='bbox 137 1475 234 1526; x_wconf 90' lang='lat' dir='ltr'><strong>tecum</strong></span> <span class='ocrx_word' id='word_1_106' title='bbox 256 1464 363 1535; x_wconf 92' lang='lat' dir='ltr'><strong>redeo,</strong></span> <span class='ocrx_word' id='word_1_107' title='bbox 392 1462 506 1540; x_wconf 83' lang='lat' dir='ltr'><strong>gaudeo</strong></span> <span class='ocrx_word' id='word_1_108' title='bbox 525 1463 589 1541; x_wconf 90' lang='lat' dir='ltr'><strong>agri</strong></span> <span class='ocrx_word' id='word_1_109' title='bbox 611 1462 740 1538; x_wconf 83' lang='lat' dir='ltr'><strong>culuua,</strong></span> <span class='ocrx_word' id='word_1_110' title='bbox 771 1462 848 1524; x_wconf 90' lang='lat' dir='ltr'><strong>bene</strong></span> <span class='ocrx_word' id='word_1_111' title='bbox 874 1480 990 1523; x_wconf 88' lang='lat' dir='ltr'><strong>mereor</strong></span> <span class='ocrx_word' id='word_1_112' title='bbox 1017 1462 1054 1523; x_wconf 89' lang='lat' dir='ltr'><strong>de</strong></span> <span class='ocrx_word' id='word_1_113' title='bbox 1082 1470 1129 1535; x_wconf 91' lang='lat' dir='ltr'><strong>te,</strong></span> <span class='ocrx_word' id='word_1_114' title='bbox 1161 1463 1238 1524; x_wconf 88' lang='lat' dir='ltr'><strong>male</strong></span> <span class='ocrx_word' id='word_1_115' title='bbox 1263 1483 1382 1528; x_wconf 88' lang='lat' dir='ltr'><strong>mereor</strong></span> <span class='ocrx_word' id='word_1_116' title='bbox 1400 1466 1433 1526; x_wconf 86' lang='lat' dir='ltr'><strong>de</strong></span> 
     </span>
     <span class='ocr_line' id='line_1_13' title="bbox 137 1563 1434 1640; baseline 0.003 -15"><span class='ocrx_word' id='word_1_117' title='bbox 137 1565 204 1639; x_wconf 91' lang='lat' dir='ltr'><strong>illo,</strong></span> <span class='ocrx_word' id='word_1_118' title='bbox 229 1572 297 1624; x_wconf 91' lang='lat' dir='ltr'><strong>utor</strong></span> <span class='ocrx_word' id='word_1_119' title='bbox 320 1570 402 1640; x_wconf 89' lang='lat' dir='ltr'><strong>toga,</strong></span> <span class='ocrx_word' id='word_1_120' title='bbox 431 1569 464 1621; x_wconf 90' lang='lat' dir='ltr'><strong>ut</strong></span> <span class='ocrx_word' id='word_1_121' title='bbox 492 1563 634 1640; x_wconf 89' lang='lat' dir='ltr'><strong>Vergilius</strong></span> <span class='ocrx_word' id='word_1_122' title='bbox 657 1567 780 1625; x_wconf 72' lang='lat' dir='ltr'><strong>‘utere</strong></span> <span class='ocrx_word' id='word_1_123' title='bbox 805 1570 908 1624; x_wconf 89' lang='lat' dir='ltr'><strong>sorte</strong></span> <span class='ocrx_word' id='word_1_124' title='bbox 929 1569 1029 1639; x_wconf 89' lang='lat' dir='ltr'><strong>tna’;</strong></span> <span class='ocrx_word' id='word_1_125' title='bbox 1066 1564 1119 1624; x_wconf 90' lang='lat' dir='ltr'><strong>sed</strong></span> <span class='ocrx_word' id='word_1_126' title='bbox 1139 1571 1169 1624; x_wconf 91' lang='lat' dir='ltr'><strong>et</strong></span> <span class='ocrx_word' id='word_1_127' title='bbox 1189 1564 1351 1628; x_wconf 73' lang='lat' dir='ltr'><strong>bonorem</strong></span> <span class='ocrx_word' id='word_1_128' title='bbox 1373 1576 1434 1628; x_wconf 89' lang='lat' dir='ltr'><strong>utor</strong></span> 
     </span>
     <span class='ocr_line' id='line_1_14' title="bbox 137 1663 649 1737; baseline 0 -12"><span class='ocrx_word' id='word_1_129' title='bbox 137 1673 252 1725; x_wconf 85' lang='lat' dir='ltr'><strong>veteres</strong></span> <span class='ocrx_word' id='word_1_130' title='bbox 271 1663 420 1737; x_wconf 74' lang='lat' dir='ltr'><strong>dixerunt,</strong></span> <span class='ocrx_word' id='word_1_131' title='bbox 442 1673 474 1724; x_wconf 91' lang='lat' dir='ltr'><strong>ut</strong></span> <span class='ocrx_word' id='word_1_132' title='bbox 494 1665 649 1725; x_wconf 86' lang='lat' dir='ltr'><strong>Terentius</strong></span> 
     </span>
    </p>
   </div>
   <div class='ocr_carea' id='block_1_4' title="bbox 139 1763 1463 2012">
    <p class='ocr_par' dir='ltr' id='par_1_4' title="bbox 139 1763 1463 2012">
     <span class='ocr_line' id='line_1_15' title="bbox 304 1763 1402 1867; baseline 0.005 -44"><span class='ocrx_word' id='word_1_133' title='bbox 304 1764 400 1842; x_wconf 90' lang='lat' dir='ltr'><strong>quod</strong></span> <span class='ocrx_word' id='word_1_134' title='bbox 422 1763 498 1824; x_wconf 91' lang='lat' dir='ltr'><strong>ista</strong></span> <span class='ocrx_word' id='word_1_135' title='bbox 519 1772 625 1826; x_wconf 87' lang='lat' dir='ltr'><strong>actas</strong></span> <span class='ocrx_word' id='word_1_136' title='bbox 648 1765 767 1842; x_wconf 88' lang='lat' dir='ltr'><strong>magis</strong></span> <span class='ocrx_word' id='word_1_137' title='bbox 788 1764 830 1825; x_wconf 87' lang='lat' dir='ltr'><strong>ad</strong></span> <span class='ocrx_word' id='word_1_138' title='bbox 851 1764 942 1851; x_wconf 83' lang='lat' dir='ltr'><strong>baec</strong></span> <span class='ocrx_word' id='word_1_139' title='bbox 961 1764 1101 1832; x_wconf 86' lang='lat' dir='ltr'><strong>utenda</strong></span> <span class='ocrx_word' id='word_1_140' title='bbox 1123 1764 1258 1867; x_wconf 80' lang='lat' dir='ltr'><strong>idonea</strong></span> <span class='ocrx_word' id='word_1_141' title='bbox 1282 1778 1402 1841; x_wconf 88' lang='lat' dir='ltr'><strong>esset,</strong></span> 
     </span>
     <span class='ocr_line' id='line_1_16' title="bbox 139 1850 1463 2012; baseline 0 -18"><span class='ocrx_word' id='word_1_142' title='bbox 139 1850 217 1911; x_wconf 55' lang='lat' dir='ltr'><strong>&#39;dem</strong></span> <span class='ocrx_word' id='word_1_143' title='bbox 304 1932 441 1994; x_wconf 92' lang='lat' dir='ltr'><strong>namin</strong></span> <span class='ocrx_word' id='word_1_144' title='bbox 463 1932 632 2012; x_wconf 88' lang='lat' dir='ltr'><strong>prologis</strong></span> <span class='ocrx_word' id='word_1_145' title='bbox 655 1932 870 1994; x_wconf 82' lang='lat' dir='ltr'><strong>scribendis</strong></span> <span class='ocrx_word' id='word_1_146' title='bbox 894 1951 1044 2012; x_wconf 81' lang='lat' dir='ltr'><strong>operam</strong></span> <span class='ocrx_word' id='word_1_147' title='bbox 1067 1931 1254 1995; x_wconf 87' lang='lat' dir='ltr'><strong>abutitur:</strong></span> <span class='ocrx_word' id='word_1_148' title='bbox 1444 1882 1463 1921; x_wconf 56' lang='lat'><strong>¹⁵</strong></span> 
     </span>
    </p>
   </div>
   <div class='ocr_carea' id='block_1_5' title="bbox 106 2031 1468 4130">
    <p class='ocr_par' dir='ltr' id='par_1_5' title="bbox 106 2031 1468 4130">
     <span class='ocr_line' id='line_1_17' title="bbox 139 2031 1433 2115; baseline 0.002 -20"><span class='ocrx_word' id='word_1_149' title='bbox 139 2034 244 2101; x_wconf 89' lang='lat' dir='ltr'><strong>abutor</strong></span> <span class='ocrx_word' id='word_1_150' title='bbox 264 2035 380 2108; x_wconf 91' lang='lat' dir='ltr'><strong>cbarta,</strong></span> <span class='ocrx_word' id='word_1_151' title='bbox 409 2034 486 2094; x_wconf 91' lang='lat' dir='ltr'><strong>nitor</strong></span> <span class='ocrx_word' id='word_1_152' title='bbox 507 2033 628 2110; x_wconf 92' lang='lat' dir='ltr'><strong>baculo,</strong></span> <span class='ocrx_word' id='word_1_153' title='bbox 653 2035 738 2096; x_wconf 91' lang='lat' dir='ltr'><strong>labor</strong></span> <span class='ocrx_word' id='word_1_154' title='bbox 756 2051 844 2093; x_wconf 91' lang='lat' dir='ltr'><strong>causa</strong></span> <span class='ocrx_word' id='word_1_155' title='bbox 867 2031 911 2092; x_wconf 91' lang='lat' dir='ltr'><strong>vel</strong></span> <span class='ocrx_word' id='word_1_156' title='bbox 933 2033 1108 2110; x_wconf 80' lang='lat' dir='ltr'><strong>cogitatione</strong></span> <span class='ocrx_word' id='word_1_157' title='bbox 1129 2033 1173 2093; x_wconf 91' lang='lat' dir='ltr'><strong>vel</strong></span> <span class='ocrx_word' id='word_1_158' title='bbox 1195 2037 1366 2115; x_wconf 89' lang='lat' dir='ltr'><strong>proposito,</strong></span> <span class='ocrx_word' id='word_1_159' title='bbox 1393 2037 1433 2097; x_wconf 92' lang='lat' dir='ltr'><strong>di·</strong></span> 
     </span>
     <span class='ocr_line' id='line_1_18' title="bbox 139 2132 1432 2215; baseline 0.001 -19"><span class='ocrx_word' id='word_1_160' title='bbox 139 2135 230 2196; x_wconf 89' lang='lat' dir='ltr'><strong>vellor</strong></span> <span class='ocrx_word' id='word_1_161' title='bbox 252 2154 268 2194; x_wconf 88' lang='lat' dir='ltr'><strong>a</strong></span> <span class='ocrx_word' id='word_1_162' title='bbox 288 2143 330 2208; x_wconf 92' lang='lat' dir='ltr'><strong>te,</strong></span> <span class='ocrx_word' id='word_1_163' title='bbox 363 2134 470 2196; x_wconf 79' lang='lat' dir='ltr'><strong>avellor</strong></span> <span class='ocrx_word' id='word_1_164' title='bbox 492 2154 509 2196; x_wconf 93' lang='lat' dir='ltr'><strong>a</strong></span> <span class='ocrx_word' id='word_1_165' title='bbox 533 2145 562 2196; x_wconf 91' lang='lat' dir='ltr'><strong>te</strong></span> <span class='ocrx_word' id='word_1_166' title='bbox 583 2135 701 2196; x_wconf 87' lang='lat' dir='ltr'><strong>avulsus</strong></span> <span class='ocrx_word' id='word_1_167' title='bbox 723 2154 806 2208; x_wconf 80' lang='lat' dir='ltr'><strong>suni,</strong></span> <span class='ocrx_word' id='word_1_168' title='bbox 839 2132 986 2194; x_wconf 89' lang='lat' dir='ltr'><strong>distrahor</strong></span> <span class='ocrx_word' id='word_1_169' title='bbox 1008 2152 1024 2193; x_wconf 90' lang='lat' dir='ltr'><strong>a</strong></span> <span class='ocrx_word' id='word_1_170' title='bbox 1046 2134 1166 2208; x_wconf 88' lang='lat' dir='ltr'><strong>comite,</strong></span> <span class='ocrx_word' id='word_1_171' title='bbox 1199 2136 1307 2215; x_wconf 83' lang='lat' dir='ltr'><strong>fungor</strong></span> <span class='ocrx_word' id='word_1_172' title='bbox 1329 2137 1432 2212; x_wconf 81' lang='lat' dir='ltr'><strong>officio,</strong></span> 
     </span>
     <span class='ocr_line' id='line_1_19' title="bbox 139 2234 1433 2318; baseline 0.002 -21"><span class='ocrx_word' id='word_1_173' title='bbox 139 2237 246 2318; x_wconf 68' lang='lat' dir='ltr'><strong>fungor</strong></span> <span class='ocrx_word' id='word_1_174' title='bbox 264 2255 403 2313; x_wconf 88' lang='lat' dir='ltr'><strong>munere;</strong></span> <span class='ocrx_word' id='word_1_175' title='bbox 435 2236 488 2297; x_wconf 88' lang='lat' dir='ltr'><strong>sed</strong></span> <span class='ocrx_word' id='word_1_176' title='bbox 513 2244 627 2297; x_wconf 85' lang='lat' dir='ltr'><strong>veteres</strong></span> <span class='ocrx_word' id='word_1_177' title='bbox 650 2236 757 2314; x_wconf 80' lang='lat' dir='ltr'><strong>larngor</strong></span> <span class='ocrx_word' id='word_1_178' title='bbox 776 2234 852 2295; x_wconf 86' lang='lat' dir='ltr'><strong>bane</strong></span> <span class='ocrx_word' id='word_1_179' title='bbox 879 2252 940 2294; x_wconf 90' lang='lat' dir='ltr'><strong>rem</strong></span> <span class='ocrx_word' id='word_1_180' title='bbox 961 2234 1110 2296; x_wconf 82' lang='lat' dir='ltr'><strong>dixemnt:</strong></span> <span class='ocrx_word' id='word_1_181' title='bbox 1141 2236 1287 2314; x_wconf 79' lang='lat' dir='ltr'><strong>defungor</strong></span> <span class='ocrx_word' id='word_1_182' title='bbox 1308 2238 1433 2299; x_wconf 88' lang='lat' dir='ltr'><strong>muneri·</strong></span> 
     </span>
     <span class='ocr_line' id='line_1_20' title="bbox 139 2334 1466 2416; baseline -0.001 -19"><span class='ocrx_word' id='word_1_183' title='bbox 139 2337 195 2399; x_wconf 90' lang='lat' dir='ltr'><strong>bus</strong></span> <span class='ocrx_word' id='word_1_184' title='bbox 221 2344 250 2396; x_wconf 90' lang='lat' dir='ltr'><strong>et</strong></span> <span class='ocrx_word' id='word_1_185' title='bbox 276 2337 420 2414; x_wconf 88' lang='lat' dir='ltr'><strong>delungor</strong></span> <span class='ocrx_word' id='word_1_186' title='bbox 445 2336 600 2415; x_wconf 88' lang='lat' dir='ltr'><strong>periculis,</strong></span> <span class='ocrx_word' id='word_1_187' title='bbox 632 2336 775 2414; x_wconf 82' lang='lat' dir='ltr'><strong>defungor</strong></span> <span class='ocrx_word' id='word_1_188' title='bbox 802 2334 875 2409; x_wconf 90' lang='lat' dir='ltr'><strong>vita,</strong></span> <span class='ocrx_word' id='word_1_189' title='bbox 908 2336 990 2395; x_wconf 82' lang='lat' dir='ltr'><strong>fruor</strong></span> <span class='ocrx_word' id='word_1_190' title='bbox 1024 2335 1146 2412; x_wconf 82' lang='lat' dir='ltr'><strong>divitiis3</strong></span> <span class='ocrx_word' id='word_1_191' title='bbox 1178 2338 1311 2416; x_wconf 76' lang='lat' dir='ltr'><strong>perlecto</strong></span> <span class='ocrx_word' id='word_1_192' title='bbox 1341 2348 1466 2400; x_wconf 75' lang='lat' dir='ltr'><strong>carctzu</strong></span> 
     </span>
     <span class='ocr_line' id='line_1_21' title="bbox 138 2425 1432 2519; baseline 0.001 -19"><span class='ocrx_word' id='word_1_193' title='bbox 138 2439 236 2519; x_wconf 87' lang='lat' dir='ltr'><strong>potior</strong></span> <span class='ocrx_word' id='word_1_194' title='bbox 262 2437 395 2519; x_wconf 85' lang='lat' dir='ltr'><strong>pecunia.</strong></span> <span class='ocrx_word' id='word_1_195' title='bbox 440 2454 515 2515; x_wconf 90' lang='lat' dir='ltr'><strong>quae</strong></span> <span class='ocrx_word' id='word_1_196' title='bbox 542 2455 577 2498; x_wconf 87' lang='lat' dir='ltr'><strong>ex</strong></span> <span class='ocrx_word' id='word_1_197' title='bbox 603 2436 771 2498; x_wconf 90' lang='lat' dir='ltr'><strong>nominibus</strong></span> <span class='ocrx_word' id='word_1_198' title='bbox 786 2425 947 2495; x_wconf 73' lang='lat' dir='ltr'><strong>&#39;orientum</strong></span> <span class='ocrx_word' id='word_1_199' title='bbox 986 2434 1097 2498; x_wconf 79' lang='lat' dir='ltr'><strong>abeam</strong></span> <span class='ocrx_word' id='word_1_200' title='bbox 1118 2457 1136 2498; x_wconf 90' lang='lat' dir='ltr'><strong>a</strong></span> <span class='ocrx_word' id='word_1_201' title='bbox 1158 2438 1296 2512; x_wconf 89' lang='lat' dir='ltr'><strong>crimine,</strong></span> <span class='ocrx_word' id='word_1_202' title='bbox 1329 2440 1432 2519; x_wconf 90' lang='lat' dir='ltr'><strong>dignus</strong></span> 
     </span>
     <span class='ocr_line' id='line_1_22' title="bbox 139 2536 1433 2616; baseline 0 -15"><span class='ocrx_word' id='word_1_203' title='bbox 139 2540 268 2614; x_wconf 88' lang='lat' dir='ltr'><strong>honore,</strong></span> <span class='ocrx_word' id='word_1_204' title='bbox 285 2539 423 2616; x_wconf 90' lang='lat' dir='ltr'><strong>indignus</strong></span> <span class='ocrx_word' id='word_1_205' title='bbox 443 2537 631 2615; x_wconf 87' lang='lat' dir='ltr'><strong>parentibus,</strong></span> <span class='ocrx_word' id='word_1_206' title='bbox 654 2545 810 2597; x_wconf 90' lang='lat' dir='ltr'><strong>contentus</strong></span> <span class='ocrx_word' id='word_1_207' title='bbox 831 2536 949 2614; x_wconf 88' lang='lat' dir='ltr'><strong>paucis,</strong></span> <span class='ocrx_word' id='word_1_208' title='bbox 972 2536 1112 2598; x_wconf 87' lang='lat' dir='ltr'><strong>incensus</strong></span> <span class='ocrx_word' id='word_1_209' title='bbox 1133 2557 1248 2614; x_wconf 88' lang='lat' dir='ltr'><strong>amore,</strong></span> <span class='ocrx_word' id='word_1_210' title='bbox 1278 2542 1371 2603; x_wconf 75' lang='lat' dir='ltr'><strong>fretus</strong></span> <span class='ocrx_word' id='word_1_211' title='bbox 1390 2542 1433 2602; x_wconf 93' lang='lat' dir='ltr'><strong>in-</strong></span> 
     </span>
     <span class='ocr_line' id='line_1_23' title="bbox 106 2633 1433 2719; baseline 0.003 -19"><span class='ocrx_word' id='word_1_212' title='bbox 106 2639 110 2647; x_wconf 90' lang='lat'>&#39;</span> <span class='ocrx_word' id='word_1_213' title='bbox 140 2639 290 2712; x_wconf 86' lang='lat' dir='ltr'><strong>nocentia,</strong></span> <span class='ocrx_word' id='word_1_214' title='bbox 318 2637 408 2699; x_wconf 89' lang='lat' dir='ltr'><strong>orbus</strong></span> <span class='ocrx_word' id='word_1_215' title='bbox 435 2637 544 2717; x_wconf 87' lang='lat' dir='ltr'><strong>patria,</strong></span> <span class='ocrx_word' id='word_1_216' title='bbox 576 2637 666 2698; x_wconf 86' lang='lat' dir='ltr'><strong>orbus</strong></span> <span class='ocrx_word' id='word_1_217' title='bbox 696 2636 805 2709; x_wconf 89' lang='lat' dir='ltr'><strong>ocubs,</strong></span> <span class='ocrx_word' id='word_1_218' title='bbox 825 2634 839 2719; x_wconf 75' lang='grc' dir='ltr'><strong>ΙΙ</strong></span> <span class='ocrx_word' id='word_1_219' title='bbox 860 2635 951 2700; x_wconf 87' lang='lat' dir='ltr'><strong>orbus</strong></span> <span class='ocrx_word' id='word_1_220' title='bbox 977 2637 1060 2713; x_wconf 86' lang='lat' dir='ltr'><strong>llliis,</strong></span> <span class='ocrx_word' id='word_1_221' title='bbox 1090 2638 1192 2703; x_wconf 83' lang='lat' dir='ltr'><strong>orbus¹</strong></span> <span class='ocrx_word' id='word_1_222' title='bbox 1208 2633 1309 2719; x_wconf 83' lang='lat' dir='ltr'><strong>patre,</strong></span> <span class='ocrx_word' id='word_1_223' title='bbox 1347 2642 1433 2704; x_wconf 89' lang='lat' dir='ltr'><strong>orbus</strong></span> 
     </span>
     <span class='ocr_line' id='line_1_24' title="bbox 140 2736 1433 2817; baseline -0.002 -13"><span class='ocrx_word' id='word_1_224' title='bbox 140 2740 285 2805; x_wconf 88' lang='lat' dir='ltr'><strong>manibus.</strong></span> <span class='ocrx_word' id='word_1_225' title='bbox 331 2756 365 2798; x_wconf 85' lang='lat' dir='ltr'><strong>ex</strong></span> <span class='ocrx_word' id='word_1_226' title='bbox 391 2736 438 2797; x_wconf 92' lang='lat' dir='ltr'><strong>bis</strong></span> <span class='ocrx_word' id='word_1_227' title='bbox 459 2737 626 2799; x_wconf 88' lang='lat' dir='ltr'><strong>nominibus</strong></span> <span class='ocrx_word' id='word_1_228' title='bbox 650 2738 791 2816; x_wconf 90' lang='lat' dir='ltr'><strong>quaedam</strong></span> <span class='ocrx_word' id='word_1_229' title='bbox 811 2738 958 2817; x_wconf 88' lang='lat' dir='ltr'><strong>accipiunt</strong></span> <span class='ocrx_word' id='word_1_230' title='bbox 979 2757 1045 2799; x_wconf 92' lang='lat' dir='ltr'><strong>sum</strong></span> <span class='ocrx_word' id='word_1_231' title='bbox 1063 2741 1184 2800; x_wconf 90' lang='lat' dir='ltr'><strong>verbum</strong></span> <span class='ocrx_word' id='word_1_232' title='bbox 1199 2750 1229 2800; x_wconf 92' lang='lat' dir='ltr'><strong>et</strong></span> <span class='ocrx_word' id='word_1_233' title='bbox 1250 2741 1362 2802; x_wconf 82' lang='lat' dir='ltr'><strong>laniunt</strong></span> <span class='ocrx_word' id='word_1_234' title='bbox 1380 2741 1433 2802; x_wconf 87' lang='lat' dir='ltr'><strong>rim</strong></span> 
     </span>
     <span class='ocr_line' id='line_1_25' title="bbox 139 2838 1468 2918; baseline 0.001 -16"><span class='ocrx_word' id='word_1_235' title='bbox 139 2841 236 2915; x_wconf 90' lang='lat' dir='ltr'><strong>verbi,</strong></span> <span class='ocrx_word' id='word_1_236' title='bbox 259 2839 344 2900; x_wconf 85' lang='lat' dir='ltr'><strong>veluti</strong></span> <span class='ocrx_word' id='word_1_237' title='bbox 369 2846 523 2898; x_wconf 90' lang='lat' dir='ltr'><strong>contentus</strong></span> <span class='ocrx_word' id='word_1_238' title='bbox 547 2857 611 2899; x_wconf 88' lang='lat' dir='ltr'><strong>sum</strong></span> <span class='ocrx_word' id='word_1_239' title='bbox 633 2858 691 2898; x_wconf 82' lang='lat' dir='ltr'><strong>utre</strong></span> <span class='ocrx_word' id='word_1_240' title='bbox 713 2838 878 2918; x_wconf 87' lang='lat' dir='ltr'><strong>pulmento,</strong></span> <span class='ocrx_word' id='word_1_241' title='bbox 901 2840 992 2899; x_wconf 82' lang='lat' dir='ltr'><strong>fretus</strong></span> <span class='ocrx_word' id='word_1_242' title='bbox 1014 2861 1096 2916; x_wconf 90' lang='lat' dir='ltr'><strong>sum,</strong></span> <span class='ocrx_word' id='word_1_243' title='bbox 1116 2842 1206 2902; x_wconf 92' lang='lat' dir='ltr'><strong>orbus</strong></span> <span class='ocrx_word' id='word_1_244' title='bbox 1225 2861 1308 2915; x_wconf 90' lang='lat' dir='ltr'><strong>sum,</strong></span> <span class='ocrx_word' id='word_1_245' title='bbox 1330 2862 1468 2903; x_wconf 77' lang='lat' dir='ltr'><strong>raucusn</strong></span> 
     </span>
     <span class='ocr_line' id='line_1_26' title="bbox 141 2940 1434 3020; baseline 0.001 -17"><span class='ocrx_word' id='word_1_246' title='bbox 141 2960 216 3003; x_wconf 79' lang='lat' dir='ltr'><strong>suni.</strong></span> <span class='ocrx_word' id='word_1_247' title='bbox 262 2948 291 3000; x_wconf 91' lang='lat' dir='ltr'><strong>et</strong></span> <span class='ocrx_word' id='word_1_248' title='bbox 313 2958 417 3000; x_wconf 90' lang='lat' dir='ltr'><strong>ornnes</strong></span> <span class='ocrx_word' id='word_1_249' title='bbox 439 2940 663 3017; x_wconf 80' lang='lat' dir='ltr'><strong>cooperationes</strong></span> <span class='ocrx_word' id='word_1_250' title='bbox 685 2940 841 3000; x_wconf 80' lang='lat' dir='ltr'><strong>ablativum</strong></span> <span class='ocrx_word' id='word_1_251' title='bbox 863 2941 1024 3020; x_wconf 90' lang='lat' dir='ltr'><strong>recipiunt,</strong></span> <span class='ocrx_word' id='word_1_252' title='bbox 1048 2940 1134 3001; x_wconf 87' lang='lat' dir='ltr'><strong>veluti</strong></span> <span class='ocrx_word' id='word_1_253' title='bbox 1157 2942 1318 3004; x_wconf 90' lang='lat' dir='ltr'><strong>studiosior</strong></span> <span class='ocrx_word' id='word_1_254' title='bbox 1341 2944 1434 3004; x_wconf 83' lang='lat' dir='ltr'><strong>iratri-</strong></span> 
     </span>
     <span class='ocr_line' id='line_1_27' title="bbox 141 3039 1433 3122; baseline 0.003 -22"><span class='ocrx_word' id='word_1_255' title='bbox 141 3040 213 3114; x_wconf 86' lang='lat' dir='ltr'><strong>bus,</strong></span> <span class='ocrx_word' id='word_1_256' title='bbox 244 3039 346 3118; x_wconf 82' lang='lat' dir='ltr'><strong>agilior</strong></span> <span class='ocrx_word' id='word_1_257' title='bbox 373 3047 464 3117; x_wconf 88' lang='lat' dir='ltr'><strong>patre.</strong></span> <span class='ocrx_word' id='word_1_258' title='bbox 509 3039 692 3112; x_wconf 76' lang='lat' dir='ltr'><strong>adverbium,</strong></span> <span class='ocrx_word' id='word_1_259' title='bbox 731 3059 805 3120; x_wconf 90' lang='lat' dir='ltr'><strong>opus</strong></span> <span class='ocrx_word' id='word_1_260' title='bbox 834 3049 878 3101; x_wconf 90' lang='lat' dir='ltr'><strong>est</strong></span> <span class='ocrx_word' id='word_1_261' title='bbox 907 3040 977 3101; x_wconf 89' lang='lat' dir='ltr'><strong>mibi</strong></span> <span class='ocrx_word' id='word_1_262' title='bbox 1005 3041 1132 3115; x_wconf 89' lang='lat' dir='ltr'><strong>minuto,</strong></span> <span class='ocrx_word' id='word_1_263' title='bbox 1171 3063 1247 3122; x_wconf 89' lang='lat' dir='ltr'><strong>opus</strong></span> <span class='ocrx_word' id='word_1_264' title='bbox 1275 3044 1345 3107; x_wconf 91' lang='lat' dir='ltr'><strong>mibi</strong></span> <span class='ocrx_word' id='word_1_265' title='bbox 1374 3046 1433 3105; x_wconf 90' lang='lat' dir='ltr'><strong>luit.</strong></span> 
     </span>
     <span class='ocr_line' id='line_1_28' title="bbox 141 3139 1434 3226; baseline 0.006 -27"><span class='ocrx_word' id='word_1_266' title='bbox 141 3140 193 3199; x_wconf 90' lang='lat' dir='ltr'><strong>sed</strong></span> <span class='ocrx_word' id='word_1_267' title='bbox 217 3149 328 3200; x_wconf 89' lang='lat' dir='ltr'><strong>veteres</strong></span> <span class='ocrx_word' id='word_1_268' title='bbox 347 3158 401 3220; x_wconf 86' lang='lat' dir='ltr'><strong>per</strong></span> <span class='ocrx_word' id='word_1_269' title='bbox 423 3139 615 3201; x_wconf 89' lang='lat' dir='ltr'><strong>incusalivum</strong></span> <span class='ocrx_word' id='word_1_270' title='bbox 636 3141 693 3202; x_wconf 79' lang='lat' dir='ltr'><strong>lum</strong></span> <span class='ocrx_word' id='word_1_271' title='bbox 714 3141 820 3202; x_wconf 83' lang='lat' dir='ltr'><strong>idioma</strong></span> <span class='ocrx_word' id='word_1_272' title='bbox 841 3142 1013 3221; x_wconf 88' lang='lat' dir='ltr'><strong>saepissime</strong></span> <span class='ocrx_word' id='word_1_273' title='bbox 1029 3143 1146 3220; x_wconf 89' lang='lat' dir='ltr'><strong>quidem</strong></span> <span class='ocrx_word' id='word_1_274' title='bbox 1162 3143 1339 3221; x_wconf 85' lang='lat' dir='ltr'><strong>ertulemnt,</strong></span> <span class='ocrx_word' id='word_1_275' title='bbox 1362 3166 1434 3226; x_wconf 92' lang='lat' dir='ltr'><strong>opus</strong></span> 
     </span>
     <span class='ocr_line' id='line_1_29' title="bbox 142 3240 1433 3324; baseline 0.008 -26"><span class='ocrx_word' id='word_1_276' title='bbox 142 3248 187 3299; x_wconf 91' lang='lat' dir='ltr'><strong>est</strong></span> <span class='ocrx_word' id='word_1_277' title='bbox 208 3240 278 3299; x_wconf 93' lang='lat' dir='ltr'><strong>mibi</strong></span> <span class='ocrx_word' id='word_1_278' title='bbox 299 3241 375 3300; x_wconf 91' lang='lat' dir='ltr'><strong>banc</strong></span> <span class='ocrx_word' id='word_1_279' title='bbox 396 3260 467 3300; x_wconf 93' lang='lat' dir='ltr'><strong>rem.</strong></span> <span class='ocrx_word' id='word_1_280' title='bbox 503 3242 554 3302; x_wconf 91' lang='lat' dir='ltr'><strong>sed</strong></span> <span class='ocrx_word' id='word_1_281' title='bbox 577 3244 655 3323; x_wconf 89' lang='lat' dir='ltr'><strong>apud</strong></span> <span class='ocrx_word' id='word_1_282' title='bbox 677 3253 790 3305; x_wconf 80' lang='lat' dir='ltr'><strong>veteres</strong></span> <span class='ocrx_word' id='word_1_283' title='bbox 812 3243 976 3305; x_wconf 89' lang='lat' dir='ltr'><strong>invenimus</strong></span> <span class='ocrx_word' id='word_1_284' title='bbox 997 3243 1053 3304; x_wconf 92' lang='lat' dir='ltr'><strong>boc</strong></span> <span class='ocrx_word' id='word_1_285' title='bbox 1076 3244 1132 3304; x_wconf 90' lang='lat' dir='ltr'><strong>dici</strong></span> <span class='ocrx_word' id='word_1_286' title='bbox 1150 3263 1203 3324; x_wconf 92' lang='lat' dir='ltr'><strong>per</strong></span> <span class='ocrx_word' id='word_1_287' title='bbox 1223 3265 1327 3308; x_wconf 89' lang='lat' dir='ltr'><strong>omnes</strong></span> <span class='ocrx_word' id='word_1_288' title='bbox 1350 3266 1433 3308; x_wconf 91' lang='lat' dir='ltr'><strong>casus</strong></span> 
     </span>
     <span class='ocr_line' id='line_1_30' title="bbox 140 3342 1468 3424; baseline 0.003 -25"><span class='ocrx_word' id='word_1_289' title='bbox 140 3348 257 3419; x_wconf 89' lang='lat' dir='ltr'><strong>praeter</strong></span> <span class='ocrx_word' id='word_1_290' title='bbox 281 3342 457 3415; x_wconf 83' lang='lat' dir='ltr'><strong>vocativum,</strong></span> <span class='ocrx_word' id='word_1_291' title='bbox 489 3343 576 3403; x_wconf 89' lang='lat' dir='ltr'><strong>veluti</strong></span> <span class='ocrx_word' id='word_1_292' title='bbox 599 3364 673 3424; x_wconf 92' lang='lat' dir='ltr'><strong>opus</strong></span> <span class='ocrx_word' id='word_1_293' title='bbox 697 3344 835 3405; x_wconf 87' lang='lat' dir='ltr'><strong>est-mibi</strong></span> <span class='ocrx_word' id='word_1_294' title='bbox 858 3344 931 3404; x_wconf 77' lang='lat' dir='ltr'><strong>llaec</strong></span> <span class='ocrx_word' id='word_1_295' title='bbox 951 3363 1000 3404; x_wconf 90' lang='lat' dir='ltr'><strong>res</strong></span> <span class='ocrx_word' id='word_1_296' title='bbox 1020 3354 1049 3404; x_wconf 92' lang='lat' dir='ltr'><strong>et</strong></span> <span class='ocrx_word' id='word_1_297' title='bbox 1076 3344 1162 3404; x_wconf 90' lang='lat' dir='ltr'><strong>buius</strong></span> <span class='ocrx_word' id='word_1_298' title='bbox 1181 3346 1222 3404; x_wconf 92' lang='lat' dir='ltr'><strong>rei</strong></span> <span class='ocrx_word' id='word_1_299' title='bbox 1252 3355 1281 3405; x_wconf 86' lang='lat' dir='ltr'><strong>et</strong></span> <span class='ocrx_word' id='word_1_300' title='bbox 1306 3347 1375 3408; x_wconf 90' lang='lat' dir='ltr'><strong>buic</strong></span> <span class='ocrx_word' id='word_1_301' title='bbox 1393 3347 1468 3408; x_wconf 77' lang='lat' dir='ltr'><strong>rein</strong></span> 
     </span>
     <span class='ocr_line' id='line_1_31' title="bbox 141 3441 1434 3525; baseline 0.006 -25"><span class='ocrx_word' id='word_1_302' title='bbox 141 3448 171 3500; x_wconf 88' lang='lat' dir='ltr'><strong>et</strong></span> <span class='ocrx_word' id='word_1_303' title='bbox 192 3441 268 3501; x_wconf 90' lang='lat' dir='ltr'><strong>banc</strong></span> <span class='ocrx_word' id='word_1_304' title='bbox 288 3461 350 3502; x_wconf 87' lang='lat' dir='ltr'><strong>rem</strong></span> <span class='ocrx_word' id='word_1_305' title='bbox 379 3451 407 3502; x_wconf 88' lang='lat' dir='ltr'><strong>et</strong></span> <span class='ocrx_word' id='word_1_306' title='bbox 426 3443 481 3503; x_wconf 85' lang='lat' dir='ltr'><strong>bac</strong></span> <span class='ocrx_word' id='word_1_307' title='bbox 502 3464 550 3519; x_wconf 90' lang='lat' dir='ltr'><strong>re;</strong></span> <span class='ocrx_word' id='word_1_308' title='bbox 579 3464 634 3505; x_wconf 89' lang='lat' dir='ltr'><strong>nos</strong></span> <span class='ocrx_word' id='word_1_309' title='bbox 653 3454 750 3506; x_wconf 91' lang='lat' dir='ltr'><strong>autem</strong></span> <span class='ocrx_word' id='word_1_310' title='bbox 771 3464 825 3525; x_wconf 92' lang='lat' dir='ltr'><strong>per</strong></span> <span class='ocrx_word' id='word_1_311' title='bbox 845 3445 1000 3506; x_wconf 89' lang='lat' dir='ltr'><strong>ablativum</strong></span> <span class='ocrx_word' id='word_1_312' title='bbox 1017 3446 1112 3507; x_wconf 91' lang='lat' dir='ltr'><strong>solum</strong></span> <span class='ocrx_word' id='word_1_313' title='bbox 1133 3465 1207 3525; x_wconf 89' lang='lat' dir='ltr'><strong>opus</strong></span> <span class='ocrx_word' id='word_1_314' title='bbox 1229 3454 1276 3506; x_wconf 87' lang='lat' dir='ltr'><strong>est</strong></span> <span class='ocrx_word' id='word_1_315' title='bbox 1293 3448 1366 3508; x_wconf 81' lang='lat' dir='ltr'><strong>milii</strong></span> <span class='ocrx_word' id='word_1_316' title='bbox 1380 3449 1434 3508; x_wconf 89' lang='lat' dir='ltr'><strong>hac</strong></span> 
     </span>
     <span class='ocr_line' id='line_1_32' title="bbox 140 3540 1434 3628; baseline 0.004 -27"><span class='ocrx_word' id='word_1_317' title='bbox 140 3560 182 3602; x_wconf 92' lang='lat' dir='ltr'><strong>re.</strong></span> <span class='ocrx_word' id='word_1_318' title='bbox 227 3540 299 3602; x_wconf 92' lang='lat' dir='ltr'><strong>illud</strong></span> <span class='ocrx_word' id='word_1_319' title='bbox 321 3544 417 3604; x_wconf 84' lang='lat' dir='ltr'><strong>autem</strong></span> <span class='ocrx_word' id='word_1_320' title='bbox 446 3553 491 3605; x_wconf 91' lang='lat' dir='ltr'><strong>est</strong></span> <span class='ocrx_word' id='word_1_321' title='bbox 517 3546 730 3609; x_wconf 80' lang='lat' dir='ltr'><strong>obseruandum</strong></span> <span class='ocrx_word' id='word_1_322' title='bbox 752 3547 894 3608; x_wconf 82' lang='lat' dir='ltr'><strong>maxime·</strong></span> <span class='ocrx_word' id='word_1_323' title='bbox 929 3565 997 3606; x_wconf 90' lang='lat' dir='ltr'><strong>nam</strong></span> <span class='ocrx_word' id='word_1_324' title='bbox 1022 3553 1053 3606; x_wconf 92' lang='lat' dir='ltr'><strong>ut</strong></span> <span class='ocrx_word' id='word_1_325' title='bbox 1078 3546 1180 3606; x_wconf 89' lang='lat' dir='ltr'><strong>Graeci</strong></span> <span class='ocrx_word' id='word_1_326' title='bbox 1207 3546 1310 3608; x_wconf 89' lang='lat' dir='ltr'><strong>dicunt</strong></span> <span class='ocrx_word' id='word_1_327' title='bbox 1335 3549 1434 3628; x_wconf 80' lang='grc' dir='ltr'><em>χρείαν</em></span> 
     </span>
     <span class='ocr_line' id='line_1_33' title="bbox 142 3638 1434 3730; baseline 0.009 -30"><span class='ocrx_word' id='word_1_328' title='bbox 142 3638 198 3719; x_wconf 81' lang='grc' dir='ltr'><strong>ἔχω</strong></span> <span class='ocrx_word' id='word_1_329' title='bbox 217 3641 320 3722; x_wconf 80' lang='grc' dir='ltr'><strong><em>χρεέαν</em></strong></span> <span class='ocrx_word' id='word_1_330' title='bbox 341 3638 436 3720; x_wconf 74' lang='grc' dir='ltr'><em>εἶχον,</em></span> <span class='ocrx_word' id='word_1_331' title='bbox 465 3663 520 3705; x_wconf 80' lang='lat' dir='ltr'><strong>rios</strong></span> <span class='ocrx_word' id='word_1_332' title='bbox 542 3666 601 3706; x_wconf 95' lang='lat' dir='ltr'><strong>non</strong></span> <span class='ocrx_word' id='word_1_333' title='bbox 619 3648 743 3708; x_wconf 88' lang='lat' dir='ltr'><strong>dicimus</strong></span> <span class='ocrx_word' id='word_1_334' title='bbox 770 3667 844 3726; x_wconf 85' lang='lat' dir='ltr'><strong>opus</strong></span> <span class='ocrx_word' id='word_1_335' title='bbox 866 3645 961 3707; x_wconf 90' lang='lat' dir='ltr'><strong>babeo</strong></span> <span class='ocrx_word' id='word_1_336' title='bbox 989 3666 1064 3726; x_wconf 89' lang='lat' dir='ltr'><strong>opus</strong></span> <span class='ocrx_word' id='word_1_337' title='bbox 1093 3646 1252 3722; x_wconf 87' lang='lat' dir='ltr'><strong>habebam,</strong></span> <span class='ocrx_word' id='word_1_338' title='bbox 1280 3649 1333 3709; x_wconf 94' lang='lat' dir='ltr'><strong>sed</strong></span> <span class='ocrx_word' id='word_1_339' title='bbox 1362 3669 1434 3730; x_wconf 91' lang='lat' dir='ltr'><strong>opus</strong></span> 
     </span>
     <span class='ocr_line' id='line_1_34' title="bbox 141 3732 1434 3828; baseline 0.007 -26"><span class='ocrx_word' id='word_1_340' title='bbox 141 3751 187 3803; x_wconf 86' lang='lat' dir='ltr'><strong>est</strong></span> <span class='ocrx_word' id='word_1_341' title='bbox 208 3744 279 3803; x_wconf 91' lang='lat' dir='ltr'><strong>mibi</strong></span> <span class='ocrx_word' id='word_1_342' title='bbox 300 3732 374 3823; x_wconf 83' lang='lat' dir='ltr'><strong>opus</strong></span> <span class='ocrx_word' id='word_1_343' title='bbox 393 3752 456 3804; x_wconf 88' lang='lat' dir='ltr'><strong>erat</strong></span> <span class='ocrx_word' id='word_1_344' title='bbox 477 3744 563 3821; x_wconf 90' lang='lat' dir='ltr'><strong>mibi;</strong></span> <span class='ocrx_word' id='word_1_345' title='bbox 597 3754 625 3805; x_wconf 88' lang='lat' dir='ltr'><strong>et</strong></span> <span class='ocrx_word' id='word_1_346' title='bbox 646 3748 723 3824; x_wconf 88' lang='lat' dir='ltr'><strong>quod</strong></span> <span class='ocrx_word' id='word_1_347' title='bbox 747 3747 787 3808; x_wconf 92' lang='lat' dir='ltr'><strong>illi</strong></span> <span class='ocrx_word' id='word_1_348' title='bbox 809 3747 911 3808; x_wconf 90' lang='lat' dir='ltr'><strong>dicunt</strong></span> <span class='ocrx_word' id='word_1_349' title='bbox 932 3747 1032 3824; x_wconf 77' lang='grc' dir='ltr'><strong><em>χρείαν</em></strong></span> <span class='ocrx_word' id='word_1_350' title='bbox 1052 3764 1106 3805; x_wconf 86' lang='grc' dir='ltr'><strong>σου</strong></span> <span class='ocrx_word' id='word_1_351' title='bbox 1128 3744 1187 3822; x_wconf 79' lang='grc' dir='ltr'><strong>ἔχει</strong></span> <span class='ocrx_word' id='word_1_352' title='bbox 1209 3738 1225 3805; x_wconf 85' lang='grc' dir='ltr'>ὁ</span> <span class='ocrx_word' id='word_1_353' title='bbox 1246 3744 1363 3828; x_wconf 77' lang='grc' dir='ltr'><em>πατήρ,</em></span> <span class='ocrx_word' id='word_1_354' title='bbox 1382 3770 1434 3811; x_wconf 91' lang='lat' dir='ltr'><strong>nos</strong></span> 
     </span>
     <span class='ocr_line' id='line_1_35' title="bbox 142 3841 1467 3928; baseline 0.005 -26"><span class='ocrx_word' id='word_1_355' title='bbox 142 3841 266 3903; x_wconf 90' lang='lat' dir='ltr'><strong>dicimus</strong></span> <span class='ocrx_word' id='word_1_356' title='bbox 288 3853 372 3922; x_wconf 91' lang='lat' dir='ltr'><strong>pater</strong></span> <span class='ocrx_word' id='word_1_357' title='bbox 399 3844 460 3904; x_wconf 85' lang='lat' dir='ltr'><strong>vult</strong></span> <span class='ocrx_word' id='word_1_358' title='bbox 487 3853 530 3917; x_wconf 92' lang='lat' dir='ltr'><strong>te,</strong></span> <span class='ocrx_word' id='word_1_359' title='bbox 560 3858 735 3926; x_wconf 90' lang='lat' dir='ltr'><strong>praeceptor</strong></span> <span class='ocrx_word' id='word_1_360' title='bbox 762 3847 875 3908; x_wconf 88' lang='lat' dir='ltr'><strong>volebat</strong></span> <span class='ocrx_word' id='word_1_361' title='bbox 903 3855 931 3906; x_wconf 90' lang='lat' dir='ltr'><strong>te</strong></span> <span class='ocrx_word' id='word_1_362' title='bbox 958 3858 987 3908; x_wconf 91' lang='lat' dir='ltr'><strong>et</strong></span> <span class='ocrx_word' id='word_1_363' title='bbox 1013 3848 1126 3909; x_wconf 88' lang='lat' dir='ltr'><strong>similia.</strong></span> <span class='ocrx_word' id='word_1_364' title='bbox 1170 3858 1324 3928; x_wconf 88' lang='lat' dir='ltr'><strong>praeterea</strong></span> <span class='ocrx_word' id='word_1_365' title='bbox 1346 3852 1467 3914; x_wconf 75' lang='lat' dir='ltr'><strong>multae</strong></span> 
     </span>
     <span class='ocr_line' id='line_1_36' title="bbox 142 3944 1435 4024; baseline 0.006 -20"><span class='ocrx_word' id='word_1_366' title='bbox 142 3951 211 4004; x_wconf 89' lang='lat' dir='ltr'><strong>sunt</strong></span> <span class='ocrx_word' id='word_1_367' title='bbox 232 3961 307 4019; x_wconf 89' lang='lat' dir='ltr'><strong>quae</strong></span> <span class='ocrx_word' id='word_1_368' title='bbox 330 3944 451 4005; x_wconf 80' lang='lat' dir='ltr'><strong>ltomani</strong></span> <span class='ocrx_word' id='word_1_369' title='bbox 474 3964 528 4024; x_wconf 90' lang='lat' dir='ltr'><strong>per</strong></span> <span class='ocrx_word' id='word_1_370' title='bbox 546 3945 701 4007; x_wconf 89' lang='lat' dir='ltr'><strong>ablativum</strong></span> <span class='ocrx_word' id='word_1_371' title='bbox 729 3967 829 4008; x_wconf 89' lang='lat' dir='ltr'><strong>casum</strong></span> <span class='ocrx_word' id='word_1_372' title='bbox 851 3947 947 4010; x_wconf 87' lang='lat' dir='ltr'><strong>solent</strong></span> <span class='ocrx_word' id='word_1_373' title='bbox 968 3951 1081 4010; x_wconf 88' lang='lat' dir='ltr'><strong>ellerre.</strong></span> <span class='ocrx_word' id='word_1_374' title='bbox 1126 3949 1258 4010; x_wconf 90' lang='lat' dir='ltr'><strong>inmensa</strong></span> <span class='ocrx_word' id='word_1_375' title='bbox 1288 3953 1367 4013; x_wconf 91' lang='lat' dir='ltr'><strong>euim</strong></span> <span class='ocrx_word' id='word_1_376' title='bbox 1391 3961 1435 4014; x_wconf 91' lang='lat' dir='ltr'><strong>est</strong></span> 
     </span>
     <span class='ocr_line' id='line_1_37' title="bbox 130 4043 1435 4130; baseline 0.01 -30"><span class='ocrx_word' id='word_1_377' title='bbox 130 4043 229 4102; x_wconf 85' lang='lat' dir='ltr'><strong>buius</strong></span> <span class='ocrx_word' id='word_1_378' title='bbox 252 4061 337 4102; x_wconf 89' lang='lat' dir='ltr'><strong>casus</strong></span> <span class='ocrx_word' id='word_1_379' title='bbox 358 4044 483 4118; x_wconf 89' lang='lat' dir='ltr'><strong>licentia,</strong></span> <span class='ocrx_word' id='word_1_380' title='bbox 507 4053 536 4104; x_wconf 91' lang='lat' dir='ltr'><strong>et</strong></span> <span class='ocrx_word' id='word_1_381' title='bbox 559 4047 667 4107; x_wconf 88' lang='lat' dir='ltr'><strong>utimur</strong></span> <span class='ocrx_word' id='word_1_382' title='bbox 686 4066 720 4108; x_wconf 92' lang='lat' dir='ltr'><strong>eo</strong></span> <span class='ocrx_word' id='word_1_383' title='bbox 744 4048 916 4127; x_wconf 91' lang='lat' dir='ltr'><strong>saepissime</strong></span> <span class='ocrx_word' id='word_1_384' title='bbox 938 4069 991 4128; x_wconf 86' lang='lat' dir='ltr'><strong>pro</strong></span> <span class='ocrx_word' id='word_1_385' title='bbox 1015 4049 1131 4110; x_wconf 91' lang='lat' dir='ltr'><strong>duobus</strong></span> <span class='ocrx_word' id='word_1_386' title='bbox 1152 4052 1280 4125; x_wconf 88' lang='lat' dir='ltr'><strong>casibus,</strong></span> <span class='ocrx_word' id='word_1_387' title='bbox 1303 4055 1435 4130; x_wconf 84' lang='lat' dir='ltr'><strong>genetivo</strong></span> 
     </span>
    </p>
   </div>
   <div class='ocr_carea' id='block_1_6' title="bbox 137 4192 1435 4661">
    <p class='ocr_par' dir='ltr' id='par_1_6' title="bbox 137 4192 1435 4661">
     <span class='ocr_line' id='line_1_38' title="bbox 210 4192 1435 4253; baseline 0.009 -13"><span class='ocrx_word' id='word_1_388' title='bbox 210 4192 391 4241; x_wconf 82' lang='lat' dir='ltr'><strong>2cumcumbo</strong></span> <span class='ocrx_word' id='word_1_389' title='bbox 408 4193 433 4241; x_wconf 99' lang='lat' dir='ltr'><em>A</em></span> <span class='ocrx_word' id='word_1_390' title='bbox 450 4196 570 4244; x_wconf 87' lang='lat' dir='ltr'><strong>concoibo</strong></span> <span class='ocrx_word' id='word_1_391' title='bbox 590 4197 624 4245; x_wconf 99' lang='lat' dir='ltr'><em>M</em></span> <span class='ocrx_word' id='word_1_392' title='bbox 706 4196 722 4247; x_wconf 87' lang='lat'><strong>3</strong></span> <span class='ocrx_word' id='word_1_393' title='bbox 740 4199 775 4246; x_wconf 91' lang='lat' dir='ltr'><strong>illi</strong></span> <span class='ocrx_word' id='word_1_394' title='bbox 794 4200 819 4246; x_wconf 91' lang='lat' dir='ltr'><em>A</em></span> <span class='ocrx_word' id='word_1_395' title='bbox 839 4199 882 4248; x_wconf 91' lang='lat' dir='ltr'><strong>tibi</strong></span> <span class='ocrx_word' id='word_1_396' title='bbox 901 4199 934 4247; x_wconf 93' lang='lat' dir='ltr'><em>M</em></span> <span class='ocrx_word' id='word_1_397' title='bbox 1019 4200 1099 4247; x_wconf 84' lang='lat' dir='ltr'><strong>avello</strong></span> <span class='ocrx_word' id='word_1_398' title='bbox 1118 4214 1133 4247; x_wconf 85' lang='lat' dir='ltr'><strong>a</strong></span> <span class='ocrx_word' id='word_1_399' title='bbox 1151 4209 1288 4250; x_wconf 84' lang='lat' dir='ltr'><strong>tevestem</strong></span> <span class='ocrx_word' id='word_1_400' title='bbox 1308 4202 1435 4253; x_wconf 77' lang='lat' dir='ltr'><strong>Clarisim</strong></span> 
     </span>
     <span class='ocr_line' id='line_1_39' title="bbox 137 4260 1433 4335; baseline 0.007 -26"><span class='ocrx_word' id='word_1_401' title='bbox 137 4276 165 4324; x_wconf 82' lang='lat' dir='ltr'><strong>p.</strong></span> <span class='ocrx_word' id='word_1_402' title='bbox 185 4260 237 4312; x_wconf 80' lang='lat'><strong>263</strong></span> <span class='ocrx_word' id='word_1_403' title='bbox 255 4260 336 4309; x_wconf 87' lang='lat' dir='ltr'><strong>suello</strong></span> <span class='ocrx_word' id='word_1_404' title='bbox 352 4271 375 4308; x_wconf 85' lang='lat' dir='ltr'><strong>te</strong></span> <span class='ocrx_word' id='word_1_405' title='bbox 394 4265 465 4311; x_wconf 74' lang='lat' dir='ltr'><strong>ueste</strong></span> <span class='ocrx_word' id='word_1_406' title='bbox 487 4264 510 4310; x_wconf 94' lang='lat' dir='ltr'><em>A</em></span> <span class='ocrx_word' id='word_1_407' title='bbox 528 4264 610 4313; x_wconf 87' lang='lat' dir='ltr'><strong>auello</strong></span> <span class='ocrx_word' id='word_1_408' title='bbox 626 4274 649 4313; x_wconf 90' lang='lat' dir='ltr'><strong>te</strong></span> <span class='ocrx_word' id='word_1_409' title='bbox 670 4275 741 4314; x_wconf 84' lang='lat' dir='ltr'><strong>ueste</strong></span> <span class='ocrx_word' id='word_1_410' title='bbox 760 4267 792 4315; x_wconf 90' lang='lat' dir='ltr'><em>M</em></span> <span class='ocrx_word' id='word_1_411' title='bbox 807 4269 865 4316; x_wconf 89' lang='lat' dir='ltr'><strong>uelo</strong></span> <span class='ocrx_word' id='word_1_412' title='bbox 885 4276 908 4316; x_wconf 90' lang='lat' dir='ltr'><strong>te</strong></span> <span class='ocrx_word' id='word_1_413' title='bbox 927 4276 1034 4323; x_wconf 66' lang='lat' dir='ltr'><strong>uestes</strong></span> <span class='ocrx_word' id='word_1_414' title='bbox 1115 4260 1137 4316; x_wconf 74' lang='lat'>7</span> <span class='ocrx_word' id='word_1_415' title='bbox 1160 4267 1298 4335; x_wconf 86' lang='lat' dir='ltr'><strong>incendor]</strong></span> <span class='ocrx_word' id='word_1_416' title='bbox 1326 4272 1433 4320; x_wconf 83' lang='lat' dir='ltr'><strong>inundet</strong></span> 
     </span>
     <span class='ocr_line' id='line_1_40' title="bbox 142 4328 1434 4396; baseline 0.006 -19"><span class='ocrx_word' id='word_1_417' title='bbox 142 4328 202 4378; x_wconf 90' lang='lat' dir='ltr'><strong>AM</strong></span> <span class='ocrx_word' id='word_1_418' title='bbox 270 4330 302 4380; x_wconf 82' lang='lat'><strong>12</strong></span> <span class='ocrx_word' id='word_1_419' title='bbox 319 4328 459 4396; x_wconf 85' lang='lat' dir='ltr'><strong>Vergilius]</strong></span> <span class='ocrx_word' id='word_1_420' title='bbox 479 4331 542 4380; x_wconf 82' lang='lat' dir='ltr'><strong>Aen.</strong></span> <span class='ocrx_word' id='word_1_421' title='bbox 562 4331 678 4385; x_wconf 82' lang='lat' dir='ltr'>x11932</span> <span class='ocrx_word' id='word_1_422' title='bbox 749 4335 796 4383; x_wconf 91' lang='lat' dir='ltr'><strong>sed</strong></span> <span class='ocrx_word' id='word_1_423' title='bbox 814 4343 838 4383; x_wconf 92' lang='lat' dir='ltr'><strong>et</strong></span> <span class='ocrx_word' id='word_1_424' title='bbox 855 4334 920 4383; x_wconf 89' lang='lat' dir='ltr'><strong>haue</strong></span> <span class='ocrx_word' id='word_1_425' title='bbox 940 4337 1073 4386; x_wconf 74' lang='lat' dir='ltr'><strong>Patsedim</strong></span> <span class='ocrx_word' id='word_1_426' title='bbox 1092 4336 1178 4385; x_wconf 89' lang='lat' dir='ltr'><strong>sedin</strong></span> <span class='ocrx_word' id='word_1_427' title='bbox 1200 4337 1265 4386; x_wconf 86' lang='lat' dir='ltr'><strong>benc</strong></span> <span class='ocrx_word' id='word_1_428' title='bbox 1283 4339 1352 4389; x_wconf 90' lang='lat' dir='ltr'><strong>Ain</strong></span> <span class='ocrx_word' id='word_1_429' title='bbox 1371 4339 1434 4389; x_wconf 82' lang='lat' dir='ltr'><strong>hanc</strong></span> 
     </span>
     <span class='ocr_line' id='line_1_41' title="bbox 143 4397 1368 4470; baseline 0.009 -23"><span class='ocrx_word' id='word_1_430' title='bbox 143 4398 176 4447; x_wconf 89' lang='lat' dir='ltr'><em>M</em></span> <span class='ocrx_word' id='word_1_431' title='bbox 189 4399 234 4447; x_wconf 84' lang='lat' dir='ltr'><strong>sed</strong></span> <span class='ocrx_word' id='word_1_432' title='bbox 252 4397 318 4447; x_wconf 87' lang='lat' dir='ltr'><strong>banc</strong></span> <span class='ocrx_word' id='word_1_433' title='bbox 333 4411 350 4452; x_wconf 87' lang='grc' dir='ltr'><strong><em>ς</em></strong></span> <span class='ocrx_word' id='word_1_434' title='bbox 422 4398 454 4449; x_wconf 83' lang='lat'><strong>13</strong></span> <span class='ocrx_word' id='word_1_435' title='bbox 472 4399 611 4466; x_wconf 83' lang='lat' dir='ltr'><strong>Terentius]</strong></span> <span class='ocrx_word' id='word_1_436' title='bbox 635 4404 752 4453; x_wconf 80' lang='lat' dir='ltr'><strong>Heauton</strong></span> <span class='ocrx_word' id='word_1_437' title='bbox 774 4406 825 4453; x_wconf 79' lang='lat' dir='ltr'><strong>tim.</strong></span> <span class='ocrx_word' id='word_1_438' title='bbox 844 4406 854 4452; x_wconf 95' lang='lat' dir='ltr'><strong>l</strong></span> <span class='ocrx_word' id='word_1_439' title='bbox 873 4403 895 4461; x_wconf 94' lang='lat' dir='ltr'><strong>l,</strong></span> <span class='ocrx_word' id='word_1_440' title='bbox 912 4402 942 4452; x_wconf 80' lang='lat'><strong>81</strong></span> <span class='ocrx_word' id='word_1_441' title='bbox 1019 4404 1049 4453; x_wconf 78' lang='lat'><strong>15</strong></span> <span class='ocrx_word' id='word_1_442' title='bbox 1067 4403 1145 4469; x_wconf 85' lang='lat' dir='ltr'><strong>idem]</strong></span> <span class='ocrx_word' id='word_1_443' title='bbox 1165 4407 1249 4456; x_wconf 84' lang='lat' dir='ltr'><strong>Andr.</strong></span> <span class='ocrx_word' id='word_1_444' title='bbox 1263 4409 1368 4470; x_wconf 68' lang='lat' dir='ltr'><strong>probb</strong></span> 
     </span>
     <span class='ocr_line' id='line_1_42' title="bbox 144 4465 1433 4535; baseline 0.007 -21"><span class='ocrx_word' id='word_1_445' title='bbox 144 4465 297 4530; x_wconf 70' lang='lat' dir='ltr'><strong>inoperans</strong></span> <span class='ocrx_word' id='word_1_446' title='bbox 316 4465 363 4514; x_wconf 81' lang='lat' dir='ltr'><strong>Am</strong></span> <span class='ocrx_word' id='word_1_447' title='bbox 379 4482 456 4531; x_wconf 86' lang='lat' dir='ltr'><strong>opera</strong></span> <span class='ocrx_word' id='word_1_448' title='bbox 475 4469 507 4516; x_wconf 89' lang='lat' dir='ltr'><em>M</em></span> <span class='ocrx_word' id='word_1_449' title='bbox 591 4471 622 4519; x_wconf 77' lang='lat'><strong>21</strong></span> <span class='ocrx_word' id='word_1_450' title='bbox 643 4473 727 4535; x_wconf 88' lang='lat' dir='ltr'><strong>potius</strong></span> <span class='ocrx_word' id='word_1_451' title='bbox 747 4472 779 4520; x_wconf 92' lang='lat' dir='ltr'><em>M</em></span> <span class='ocrx_word' id='word_1_452' title='bbox 800 4473 908 4535; x_wconf 78' lang='lat' dir='ltr'><strong>position</strong></span> <span class='ocrx_word' id='word_1_453' title='bbox 926 4474 951 4520; x_wconf 88' lang='lat' dir='ltr'><em>A</em></span> <span class='ocrx_word' id='word_1_454' title='bbox 1040 4475 1074 4523; x_wconf 81' lang='lat'><strong>24</strong></span> <span class='ocrx_word' id='word_1_455' title='bbox 1090 4471 1131 4521; x_wconf 91' lang='lat' dir='ltr'><strong>bis</strong></span> <span class='ocrx_word' id='word_1_456' title='bbox 1150 4475 1267 4524; x_wconf 79' lang='lat' dir='ltr'><strong>orriuibus</strong></span> <span class='ocrx_word' id='word_1_457' title='bbox 1288 4476 1320 4524; x_wconf 92' lang='lat' dir='ltr'><em>M</em></span> <span class='ocrx_word' id='word_1_458' title='bbox 1402 4474 1433 4524; x_wconf 74' lang='grc'><strong>25</strong></span> 
     </span>
     <span class='ocr_line' id='line_1_43' title="bbox 141 4535 1432 4598; baseline 0.006 -16"><span class='ocrx_word' id='word_1_459' title='bbox 141 4543 299 4598; x_wconf 82' lang='lat' dir='ltr'><strong>contemptus</strong></span> <span class='ocrx_word' id='word_1_460' title='bbox 320 4535 354 4582; x_wconf 90' lang='lat' dir='ltr'><em>M</em></span> <span class='ocrx_word' id='word_1_461' title='bbox 438 4536 472 4586; x_wconf 78' lang='lat'><strong>26</strong></span> <span class='ocrx_word' id='word_1_462' title='bbox 490 4537 627 4587; x_wconf 88' lang='lat' dir='ltr'><strong>studiosior</strong></span> <span class='ocrx_word' id='word_1_463' title='bbox 645 4554 661 4594; x_wconf 88' lang='grc' dir='ltr'><strong>ς</strong></span> <span class='ocrx_word' id='word_1_464' title='bbox 680 4540 777 4589; x_wconf 81' lang='lat' dir='ltr'><strong>surdior</strong></span> <span class='ocrx_word' id='word_1_465' title='bbox 797 4541 822 4587; x_wconf 89' lang='lat' dir='ltr'><em>A</em></span> <span class='ocrx_word' id='word_1_466' title='bbox 841 4538 944 4588; x_wconf 84' lang='lat' dir='ltr'><strong>studeor</strong></span> <span class='ocrx_word' id='word_1_467' title='bbox 964 4542 995 4591; x_wconf 90' lang='lat' dir='ltr'><em>M</em></span> <span class='ocrx_word' id='word_1_468' title='bbox 1079 4541 1112 4589; x_wconf 82' lang='lat'><strong>27</strong></span> <span class='ocrx_word' id='word_1_469' title='bbox 1131 4541 1228 4591; x_wconf 78' lang='lat' dir='ltr'><strong>naluute</strong></span> <span class='ocrx_word' id='word_1_470' title='bbox 1249 4544 1280 4592; x_wconf 88' lang='lat' dir='ltr'><em>M</em></span> <span class='ocrx_word' id='word_1_471' title='bbox 1297 4546 1393 4594; x_wconf 79' lang='lat' dir='ltr'><strong>naunlto</strong></span> <span class='ocrx_word' id='word_1_472' title='bbox 1411 4542 1432 4590; x_wconf 87' lang='lat' dir='ltr'><em>A</em></span> 
     </span>
     <span class='ocr_line' id='line_1_44' title="bbox 143 4603 1431 4661; baseline 0.006 -13"><span class='ocrx_word' id='word_1_473' title='bbox 143 4603 236 4650; x_wconf 89' lang='lat' dir='ltr'><strong>monito</strong></span> <span class='ocrx_word' id='word_1_474' title='bbox 258 4617 275 4656; x_wconf 87' lang='grc' dir='ltr'>ς</span> <span class='ocrx_word' id='word_1_475' title='bbox 302 4604 423 4652; x_wconf 89' lang='lat' dir='ltr'><strong>monitore</strong></span> <span class='ocrx_word' id='word_1_476' title='bbox 443 4605 577 4655; x_wconf 78' lang='lat' dir='ltr'><strong>Orreseva&#39;ua</strong></span> <span class='ocrx_word' id='word_1_477' title='bbox 663 4607 697 4657; x_wconf 78' lang='lat'><strong>32</strong></span> <span class='ocrx_word' id='word_1_478' title='bbox 724 4608 810 4657; x_wconf 85' lang='lat' dir='ltr'><strong>cbrlau</strong></span> <span class='ocrx_word' id='word_1_479' title='bbox 833 4608 895 4656; x_wconf 90' lang='lat' dir='ltr'><strong>eebo</strong></span> <span class='ocrx_word' id='word_1_480' title='bbox 920 4607 1003 4657; x_wconf 85' lang='lat' dir='ltr'><strong>icbom</strong></span> <span class='ocrx_word' id='word_1_481' title='bbox 1026 4624 1072 4657; x_wconf 93' lang='lat' dir='ltr'><strong>uos</strong></span> <span class='ocrx_word' id='word_1_482' title='bbox 1098 4625 1148 4657; x_wconf 90' lang='lat' dir='ltr'><strong>nou</strong></span> <span class='ocrx_word' id='word_1_483' title='bbox 1167 4612 1192 4658; x_wconf 91' lang='lat' dir='ltr'><em>A</em></span> <span class='ocrx_word' id='word_1_484' title='bbox 1216 4611 1301 4660; x_wconf 85' lang='lat' dir='ltr'><strong>charia</strong></span> <span class='ocrx_word' id='word_1_485' title='bbox 1324 4627 1369 4661; x_wconf 80' lang='lat' dir='ltr'><strong>uec</strong></span> <span class='ocrx_word' id='word_1_486' title='bbox 1388 4611 1431 4660; x_wconf 82' lang='lat' dir='ltr'><strong>boe</strong></span> 
     </span>
    </p>
   </div>
   <div class='ocr_carea' id='block_1_7' title="bbox 142 4667 1430 4788">
    <p class='ocr_par' dir='ltr' id='par_1_7' title="bbox 142 4667 1430 4788">
     <span class='ocr_line' id='line_1_45' title="bbox 143 4667 1430 4744; baseline 0.009 -30"><span class='ocrx_word' id='word_1_487' title='bbox 143 4667 244 4718; x_wconf 73' lang='lat' dir='ltr'><strong>aleariae</strong></span> <span class='ocrx_word' id='word_1_488' title='bbox 262 4669 347 4727; x_wconf 73' lang='lat' dir='ltr'><strong>lebam</strong></span> <span class='ocrx_word' id='word_1_489' title='bbox 367 4685 416 4719; x_wconf 90' lang='lat' dir='ltr'><strong>non</strong></span> <span class='ocrx_word' id='word_1_490' title='bbox 436 4671 469 4720; x_wconf 91' lang='lat' dir='ltr'><em>M</em></span> <span class='ocrx_word' id='word_1_491' title='bbox 547 4672 581 4722; x_wconf 74' lang='grc'><strong>34</strong></span> <span class='ocrx_word' id='word_1_492' title='bbox 597 4674 698 4724; x_wconf 82' lang='lat' dir='ltr'><strong>ebriens</strong></span> <span class='ocrx_word' id='word_1_493' title='bbox 716 4674 806 4724; x_wconf 80' lang='lat' dir='ltr'><strong>necliio</strong></span> <span class='ocrx_word' id='word_1_494' title='bbox 824 4686 896 4740; x_wconf 85' lang='lat' dir='ltr'><strong>pater</strong></span> <span class='ocrx_word' id='word_1_495' title='bbox 914 4677 939 4723; x_wconf 89' lang='lat' dir='ltr'><em>A</em></span> <span class='ocrx_word' id='word_1_496' title='bbox 957 4675 1083 4725; x_wconf 82' lang='lat' dir='ltr'><strong>eborinus.</strong></span> <span class='ocrx_word' id='word_1_497' title='bbox 1104 4678 1200 4740; x_wconf 71' lang='lat' dir='ltr'><strong>yecbyo</strong></span> <span class='ocrx_word' id='word_1_498' title='bbox 1218 4680 1273 4744; x_wconf 86' lang='lat' dir='ltr'><strong>pat&#39;</strong></span> <span class='ocrx_word' id='word_1_499' title='bbox 1289 4680 1321 4728; x_wconf 88' lang='lat' dir='ltr'><em>M</em></span> <span class='ocrx_word' id='word_1_500' title='bbox 1400 4677 1430 4727; x_wconf 83' lang='grc'><strong>37</strong></span> 
     </span>
     <span class='ocr_line' id='line_1_46' title="bbox 142 4737 807 4788; baseline 0.012 -5"><span class='ocrx_word' id='word_1_501' title='bbox 142 4737 233 4786; x_wconf 84' lang='lat' dir='ltr'><strong>utlmor</strong></span> <span class='ocrx_word' id='word_1_502' title='bbox 251 4752 281 4785; x_wconf 86' lang='lat' dir='ltr'><strong>eo</strong></span> <span class='ocrx_word' id='word_1_503' title='bbox 301 4737 333 4785; x_wconf 91' lang='lat' dir='ltr'><em>M</em></span> <span class='ocrx_word' id='word_1_504' title='bbox 349 4739 442 4787; x_wconf 86' lang='lat' dir='ltr'><strong>utlmur</strong></span> <span class='ocrx_word' id='word_1_505' title='bbox 460 4754 517 4788; x_wconf 89' lang='lat' dir='ltr'><strong>eum</strong></span> <span class='ocrx_word' id='word_1_506' title='bbox 537 4743 560 4788; x_wconf 92' lang='lat' dir='ltr'><em>A</em></span> <span class='ocrx_word' id='word_1_507' title='bbox 789 4757 807 4765; x_wconf 91' lang='lat'><strong>··</strong></span> 
     </span>
    </p>
   </div>
   <div class='ocr_carea' id='block_1_8' title="bbox 0 0 1570 5356">
    <p class='ocr_par' dir='ltr' id='par_1_8' title="bbox 0 0 1570 5356">
     <span class='ocr_line' id='line_1_47' title="bbox 0 0 1570 5356; baseline 0 0"><span class='ocrx_word' id='word_1_508' title='bbox 0 0 1570 5356; x_wconf 95' lang='lat' dir='ltr'><strong> </strong></span> 
     </span>
    </p>
   </div>
  </div>
 </body>
</html>
