3114 5356
539 298 620 358 ΛΒΤ.
645 297 785 359 amun.
812 297 883 358 blB.
909 300 921 359 l
1314 297 1375 361 327

824 430 826 435 ·
1167 426 1188 466 p.
1203 412 1249 455 314.
1264 413 1288 453 15
1301 413 1326 455 l’.

161 483 321 545 Nominum
347 501 454 560 genera
483 502 605 545 numero
635 503 723 563 saepe
758 482 864 563 plurali
894 491 1044 544 mutantur
1072 491 1102 544 et
1131 492 1200 545 sunt
1233 485 1375 547 anomala.

70 584 242 646 masculina
261 584 293 645 in
317 592 470 659 neutrum,
499 595 530 646 ut
551 584 599 645 hic
622 583 733 646 iniibus
755 584 905 645 Maenalus
927 592 1053 646 tartarus
1082 582 1166 646 locus
1194 584 1293 659 iocus,
1323 586 1376 647 sed

72 688 152 749 haec
174 685 270 767 intiba
298 692 406 746 tartara
433 684 563 747 Maenala
591 686 740 747 dumtaxat
760 694 875 748 neutro.
919 705 988 746 nam
1015 685 1088 745 baec
1116 685 1181 746 loca
1206 685 1237 746 bi
1264 686 1321 747 loci
1348 695 1379 747 ot

74 790 152 849 haec
177 767 242 846 ioca
270 786 301 846 hi
328 785 383 846 ioci
411 785 567 866 dupliciter
594 786 786 848 declinantur.
831 787 969 848 leminina
997 785 1028 845 in
1055 792 1209 860 neutrum,
1243 793 1277 846 ut
1303 787 1377 848 baec

46 887 240 965 :Pergamus
261 886 419 964 Pergama,
449 896 553 951 neuim
575 888 604 947 in
626 887 835 962 masculinum,
863 896 895 949 ut
916 887 973 947 boc
994 903 1115 965 porrum
1136 885 1248 946 caelum
1269 886 1381 963 lorum,
1413 939 1421 955 ,

76 989 108 1048 hi
138 988 218 1069 porri
247 987 320 1048 caeli
348 987 418 1062 lori:
448 989 501 1049 sed
522 989 596 1050 baec
613 990 676 1049 lora
699 989 805 1050 melius
826 988 1018 1050 declinantur.
1064 985 1133 1047 item
1153 995 1258 1048 neutra
1281 989 1312 1049 in
1334 992 1377 1050 le·

77 1088 239 1162 ndninum,
272 1096 306 1148 nt
327 1088 384 1148 hoc
405 1087 542 1151 balneum
567 1089 686 1169 epulum
708 1108 817 1170 caepe,
847 1088 969 1150 balneae
997 1087 1102 1168 epulae
1130 1105 1235 1168 cepae;
1268 1092 1319 1152 sed
1348 1101 1378 1153 et

79 1189 154 1249 haec
181 1187 286 1250 balnea
313 1190 374 1250 sive
402 1188 517 1251 balinea
547 1189 697 1270 pluraliter
724 1209 778 1271 per
804 1189 938 1251 ordinem
960 1188 1152 1251 declinantur.
1197 1209 1287 1270 caepe
1310 1212 1376 1256 vero

13 1370 20 1375 ἱ
79 1289 268 1368 singulariter
289 1298 410 1370 aptoton
439 1309 547 1351 nomen
566 1299 612 1353 est
634 1291 750 1369 generis
774 1290 885 1363 neutri,
913 1296 946 1349 ut
967 1289 1059 1350 Caere
1078 1288 1250 1365 Praeneste,
1278 1294 1378 1373 plura·

40 1408 66 1449 so
80 1391 150 1452 liter
170 1410 279 1470 genere
303 1392 445 1453 feminino
467 1392 581 1453 sublata
600 1392 698 1471 priore
718 1392 901 1471 diphthongo
924 1388 1002 1461 velut
1022 1389 1122 1451 Musae
1143 1390 1262 1453 Medeae
1287 1393 1378 1456 decli-

78 1493 208 1555 nabitur.
253 1493 396 1570 quaedam
424 1493 528 1554 incerti
555 1503 625 1554 sunt
651 1493 891 1573 generis,·inter
918 1490 1113 1552 masculimnn
1140 1501 1170 1552 et
1195 1494 1376 1572 femininum,

79 1603 113 1656 nt
133 1601 235 1654 cortex
255 1594 322 1655 bnis
345 1594 417 1656 silex
438 1596 528 1675 stirps
555 1595 642 1674 pinus
662 1594 819 1674 pampinus
840 1595 903 1655 dies
926 1593 1021 1666 radix,
1042 1587 1120 1654 ible'r
1140 1596 1332 1660 masculinum
1350 1607 1379 1660 et

78 1703 235 1768 neutrum,
264 1703 297 1756 ut
323 1695 435 1775 clipeus
463 1695 565 1774 vulgus
593 1715 702 1775 specus
724 1695 767 1758 sal
790 1698 921 1769 lrenum,
949 1695 1027 1757 inter
1053 1697 1226 1774 femininum
1245 1700 1283 1761 'et
1306 1720 1379 1763 nen-

79 1805 177 1869 trum,
200 1801 233 1855 ut
253 1814 346 1875 pecus
367 1797 464 1859 buxus
489 1797 571 1877 pirus
592 1816 706 1877 prunus
728 1796 840 1870 malus;
869 1794 922 1855 sed
944 1803 1048 1856 neutro
1067 1797 1209 1872 lrnctum,
1238 1801 1378 1865 feminino

43 1918 68 1957 rs
81 1914 172 1978 saepe
193 1896 274 1976 ipsas
297 1898 419 1960 arbores
438 1899 572 1960 dicimus.
820 1901 825 1910 '

167 1998 244 2059 Sunt
265 2000 407 2076 quaedam
429 1999 548 2061 nomina
567 2016 640 2076 qnae
661 1995 848 2074 singulariter
868 2004 981 2057 tantum
1003 1997 1179 2073 ellemntur,
1208 2010 1277 2061 sunt
1303 2020 1377 2080 quae
1432 2055 1434 2058 Α

81 2098 243 2178 pluraliter.
288 2100 361 2161 baec
388 2119 481 2180 paene
510 2099 620 2160 maiore
646 2117 680 2158 ex
711 2107 793 2176 parte
812 2095 932 2157 collecta
952 2116 1007 2157 suo
1030 2114 1146 2174 quoque
1171 2098 1274 2161 ordine
1296 2102 1377 2162 subi-

82 2201 204 2262 ciemus.
243 2201 403 2262 mascubna
425 2219 542 2280 semper
556 2199 729 2277 singularia,
752 2205 784 2258 ut
799 2198 847 2261 bic
862 2197 982 2275 genius,
999 2196 1112 2276 pulvis,
1130 2199 1264 2277 sanguis,
1280 2204 1377 2279 bmus,

82 2301 185 2378 limus,
213 2321 336 2381 muscus
357 2302 451 2364 herba
470 2320 545 2380 quae
566 2301 596 2360 in
621 2299 781 2379 parietibus
805 2298 849 2360 vel
870 2299 901 2359 in
921 2296 1079 2358 corticibus
1100 2297 1239 2360 arborum
1265 2302 1375 2368 haeret

45 2403 153 2466 mitem
175 2403 315 2465 leminina
341 2389 459 2483 semper
480 2401 652 2480 singularia,
681 2401 754 2462 haec
775 2399 823 2462 lux
846 2417 903 2479 pax
924 2398 1009 2477 culpa
1028 2397 1104 2477 galla
1132 2398 1298 2477 eloquentia
1319 2403 1380 2464 ele-

81 2503 181 2581 gantia
201 2502 284 2564 labes
307 2504 448 2565 memoria
472 2495 608 2583 prosapia
632 2501 729 2563 rabies
755 2501 854 2563 sanies
875 2498 1008 2561 socordia
1029 2498 1170 2578 supellex.
1214 2501 1284 2562 item
1306 2523 1378 2566 neu·

82 2604 168 2666 tralia
189 2621 307 2683 semper
327 2604 501 2683 singularia,
523 2615 556 2665 ut
574 2605 632 2665 hoc
653 2602 748 2676 virus,
769 2621 841 2681 pus,
869 2601 1036 2674 baratrum,
1057 2599 1142 2662 locus
1158 2602 1237 2680 apud
1256 2603 1377 2682 interm,

82 2704 203 2784 proprie
224 2713 320 2766 autem
343 2705 421 2784 apud
441 2705 650 2778 Athenienses,
671 2703 701 2763 in
724 2720 811 2780 quem
831 2701 910 2763 noxii
927 2701 1210 2782 praecipitabantur:
1238 2705 1296 2768 boc
1319 2708 1379 2770 cal·

83 2804 161 2880 lum,
177 2806 327 2880 caenum,
356 2824 490 2880 crocum,
516 2804 682 2883 ingenium,
710 2802 799 2877 allec,
825 2801 987 2875 iustitium,
1008 2802 1100 2864 rudus
1119 2804 1251 2882 ruderis,
1273 2809 1377 2889 sinapi,

48 2924 70 2964 a
84 2907 166 2968 siler.
209 2906 370 2970 masculina
392 2925 511 2986 semper
529 2905 667 2986 pluraha,
695 2905 849 2979 hiantes,
877 2922 1027 2978 carceres,
1056 2905 1137 2981 cani,
1163 2926 1281 2983 casses,
1308 2928 1378 2972 can·

84 3007 168 3081 celli,
199 3007 257 3068 loci
280 3025 333 3088 pro
353 3006 473 3068 sedibus
496 3016 525 3069 et
545 3006 717 3087 penatibus,
739 3005 770 3067 bi
792 3006 938 3081 imbues,
966 3006 1022 3067 lori
1043 3006 1108 3067 loca
1126 3009 1377 3088 spectaculorum
1460 3056 1467 3068 .

83 3107 156 3167 item
177 3106 233 3168 lori
255 3116 326 3169 sunt
350 3109 380 3169 in
401 3109 538 3182 navibus,
560 3127 619 3187 quo
640 3114 747 3169 haume
767 3107 904 3168 sedentes
928 3108 1087 3187 remigant:
1118 3110 1209 3185 freni:
1239 3119 1269 3172 et
1294 3113 1377 3175 bena

83 3207 224 3269 dicimus:
246 3209 348 3283 inlesi,
372 3209 488 3285 lendes,
510 3209 610 3286 liberi,
631 3209 726 3285 lares3
749 3215 779 3268 et
796 3204 905 3288 lallrem
927 3206 1066 3286 legimrrs:
1088 3208 1165 3284 ludi,
1186 3210 1292 3287 locub,
1315 3232 1378 3276 ma-

84 3328 155 3384 nes,
176 3328 290 3383 mores,
310 3310 451 3386 maiores,
473 3310 585 3372 natales
607 3310 723 3391 generis
745 3307 898 3383 nobilitas,
919 3308 1089 3387 optimates,
1112 3310 1286 3389 pugillares,
1316 3317 1377 3395 pri·

47 3431 71 3472 a
83 3429 199 3484 mores,
228 3429 383 3490 proceres,
410 3411 536 3491 posteri,
563 3421 702 3492 penates,
733 3409 878 3485 Quiritem
904 3408 958 3471 sed
977 3408 1100 3470 Flaccus
1119 3408 1151 3470 in
1172 3419 1271 3475 satura
1289 3415 1378 3486 Qui·

84 3512 196 3571 ritem
222 3510 309 3571 dixit:
341 3510 552 3589 Quinquatres,
582 3520 696 3586 sentes,
725 3511 868 3584 lemures,
898 3509 991 3583 sales,
1018 3528 1085 3571 cum
1111 3509 1260 3590 religionis
1287 3533 1377 3578 causa

84 3611 211 3671 dicimus
229 3630 283 3690 per
303 3612 359 3673 hos
382 3611 475 3688 sales:
503 3614 581 3676 sales
599 3621 697 3675 autem
720 3621 750 3674 et
775 3611 831 3675 ioci
851 3613 1001 3673 dicuntur:
1026 3611 1057 3671 hi
1081 3629 1194 3690 vepres
1238 3615 1378 3678 lemiuina

84 3729 204 3789 semper
224 3710 363 3790 pluralia,
382 3715 438 3775 hae
456 3733 524 3776 arae
546 3733 600 3794 pro
620 3714 793 3795 penatibus,
815 3714 871 3775 hae
889 3712 994 3789 aedes:
1016 3713 1068 3773 sed
1091 3712 1171 3774 aedis
1191 3713 1378 3793 singulariter

83 3813 109 3872 si
133 3811 258 3884 dixeris,
280 3813 420 3894 templum
440 3815 603 3893 significas:
620 3814 793 3887 blanditiae,
812 3814 912 3893 bigae,
934 3813 1107 3892 quadrigae,
1129 3813 1378 3894 conpedes„cae-

44 3933 69 3969 a:
84 3911 243 3986 rimoniae,
266 3930 374 3987 cunae,
398 3925 510 3989 crates,
531 3914 661 3989 divitiae,
684 3915 808 3990 dilitiae,
838 3914 994 3993 exequiae,
1017 3913 1171 3989 excubiae,
1193 3915 1309 3994 fruges,
1333 3916 1378 3976 io-

157 4086 318 4137 lMominum
327 4089 461 4140 Perseidos
470 4088 601 4140 bominum
610 4090 696 4140 ΑΒΜ
700 4088 816 4146 homme
877 4088 1106 4140 ildecllnaturAB
1163 4087 1196 4139 12
1205 4088 1328 4139 cortixM

86 4157 119 4208 13
131 4170 223 4220 specus
238 4156 299 4208 ΒΜ
310 4172 388 4223 pecus
405 4159 430 4206 Α
442 4172 553 4224 pennas
621 4157 722 4208 frenum
738 4158 866 4208 inirenum
881 4159 946 4208 inter
964 4156 999 4206 M
1017 4157 1117 4207 irenam
1135 4155 1263 4209 tuomum
1282 4157 1341 4206 item
1352 4155 1378 4205 B

157 4222 189 4273 lo
208 4223 272 4274 Sunt
289 4253 324 4262 —
341 4225 401 4285 328,
421 4225 454 4276 23
475 4235 585 4276 mustum
604 4226 701 4279 Choria.
717 4243 745 4291 p.
768 4226 800 4277 ltt
814 4242 870 4291 sqq.
889 4242 946 4278 eae.
964 4226 1030 4277 Bab.
1046 4225 1184 4291 puoqq.
1256 4225 1288 4274 17
1307 4224 1377 4274 subi-

85 4295 183 4343 ciamus
202 4294 332 4365 Cpariciaa
351 4294 504 4345 subiecimus
522 4295 608 4345 ΑΒΜ
673 4295 708 4346 20
726 4292 798 4358 baec]
818 4303 847 4343 ut
861 4296 887 4345 B
955 4294 1030 4358 culpe
1047 4293 1099 4344 ΑΒ
1115 4293 1197 4344 lamas
1214 4297 1241 4345 ia
1258 4296 1334 4345 Mmro
1346 4292 1378 4341 M

154 4361 278 4427 eligantia
297 4363 330 4413 M
397 4362 429 4412 21
448 4364 519 4414 labes
537 4364 666 4415 Charisius
685 4364 749 4428 lapis
767 4363 853 4414 ΑΒΜ
925 4362 1058 4427 suppellex
1073 4362 1159 4412 ΑΒΜ
1230 4359 1264 4412 33
1280 4361 1378 4425 praecl-

86 4432 198 4496 pilantur
212 4431 238 4480 B
305 4431 396 4481 callum
413 4433 440 4482 B
457 4433 553 4497 gallum
568 4432 602 4482 M
615 4431 692 4481 allum
709 4434 734 4482 A
802 4433 837 4481 :4
854 4431 934 4496 siaapi
946 4429 1005 4481 ΑΜ
1022 4431 1112 4496 sinape
1130 4430 1156 4479 Β
1222 4430 1257 4480 23
1274 4429 1341 4479 silex
1352 4429 1379 4479 Α

154 4498 190 4549 26
207 4501 428 4563 expectaculorum
445 4502 471 4550 B
539 4500 573 4552 28
593 4501 673 4549 lentes
693 4501 727 4551 M
792 4500 827 4552 29
844 4507 987 4566 optumates
1000 4498 1060 4549 ΑΜ
1125 4497 1160 4548 30
1172 4495 1287 4562 Flaccus]
1300 4500 1377 4548 Pera.

83 4567 109 4626 b,
129 4567 163 4617 'lli
182 4568 274 4631 quibus
291 4583 343 4617 nna
360 4568 482 4627 Quiritem
500 4569 605 4635 vertigo
623 4568 684 4618 lacit
763 4568 794 4620 31
817 4569 987 4631 Quinquatree
1003 4576 1088 4618 sentes
1107 4567 1235 4619 Charisius
1252 4566 1377 4629 quinqua·

84 4636 141 4683 dria
159 4644 265 4700 egentes
284 4637 309 4685 Α
327 4637 511 4700 quinquadriae
530 4646 621 4703 gentes
639 4637 670 4687 M
688 4636 891 4702 quinquadrigae
909 4645 999 4701 gentes
1015 4635 1042 4684 B
1114 4633 1149 4687 33
1166 4635 1299 4700 panemos
1316 4633 1378 4684 bae·

83 4704 131 4752 des
148 4705 195 4752 sed
213 4703 302 4754 haedis
316 4705 402 4755 ΑΒΜ
482 4706 516 4756 34
534 4707 593 4772 biga
613 4704 734 4769 conpedis
752 4705 893 4770 quadrigae
910 4704 1078 4753 caerimoniae
1095 4703 1129 4753 M
1147 4703 1225 4768 bigae
1243 4717 1272 4754 co
1349 4717 1378 4754 es

82 4771 225 4834 quadrigae
244 4774 418 4822 caeremoniae
435 4775 461 4822 B
479 4773 553 4840 bigae
571 4787 627 4821 eum
645 4772 724 4839 pedes
736 4772 861 4836 quadriga
879 4768 1103 4836 oerimogenlaeei
1184 4769 1218 4822 aa
1234 4770 1294 4821 dille
1304 4784 1335 4820 ae
1354 4770 1378 4820 Α
