3114 5356
616 267 697 327 aar.
722 265 862 328 omna.
883 266 1009 328 mnu
1216 221 1217 224 Ὺ
1400 273 1462 334 ias

1267 415 1273 427 .
1326 414 1332 426 .
1359 388 1373 424 a
1403 418 1409 430 .

162 461 240 514 latur
255 448 423 534 lluuidquid
446 451 631 530 simplicitate
653 451 761 512 rustica
785 459 865 512 caret
893 461 922 512 et
950 455 1043 514 laceta
1072 454 1142 514 satis
1166 386 1329 516 urbanitsiiti
1346 387 1461 537 515011-

162 563 225 615 ιιιιιι
258 562 318 627 est,
351 553 465 633 species
487 552 647 630 allegoriae
675 570 742 613 cunr
769 551 933 614 urbanitate
957 553 1124 633 multiplex,
1157 566 1189 616 ιιι
1215 562 1261 617 est
1285 557 1362 636 apud
1391 561 1460 618 Ver-

162 643 265 734 gilium

330 737 391 815 qui
413 736 566 797 liavium
587 755 658 796 nou
681 735 760 798 odit
781 745 876 799 amet
897 746 959 799 tua
981 742 1165 812 carmina,
1186 739 1315 815 blaesi,

136 859 149 897 s
327 846 437 915 atque
458 837 554 896 idem
574 836 704 915 iungat
725 838 858 918 vulpes
880 847 915 899 et
937 839 1102 917 mulgeat
1123 840 1268 917 hircos;

161 943 232 1003 item
252 948 283 1000 ut
305 937 528 1018 ‘Philippus
551 955 629 997 cum
658 937 771 998 vellet
799 939 934 1002 Persas
962 942 997 1001 in
1026 959 1127 1001 suam
1150 948 1378 1020 potestatem
1400 964 1460 1005 re·
1545 968 1548 975 ·

162 1042 292 1120 digere
321 1047 357 1099 et
387 1038 425 1098 in
453 1038 523 1098 hoc
556 1039 763 1098 exercitum
796 1040 985 1116 misisset,
1015 1041 1175 1121 scripsit
1203 1042 1346 1104 milites
1375 1064 1392 1104 a
1420 1066 1459 1106 se

160 1143 316 1215 missos,
347 1139 443 1228 quod
472 1140 715 1218 conperisset
741 1158 804 1201 eos
833 1142 1022 1204 seditione
1049 1142 1190 1216 vexari,
1218 1151 1254 1203 et
1278 1143 1460 1207 bonorum

163 1261 248 1303 esse
268 1242 304 1302 in
327 1240 392 1302 tali
416 1240 836 1320 tomporesubvenire’.

124 1368 148 1407 m
248 1341 297 1402 De
317 1341 484 1403 homoeosi.
529 1340 704 1403 llomoeosis
726 1349 771 1402 est
792 1342 890 1403 minus
912 1345 1058 1405 uoueret
1082 1362 1136 1422 per
1157 1344 1376 1407 similitudinem
1397 1348 1460 1409 eius

161 1446 204 1505 roi
225 1462 300 1523 quae
320 1440 414 1522 magis
436 1449 505 1502 nota
528 1448 574 1502 est
596 1442 805 1504 demonstratio
827 1449 858 1503 et
877 1443 995 1521 ignotae
1019 1444 1061 1505 rei
1082 1463 1136 1523 per
1160 1443 1378 1508 similitudinem
1398 1449 1461 1508 eius

162 1564 239 1626 quae
262 1542 356 1622 magis
381 1550 451 1602 nota
479 1550 524 1602 est
552 1542 719 1623 descriptio.
765 1543 851 1605 huius
876 1543 991 1624 species
1020 1553 1089 1606 sunt
1116 1553 1176 1607 tres
1203 1547 1274 1620 hae,
1305 1547 1372 1608 icon
1402 1549 1462 1609 sive

162 1644 423 1716 characterismos,
454 1642 607 1722 parabole,
638 1644 814 1723 paradigma.
859 1645 926 1705 icon
954 1653 1000 1707 est
1026 1635 1184 1728 descriptio
1206 1649 1318 1726 figurae
1339 1649 1462 1710 alicuius

162 1765 303 1826 expressa
326 1744 585 1824 relpersonamm
607 1745 684 1806 inter
706 1766 738 1807 se
760 1764 898 1807 eommve
926 1765 1000 1825 quae
1024 1735 1160 1828 personis
1187 1746 1324 1810 accidunt
1353 1768 1461 1828 conpa-

122 1849 255 1919 rsratio,
279 1855 310 1907 ut

329 1967 370 2008 os
396 1964 620 2024 numerosque
642 1945 710 2005 deo
732 1945 874 2007 similis

161 2044 192 2095 el
329 2114 452 2175 omnia
474 2113 660 2174 Mercurio
680 2114 838 2187 similis,

117 2211 232 2349 ιιιΙῑθΙΙΙΙ
330 2270 421 2343 talis
439 2280 815 2361 Amyclaei-domitus
836 2280 1005 2342 Pollucis
1027 2281 1184 2345 habenis

329 2384 350 2443 C
381 2384 511 2445 llarus

160 2487 210 2547 hic
236 2485 313 2545 enim
341 2403 434 2563 eluas
457 2502 534 2563 equo
560 2492 745 2565 conparatur.
795 2483 934 2565 parabole
961 2493 1007 2545 est
1032 2504 1130 2547 rerum
1157 2496 1208 2548 aut
1236 2487 1461 2549 administratio

159 2606 232 2648 num
262 2604 369 2663 genere
401 2585 585 2648 dissimilium
615 2585 792 2665 conparatio.
847 2588 879 2646 llt
916 2594 1013 2647 autem
1051 2586 1145 2649 modis
1179 2595 1262 2651 octo:
1295 2607 1349 2668 per
1378 2588 1462 2649 habi·

162 2697 243 2759 tum,
266 2694 298 2746 ut

118 2826 147 2864 25
319 2785 452 2866 'spatulis
473 2788 507 2849 in
529 2788 693 2863 Eurotae
715 2787 810 2866 ripis
831 2806 857 2847 a.
878 2805 911 2867 p.
934 2787 1010 2850 i.‚C.
1034 2806 1060 2848 e.
1084 2788 1118 2848 li.
1144 2808 1169 2848 c.

163 2898 194 2950 et
216 2898 330 2963 cetera;
356 2908 409 2969 per
426 2889 671 2966 magnitudinem,
692 2897 724 2949 ut

331 3009 395 3050 ceu
418 2989 487 3049 duo
509 2988 722 3070 nubigenae
744 3011 822 3053 cum
844 2991 989 3052 vertice
1011 2991 1152 3052 montis
1175 3009 1205 3050 u.
1230 3008 1260 3050 a.
1285 2990 1312 3050 d.
1335 2991 1366 3052 C.

162 3113 218 3174 per
237 3092 382 3161 colorem,
405 3099 438 3149 ut

330 3191 459 3252 indum
481 3191 693 3270 sanguineo
716 3192 835 3255 veluti
858 3192 1065 3254 violaverit
1088 3199 1193 3251 ostro

122 3322 149 3361 m
331 3292 452 3370 siquis
473 3291 579 3366 ebur;

163 3414 348 3477 perronem,
371 3400 405 3454 ut

331 3498 519 3557 clamores
541 3495 650 3556 simul
674 3495 889 3557 horrendos
909 3494 951 3555 ad
973 3503 1039 3554 st.
1121 3486 1124 3491 ’

332 3595 459 3676 qualis
481 3597 645 3675 mugitus
665 3595 691 3674 f.
716 3615 740 3658 c.
764 3614 790 3655 s.
813 3615 839 3657 a.
864 3603 883 3656 t

234 3787 247 3836 l
268 3787 391 3849 quidquid
411 3789 525 3838 Donatus
543 3787 602 3849 quio
622 3787 705 3849 siquid
724 3783 809 3834 ΑΒΜ
896 3782 978 3833 faceta
996 3785 1059 3834 satis
1078 3783 1202 3834 rbanitatc
1223 3786 1364 3851 expolitum
1382 3796 1421 3835 est
1442 3786 1466 3834 B

162 3857 230 3907 iacet
246 3867 288 3904 aut
308 3855 370 3904 satis
389 3858 581 3921 supernarritate
599 3855 739 3920 expolitum
759 3864 784 3903 et
801 3854 862 3904 AM
928 3854 945 3901 2
963 3853 1032 3919 apud
1050 3852 1202 3918 Vergilium}
1221 3855 1302 3905 bucol.
1321 3855 1347 3916 3,
1365 3855 1400 3906 90

161 3928 248 3989 dqna
266 3926 370 3973 bauium
390 3926 413 3973 A
433 3926 494 3987 qnia
511 3926 598 3974 arrium
616 3923 675 3972 ΒΜ
741 3923 860 3988 badque
878 3922 904 3972 B
921 3922 1020 3986 adquae
1039 3923 1063 3971 A
1133 3920 1314 3988 tiPhilippus]
1335 3925 1460 3976 nomin.

161 3997 273 4058 Philipp.
295 3994 328 4043 ill
345 4011 371 4057 p.
396 3995 443 4044 114
497 3995 582 4043 ‘uellit
601 3992 653 4041 AB
721 3991 829 4057 Persas}
854 3991 937 4042 Oritas
957 3992 1087 4042 Charisius
1166 3991 1198 4039 19
1215 3991 1251 4040 Do
1268 3992 1399 4043 homoeosi
1417 4012 1463 4045 orn.

162 4063 246 4113 ΑΒΜ
319 4062 351 4111 12
367 4063 496 4127 discriptio
515 4062 539 4111 A
612 4060 644 4112 13
662 4061 794 4126 discriptio
812 4063 838 4113 B
915 4061 948 4110 14
966 4061 1089 4110 accedunt
1107 4060 1191 4110 ΑΒΜ
1273 4060 1307 4113 16
1323 4076 1353 4112 os
1370 4078 1463 4113 meros.

162 4133 227 4183 adeo
247 4131 307 4182 AM
322 4130 369 4181 hos
389 4131 546 4194 nhumerosp
564 4131 628 4180 adeo
647 4131 680 4180 Β.
714 4133 793 4196 Verg.
812 4131 877 4182 Aen.
897 4132 908 4179 l
927 4128 980 4182 589
1067 4128 1099 4178 18
1117 4129 1210 4193 omnia]
1234 4132 1313 4196 Verp.
1335 4131 1463 4182 Aemilii
1536 4134 1549 4155 ⁶

162 4201 215 4253 558
286 4201 321 4251 20
340 4201 405 4264 talis]
430 4202 614 4264 Vesppeorp.
636 4199 720 4251 11189
802 4198 955 4250 amohneclei
973 4200 999 4249 B
1017 4211 1073 4248 amo
1092 4207 1117 4247 et
1137 4199 1169 4247 lei
1188 4198 1250 4251 AM
1325 4201 1357 4249 21
1373 4201 1465 4265 sepltu-

164 4286 208 4320 rus
228 4269 314 4319 ΑΒΜ
394 4271 428 4318 22
445 4281 488 4319 ont
506 4286 552 4319 om.
571 4269 596 4318 B
678 4269 712 4319 25
731 4268 823 4334 qualis]
846 4270 925 4334 Verg.
945 4268 1013 4320 Aen.
1033 4269 1044 4316 l
1062 4266 1114 4319 198
1129 4267 1211 4330 qualis
1230 4271 1255 4319 in
1274 4269 1384 4318 Eurotae
1401 4269 1464 4334 ripis

163 4349 208 4388 aut
226 4354 272 4404 per
289 4340 351 4403 iuga
369 4337 461 4402 Cynthi
479 4339 586 4386 Exercet
599 4336 681 4386 Diana
699 4337 791 4387 choram
861 4338 949 4387 erbota
967 4338 1069 4404 eripias.
1088 4353 1113 4388 a.
1131 4353 1155 4388 c.
1173 4351 1196 4386 e.
1216 4339 1241 4389 d.
1261 4354 1282 4387 a.
1300 4348 1326 4387 et
1344 4333 1428 4386 cetera
1441 4336 1465 4385 A

164 4417 285 4457 eruotaae
308 4409 370 4473 ripis
388 4406 464 4456 accde
483 4415 508 4456 ot
526 4413 625 4455 caetera
643 4406 677 4455 M
696 4416 785 4456 ernota
802 4407 880 4472 eripis
897 4417 922 4456 et
940 4416 1025 4457 cetera
1042 4405 1068 4454 B
1156 4406 1190 4455 27
1214 4407 1277 4471 ceu]
1300 4409 1379 4472 Verp.
1401 4408 1467 4457 Aen.

164 4478 212 4527 Vll
231 4477 283 4526 uti
301 4492 347 4525 ceu
365 4477 415 4526 dno
436 4476 580 4540 nubigenae
598 4489 655 4524 cum
673 4475 767 4525 vertice
785 4476 879 4525 montis
894 4476 925 4524 ab
944 4474 994 4526 alto
1013 4475 1177 4525 Descendunt
1195 4476 1314 4527 Centauri
1397 4492 1420 4524 s.
1444 4490 1468 4524 a.

165 4564 214 4598 orn.
234 4544 319 4595 ΑΒΜ
388 4546 421 4595 29
441 4543 540 4607 indum}
563 4545 642 4608 Verp.
662 4542 725 4594 Aen.
746 4542 795 4594 Xll
815 4545 849 4594 67
925 4543 960 4594 30
977 4546 1037 4594 ebor
1055 4544 1080 4593 A
1156 4541 1188 4595 31
1211 4554 1238 4596 ut
1255 4562 1302 4598 orn.
1318 4544 1403 4595 ΑΒΜ

166 4615 200 4665 32
219 4616 343 4664 clausores
361 4616 385 4663 A
405 4614 515 4663 clamore
534 4613 560 4663 B
577 4613 712 4662 clamorem
731 4608 770 4662 Μ.
793 4615 873 4679 Verp.
892 4612 956 4664 Aen.
975 4614 997 4662 ii
1016 4612 1067 4662 222
1095 4614 1218 4666 clamores
1236 4614 1312 4665 simui
1328 4611 1470 4662 horrendos

167 4683 201 4733 sd
219 4684 304 4733 sidera
320 4685 398 4745 tollit,
423 4682 510 4742 Qualis
529 4682 657 4748 mugitus,
682 4679 750 4747 lugit
774 4698 832 4732 cunr
856 4683 958 4733 saucius
976 4695 1047 4730 aram
1066 4680 1166 4732 Taurus
1254 4680 1395 4732 horrendos
1414 4680 1474 4729 AM

167 4751 295 4801 horrendo
313 4752 339 4802 B
408 4750 442 4803 33
459 4752 573 4817 mugitus
591 4759 632 4800 cat
649 4749 735 4801 ΑΒΜ
