3114 5356
606 286 608 290 ⁴
671 317 877 379 nisurum
1394 337 1429 378 n

124 505 367 584 contineretur,
389 501 459 565 fieri
474 523 539 565 non
551 502 659 587 potuit
676 502 755 587 quin
774 510 870 565 notae
884 500 1137 587 conpendiorum
1157 502 1291 587 quaein
1313 501 1426 566 codiee

128 615 219 686 sunt,
240 603 334 690 quod
359 605 430 667 eius
452 603 523 667 fieri
545 612 672 689 posset,
701 603 971 688 exprimerentur.
1016 623 1152 688 quarum
1175 611 1324 668 notarum
1346 604 1426 691 quid

128 727 277 792 quaeque
303 704 486 789 significet,
509 705 638 767 etiamsi
657 703 833 790 quaedam,
858 714 894 767 ut
912 705 964 787 fit,
993 693 1102 767 minus
1122 713 1273 769 accurate
1296 727 1427 792 expres·

129 829 185 870 sae
211 815 305 888 sunt,
330 815 441 869 tamen
448 855 457 885 ‚
487 805 640 891 quoniam
662 805 741 867 satis
766 803 895 868 axillis
924 827 1006 891 quae
1035 804 1152 890 quovis
1180 805 1251 870 loco
1280 806 1428 870 exhibita

131 917 205 972 sunt
227 916 307 995 puto
333 904 483 989 intellegi
510 928 621 992 posse,
649 927 715 969 non
743 904 874 968 videtur
899 904 960 969 hoe
988 905 1059 970 loco
1085 905 1314 991 exponendum
1344 928 1426 971 esse.

132 1029 213 1094 quae
233 1008 379 1071 maximo
396 1008 430 1069 in
453 1006 514 1070 hoe
528 1014 648 1092 gcn'ere
667 1004 891 1070 memorabilia
906 1014 982 1068 sunt
1002 1008 1174 1092 conposuit
1189 1006 1337 1079 Pcrtzius
1360 1007 1382 1072 l.
1398 1030 1426 1071 o.

131 1132 161 1195 p.
184 1111 235 1172 72.
257 1117 447 1195 praeterea,
471 1108 584 1192 siquae
604 1109 712 1171 minus
737 1107 876 1170 certain
899 1107 1011 1170 codiee
1032 1106 1112 1170 mihi
1128 1106 1348 1194 adparabant‚
1376 1109 1426 1172 lit-

132 1214 208 1275 teris
227 1210 393 1275 inclinatis
414 1229 575 1296 expressa
596 1217 681 1299 sunt.
727 1206 839 1271 eodem
871 1206 1052 1272 litterarum
1075 1229 1196 1292 genere
1216 1207 1273 1271 uhi
1297 1211 1331 1273 in
1352 1212 1426 1297 ipsa
1462 1287 1470 1299 .

132 1312 346 1376 continuitate
368 1311 542 1376 verborum
565 1332 645 1373 usus
670 1332 756 1391 sum,
787 1329 826 1374 ea
847 1310 931 1394 quae
951 1323 1081 1396 praeter
1101 1307 1200 1373 fidem
1222 1311 1345 1375 codicis
1368 1311 1423 1375 ad·

133 1413 201 1478 dita
223 1421 302 1477 sunt
322 1413 464 1477 indicari
482 1412 581 1477 volui.
627 1433 707 1485 nam
725 1433 767 1475 ne
782 1412 898 1474 iterum
920 1411 1101 1474 molestiam
1122 1420 1271 1476 crearent
1289 1412 1426 1476 lacunae

132 1513 162 1575 in
183 1513 399 1578 adnotatione
420 1514 599 1594 indicatae,
630 1533 773 1599 eaquae
795 1511 909 1576 deesse
929 1512 1141 1594 videbantur,
1171 1514 1198 1575 si
1225 1512 1320 1577 modo
1353 1535 1426 1577 cum

131 1614 239 1701 aliqua
258 1614 491 1702 probabilitate
513 1613 656 1701 suppleri
680 1612 828 1678 deiectus
847 1623 994 1699 poterat,
1017 1615 1209 1701 interposui.
1255 1635 1339 1701 quae
1354 1616 1423 1700 qui-

132 1715 202 1779 dem
232 1715 461 1803 supplementa
491 1726 528 1780 ut
553 1738 619 1780 non
649 1724 715 1779 tarn
734 1715 829 1802 »quid
857 1716 1014 1801 seriptum
1043 1716 1142 1779 fuerit
1169 1737 1190 1778 a
1211 1717 1425 1799 grammatico

130 1839 226 1904 quarn
250 1817 331 1904 quid
354 1817 455 1903 scribi
476 1820 619 1903 potuerit
641 1817 833 1908 ostendunt,
857 1818 918 1898 ita,
941 1819 970 1882 si
994 1816 1124 1904 quando
1146 1818 1253 1880 minus
1274 1816 1426 1901 probabi·

130 1918 200 1984 liter
224 1919 314 1983 iacta
337 1927 431 1999 sunt,
452 1940 525 1981 eum
547 1918 732 2004 legentibus
755 1940 850 1981 usum
872 1916 1103 2004 praestabunt,
1126 1926 1162 1981 ut
1182 1925 1260 2002 quot
1282 1916 1353 1980 fero
1375 1916 1426 1980 lit-

130 2029 234 2103 torae,
257 2041 397 2106 quarum
418 2041 572 2084 numerus
596 2020 718 2106 ubique
740 2029 889 2084 servatus
913 2038 982 2102 est,
1003 2019 1082 2084 mihi
1097 2021 1235 2107 periisse
1253 2017 1428 2083 videantur

131 2120 218 2184 lucili
239 2123 376 2206 negotio
398 2123 626 2207 perspiciatur.
672 2122 701 2185 si
731 2121 880 2207 quando,
908 2121 942 2186 id
965 2122 1051 2207 quod
1073 2142 1146 2185 raro
1174 2119 1310 2201 accidit,
1335 2118 1426 2183 nullo

131 2221 223 2285 nodo
244 2221 462 2308 probabiliter
484 2225 611 2287 restitui
632 2222 733 2300 verba
751 2223 920 2308 scriptoris
942 2233 1109 2310 poterant,
1131 2223 1262 2310 punctis
1285 2221 1426 2307 interpo-

131 2323 197 2386 sitis
217 2344 394 2388 numerum
416 2322 597 2388 litterarum
615 2347 699 2411 quac
718 2324 957 2388 interciderunt
976 2326 1172 2410 exaequavi.

210 2424 280 2488 Sed
298 2425 333 2488 in
350 2423 533 2511 reparando
551 2426 672 2490 codicis
697 2426 816 2490 damno
836 2425 1016 2490 omittenda
1042 2447 1106 2489 non
1139 2425 1201 2487 fuit
1228 2425 1425 2511 princeps

132 2525 262 2590 editio
293 2525 438 2591 Charisii
463 2548 505 2589 ex
533 2526 594 2590 hoc
618 2533 689 2612 ipso
721 2527 834 2592 codice
861 2537 929 2590 tum
957 2548 1030 2590 cum
1058 2525 1254 2611 quibusdam
1282 2526 1317 2587 in
1344 2526 1426 2591 locis

132 2626 253 2712 plenior
276 2627 459 2714 adparebat
481 2628 644 2715 scriptura
666 2650 832 2715 expressa.
877 2628 947 2693 cius
969 2615 1140 2708 editionis,
1170 2646 1254 2712 quae
1283 2635 1333 2690 est
1361 2627 1424 2692 for·

132 2749 198 2792 mae
218 2729 388 2793 maximae
409 2729 462 2794 vel
485 2729 633 2812 infolio,
664 2730 717 2794 hie
745 2738 795 2794 est
824 2729 956 2809 titulus,
984 2727 1054 2792 ςΡΙ.
1083 2725 1243 2814 Sosipatri
1271 2728 1425 2811 Charisii,

131 2831 260 2894 natione
284 2828 462 2916 Campani,
492 2829 705 2897 Grammatici
733 2831 964 2911 uetustissimi,
988 2829 1233 2894 Institutionum
1256 2830 1425 2895 Gramma-

130 2931 264 2995 ticarum
286 2930 380 2995 Libri
398 2931 569 3018 Quinque,
591 2932 632 2996 ab
652 2932 793 2996 alano
815 2931 988 2996 Parrhasio
1010 2931 1087 2996 olim
1111 2932 1250 3014 inuenti,
1279 2954 1317 2998 ao
1339 2954 1426 2997 nunc

129 3034 267 3114 primum
291 3030 373 3097 alo.
387 3031 496 3097 Pierio
512 3034 663 3119 Cyminio
681 3033 754 3097 Iani
772 3033 936 3115 auditore,
959 3035 994 3096 in
1008 3034 1149 3118 gratiam
1167 3032 1424 3100 adulescentium

131 3132 384 3197 Cosentinorum
407 3132 511 3199 editi’.
556 3136 589 3199 in
618 3134 738 3198 scheda
767 3138 826 3200 108
848 3144 923 3198 ante
951 3134 1092 3199 indicem
1120 3156 1228 3199 rerum
1251 3144 1283 3199 et
1308 3135 1422 3202 verbo·
1494 3154 1498 3167 ·

131 3257 196 3298 rum
221 3236 257 3298 in
279 3234 345 3298 fine
361 3232 439 3297 libri
460 3237 603 3321 positum
618 3236 772 3321 leguntur
785 3237 882 3318 haec,
906 3235 1121 3322 ‘impressum
1137 3246 1188 3300 est
1205 3234 1267 3300 hoc
1283 3236 1424 3301 Charisii
1486 3244 1499 3267 '

131 3334 167 3399 de
184 3335 404 3420 grammatica
423 3357 504 3423 opus
520 3336 657 3423 Neapoli
673 3338 760 3422 apud
774 3338 930 3402 Ioannem
946 3335 1192 3402 Sulsbacchium
1207 3337 1424 3422 Hagenouen-

131 3460 194 3501 sem
209 3437 428 3518 Germanum,
451 3452 537 3502 anno
553 3440 595 3504 ab
612 3439 690 3503 orbe
711 3439 896 3526 redempto,
915 3438 961 3502 M.
979 3438 1021 3502 D.
1037 3439 1187 3503 XXXII.
1205 3439 1267 3502 Xl.
1283 3440 1424 3504 Kalend.

131 3539 224 3605 Febr.
255 3548 418 3624 regnante
438 3541 682 3626 Angustissimo
709 3541 851 3606 Caesare
876 3541 1000 3605 Karolo
1028 3542 1097 3605 eius
1124 3542 1264 3606 nominis
1289 3540 1422 3630 Quinto.

129 3663 199 3705 cum
220 3639 410 3727 priuilegiis
428 3639 580 3705 Caesaris
604 3650 636 3705 et
650 3641 745 3706 Pont.
765 3643 869 3707 Max!
915 3641 1042 3707 Pierius
1061 3643 1250 3729 Cyminius,
1272 3644 1328 3729 qui
1348 3643 1425 3709 huic

130 3741 264 3807 editioni
286 3741 447 3828 praefuit,
470 3741 522 3807 bis
543 3764 564 3806 a
586 3765 621 3806 se
643 3743 938 3829 descriptumesse
960 3745 1105 3809 codicem
1121 3743 1263 3808 Charisii
1282 3747 1338 3829 ait,
1360 3749 1425 3832 pri-

130 3863 213 3906 num
240 3843 321 3906 vivo
343 3841 534 3925 Parrhasio,
562 3844 680 3908 deinde
707 3844 764 3908 illo
792 3844 982 3930 apographo
1012 3846 1132 3910 amisso
1158 3854 1232 3931 post
1257 3845 1424 3911 Parrhasii

129 3954 283 4026 mortem,
306 3965 380 4007 cum
403 3943 570 4009 aduobus
593 3939 663 4010 ciris
685 3969 727 4010 ex
750 3946 851 4010 fratre
867 3946 959 4028 filiis,
982 3947 1172 4032 priusquam
1194 3947 1360 4012 hereditas
1382 3947 1424 4011 ad

129 4042 348 4132 Scripandum
377 4047 578 4132 perveniret,
613 4046 730 4112 librum
765 4050 883 4112 iterum
918 4049 1204 4115 transcribendum
1232 4049 1422 4135 accepisset.

129 4145 164 4209 de
184 4146 378 4211 conditione
399 4155 508 4210 autem
528 4148 650 4212 codicis
666 4151 711 4213 ita
733 4150 880 4236 queritur
902 4151 937 4214 in
957 4149 1099 4236 epistula
1112 4150 1360 4246 ,nuncupatoria
1380 4148 1423 4211 ad

130 4245 338 4312 (hriolanum
359 4246 586 4333 Martyranum
611 4250 705 4333 data,
730 4250 813 4316 ‘Sed
837 4253 1040 4318 reuocandus
1066 4263 1117 4318 est
1138 4254 1293 4319 orationis
1313 4250 1428 4325 fluxus

129 4349 167 4412 ad
181 4348 394 4430 Char-isium,
417 4347 452 4411 Is
474 4356 524 4411 est
544 4349 654 4414 multis
669 4361 705 4415 nt
718 4352 812 4416 uides
828 4355 863 4417 in
878 4341 957 4417 locis
972 4353 1153 4439 mutilatus,
1173 4355 1259 4443 quod
1274 4352 1423 4417 accidere

130 4470 258 4517 necesse
288 4451 354 4515 fuit
380 4450 556 4515 uetustatis
584 4462 617 4515 et
642 4455 796 4540 temporis
825 4455 961 4537 iniuria,
990 4476 1103 4518 uemm
1131 4457 1192 4521 hoc
1217 4478 1268 4519 me
1290 4454 1423 4518 minime

128 4551 167 4617 sb
181 4552 332 4618 editione
349 4550 527 4632 detenuit,
543 4573 639 4637 quum
655 4555 801 4619 uiderem
817 4579 869 4620 me
884 4556 935 4636 id,
951 4578 1016 4622 non
1033 4559 1103 4622 sine
1118 4556 1300 4621 clarissimo
1315 4573 1422 4618 exem·

128 4653 177 4743 βο
198 4655 333 4720 fecisse.
372 4650 460 4715 Nam
477 4658 511 4714 et
525 4652 677 4717 Attilium
693 4653 721 4716 F
723 4659 964 4722 ortunatianum
971 4708 980 4741 ,
996 4658 1285 4742 Donatianumque
1304 4656 1335 4718 εἰ
1347 4650 1424 4740 yvri-

127 4766 198 4823 ἡ
217 4753 303 4840 ἐστὶ,
326 4763 361 4821 et
375 4752 493 4818 caesii
514 4752 610 4817 Bassi
635 4777 734 4843 opera
753 4780 826 4821 cum
843 4758 942 4823 Probi
965 4760 1123 4843 institutis
1147 4757 1209 4843 (sic
1231 4756 1318 4820 enim
1339 4756 1423 4822 liber

129 4852 322 4947 inultm)
353 4854 558 4923 Parrhasius
593 4878 692 4942 quum
720 4857 899 4924 Mediolani
932 4862 1032 4924 bonas
1074 4857 1187 4922 literas
1216 4855 1423 4944 profiteretur
