3114 5356
193 256 257 323 2811
760 254 925 319 8111111811

245 388 268 429 p.
281 374 329 419 ΙΙ.
342 372 371 417 H
383 370 408 415 Ρ.
834 383 837 387 ·
1328 380 1352 425 p·
1367 368 1407 416 l·
1416 368 1442 411 l.

277 444 334 507 Per
353 440 612 505 commutationem

358 562 517 627 prorsus
538 560 695 621 aequum
719 549 778 603 est
796 550 947 623 petere,
967 541 1079 603 Dave:
1098 559 1152 602 me
1173 559 1318 621 poenae
1340 560 1483 624 oppone

192 650 242 711 hic
263 667 323 709 non
345 655 379 710 ut
399 645 498 726 eoepit
516 644 692 706 sententiam
709 643 782 705 sinit.
826 662 896 706 nam
919 644 1016 706 aiebat
1035 644 1132 718 llare,
1161 642 1267 704 deinde
1289 641 1416 705 subiecit
1436 664 1484 717 me,

193 758 260 812 cum
282 748 348 829 ipse
370 748 409 810 sit
429 746 535 809 [larus.

279 849 430 928 Negandm
453 869 520 912 cum
535 848 604 928 quid
617 856 759 928 negantes
780 846 913 910 volumus
933 846 1061 909 indicare
1083 852 1171 924 atque
1188 846 1425 928 improperantes
1442 847 1485 908 lie·
1503 864 1514 903 1

191 952 313 1027 nellcia,
334 970 409 1030 quae
431 950 554 1011 audiens
576 958 736 1028 cognoscat
758 975 778 1010 a
834 971 837 975 ·

357 1071 428 1115 non
451 1069 689 1115 conmemoro
711 1051 808 1130 quod
829 1048 1008 1112 draconis
1027 1049 1129 1110 saevi
1151 1048 1274 1129 sopiri
1298 1048 1484 1131 impetum,

358 1172 430 1216 non
462 1153 559 1232 quod
593 1152 718 1217 domui
749 1153 820 1214 vim
849 1159 1046 1214 taurorum
1077 1157 1114 1212 et
1145 1150 1291 1230 segetis
1328 1159 1484 1212 armatae

1066 1270 1203 1315 manus.
1549 1296 1554 1331 r

278 1356 335 1417 Per
356 1355 513 1418 transitum
534 1354 595 1416 sire
617 1355 861 1417 transmutatione
879 1371 1090 1433 personarum,
1112 1373 1181 1415 cum
1200 1373 1217 1415 a
1239 1359 1342 1416 nostra
1364 1352 1400 1413 ad
1422 1352 1512 1413 alten

192 1475 255 1517 ram
281 1457 456 1552 transilimus
486 1463 516 1516 et
542 1474 597 1536 per
623 1454 701 1516 illam
720 1457 964 1533 uansllgurantes
982 1455 1060 1535 quod
1079 1455 1213 1517 nolumus
1234 1454 1413 1529 retinemus,
1441 1462 1467 1513 ut

356 1557 587 1637 Thesprote‚
610 1557 731 1635 siquis
753 1556 938 1634 sanguine
960 1564 1125 1617 exortam
1146 1563 1208 1616 tuo

357 1658 500 1739 prolem
520 1657 728 1719 intereras
749 1657 973 1737 sacrificas
995 1676 1141 1719 sacram
1162 1656 1348 1730 immolet,

356 1761 446 1839 quid
468 1761 625 1822 meritus
646 1760 707 1821 hio
728 1760 792 1835 sit,
814 1760 963 1822 dubium
986 1759 1028 1820 t'd
1048 1777 1090 1819 an
1113 1758 1287 1835 cuiquam
1308 1756 1408 1819 luat?

191 1861 241 1923 hio
260 1880 276 1921 a
295 1878 356 1922 aaa
377 1880 504 1942 persona
525 1861 556 1922 in
574 1861 660 1922 aliam
683 1881 839 1945 personam
859 1861 989 1935 transiit,
1010 1870 1041 1921 ut
1062 1867 1201 1938 argutaris
1220 1858 1371 1938 perillam
1393 1869 1507 1923 osten-u

193 1962 277 2024 deret
298 1964 368 2041 quid
388 1963 474 2024 vellet
497 1963 657 2044 increpare.

275 2065 332 2126 Per
352 2064 495 2146 apoclisin

356 2185 473 2245 egone
493 2164 617 2227 illaml
640 2165 760 2244 pudor
781 2174 840 2226 est
861 2164 986 2244 eloqui
1008 2199 1050 2210 —
1072 2180 1178 2240 quam
1200 2160 1392 2241 comperi?

354 2268 523 2346 relinqui
552 2286 624 2330 non
649 2275 794 2348 potest:
824 2276 896 2328 no⁴n
925 2265 1135 2348 perpetiar,
1168 2283 1237 2325 non
1266 2265 1378 2353 etiam
1405 2281 1479 2344 por·

1065 2369 1189 2428 leram.
1488 2372 1507 2415 ²⁸

189 2532 215 2583 N
259 2525 272 2547 ο

186 2619 235 2669 Per
252 2617 477 2668 commutationem
495 2634 600 2685 prorsus
618 2621 687 2686 equit
703 2623 717 2671 d
736 2630 839 2687 pectore
858 2622 924 2672 dnue
945 2636 985 2670 me
1004 2634 1088 2686 poene
1111 2632 1211 2684 oppone
1237 2616 1281 2667 hio
1302 2619 1320 2669 ti
1341 2626 1370 2668 ut
1392 2634 1451 2685 coep

185 2720 245 2756 nant
267 2704 352 2753 aicbat
375 2702 441 2754 dune
465 2704 558 2756 deinde
581 2707 691 2756 subiecit
716 2721 756 2756 me
780 2722 836 2756 cnm
861 2709 919 2773 ipse
936 2708 971 2758 sit
989 2708 1071 2757 danus
1090 2720 1106 2757 z·
1125 2702 1149 2773 ss
1162 2712 1249 2754 noscet
1265 2706 1283 2752 ti
1301 2718 1453 2768 memoroq

186 2790 308 2857 Negaudo
326 2805 384 2838 cnm
403 2790 464 2850 quid
484 2801 606 2856 negantes
626 2793 743 2843 uolumus
766 2793 888 2843 inducere
904 2801 956 2856 atq,
976 2795 1149 2858 impporantes
1168 2788 1293 2841 beneficia
1311 2793 1328 2854 q
1346 2792 1449 2841 atidieus
1503 2784 1515 2832 5

186 2878 259 2928 oonis
285 2876 342 2940 spui
368 2876 465 2940 sopiuit
495 2876 590 2940 impetit
618 2893 665 2929 non
688 2893 713 2944 q
736 2880 850 2929 domanit
877 2881 946 2929 uiros
975 2889 1000 2929 et
1030 2879 1127 2944 segetis
1154 2886 1251 2942 nrmntq
1278 2890 1370 2926 manus
1397 2892 1414 2924 :-

187 2961 226 3012 De
236 2961 344 3011 transitu
356 2961 411 3011 siue
422 2965 630 3014 transmutatione
640 2965 779 3029 personarit
790 2965 822 3014 oia
832 2979 846 3014 n
858 2974 944 3016 nostra
954 2965 987 3015 ad
999 2965 1078 3015 alteria
1088 2964 1225 3014 transimus
1236 2970 1261 3012 et
1272 2977 1320 3027 per
1330 2961 1376 3012 itta
1384 2972 1450 3012 trans
1494 2955 1518 3007 11

187 3056 273 3098 rantes
284 3049 352 3109 quod
364 3049 484 3101 nolumus
493 3051 631 3103 retinemus
642 3058 670 3101 ut
680 3051 827 3118 tlresprothe
838 3052 920 3114 siquis
930 3054 1055 3118 sanguiue
1072 3053 1160 3100 exorto
1177 3058 1219 3099 tuo
1235 3050 1279 3114 pld
1294 3033 1333 3098 inl
1345 3065 1419 3100 arnse

191 3150 290 3186 sacram
299 3135 412 3185 immolet
418 3135 479 3198 qnid
489 3137 592 3186 meritus
601 3136 642 3186 hic
651 3139 685 3187 sit
694 3138 800 3188 dubium
807 3153 840 3188 au
850 3140 942 3202 cuiqua't
951 3138 995 3188 fiat
1003 3137 1045 3189 hic
1057 3154 1072 3187 a
1082 3152 1192 3203 persona
1202 3138 1227 3186 in
1234 3137 1286 3186 alia
1293 3138 1473 3202 personitrans
1496 3127 1519 3180 15

189 3229 363 3287 orgutnnsper
370 3219 438 3270 illam
446 3224 656 3287 ostmderetquid
663 3224 899 3292 ualletincreparez·
907 3220 1061 3291 llperleram
1069 3224 1235 3274 osultoirbum
1244 3224 1259 3272 d
1267 3224 1344 3273 uerba
1351 3206 1413 3289 pitmi

188 3307 365 3374 Perapoclisin
377 3323 459 3374 egone
471 3307 541 3360 illam
554 3309 637 3377 pudor
649 3313 663 3360 1
675 3310 760 3375 eloqui
773 3326 849 3374 quam
860 3313 973 3377 comperi
986 3311 1123 3375 relinquid
1133 3311 1215 3375 potuit
1228 3309 1243 3358 ri
1254 3310 1384 3376 perpetiar
1396 3312 1435 3357 rie
1495 3298 1522 3351 ‘2⁰

257 3458 371 3525 3coepit
386 3461 537 3511 sententiam
552 3462 606 3512 fluit
621 3478 678 3513 nam
696 3478 718 3512 ω
797 3461 814 3513 6
840 3462 946 3514 audiens
964 3469 1101 3528 cognoscat
1117 3477 1166 3512 non
1185 3476 1298 3512 memoro
1316 3463 1386 3530 quod
1401 3462 1483 3512 draco

187 3531 263 3580 niatu
335 3531 364 3580 ll
382 3531 590 3597 transfigurantes
609 3548 630 3582 ω
714 3530 746 3582 13
764 3545 822 3581 aras
839 3546 941 3581 sacrare
958 3546 1095 3582 sacramur
1180 3531 1212 3583 15
1230 3532 1351 3581 transitus
1367 3541 1394 3581 ut
1411 3547 1484 3598 argu·

187 3607 243 3650 tuns
258 3613 280 3649 to
360 3598 393 3650 111
411 3615 461 3649 non
479 3603 606 3666 perpetiar
625 3616 675 3651 non
694 3601 769 3651 etiam
789 3601 911 3664 quiddam
930 3616 951 3650 ω
969 3603 1065 3652 omneis
1083 3604 1116 3652 iia
1132 3616 1197 3666 quae
1211 3605 1237 3653 a'n
1248 3603 1300 3664 flue
1316 3602 1485 3651 antecedentis

186 3684 276 3719 veram
294 3671 425 3718 conlocata
443 3677 501 3719 saort

188 3781 365 3790 *—

254 3840 271 3887 2
295 3838 416 3904 prorsus]
441 3842 507 3890 inter
528 3842 627 3891 incerta
648 3842 812 3903 palliatorum
834 3840 980 3905 frequente
997 3842 1094 3902 recepit
1108 3837 1258 3889 Ribbecln'na
1275 3854 1335 3890 rom.
1358 3842 1421 3890 Lot.
1438 3843 1485 3893 rel.

184 3922 212 3970 p.
231 3908 281 3957 105
368 3910 477 3970 nequino
496 3918 534 3959 est
552 3918 654 3974 pectore
671 3924 693 3957 ω
713 3912 804 3972 equino
823 3918 861 3958 est
879 3919 981 3973 pectore
998 3909 1131 3959 Fabricius
1216 3917 1303 3972 petere
1321 3909 1486 3962 detectam:

185 3976 297 4042 peccasti
322 3979 428 4028 coniecit
452 3978 639 4028 Lindemannns
728 3979 744 4027 5
768 3979 942 4042 improbantes
961 3981 1066 4029 carried!
1086 3978 1282 4027 Lindemanons.
1314 3979 1486 4044 improperare

184 4046 340 4096 scribendum
362 4054 429 4108 erat,
463 4049 512 4097 nisi
527 4049 668 4110 infinitim
689 4048 818 4098 excidisse
833 4047 989 4110 probabilius
1005 4055 1082 4098 esset
1100 4055 1210 4096 catenen
1228 4047 1259 4096 de
1277 4049 1389 4112 negandi
1400 4051 1485 4114 pipare

185 4131 250 4180 quae
265 4115 332 4164 dicta
349 4122 407 4165 arant
423 4131 472 4165 non
489 4118 592 4177 diuerso
610 4133 627 4166 α
643 4119 784 4180 peralipsi
816 4116 847 4166 de
865 4132 915 4182 qua
932 4117 1130 4166 maurataneae
1150 4130 1176 4177 p.
1197 4116 1262 4178 252,
1293 4118 1331 4166 ad
1350 4121 1485 4169 emenden-

185 4185 243 4233 dant
265 4192 409 4246 corruptam
432 4186 486 4235 eins
509 4172 558 4236 loci
579 4190 730 4250 scriptoram
754 4189 809 4236 olim
832 4186 964 4249 adscripta
978 4185 1061 4248 fnisse
1075 4184 1192 4235 videntur
1280 4185 1312 4235 12
1330 4185 1486 4253 Thesprote]

184 4254 251 4304 irater
272 4255 369 4303 ineerta
390 4257 542 4319 tropicarum
562 4255 705 4321 [rnamenta
723 4262 874 4317 receperant
889 4255 995 4305 Botltius
1010 4260 1078 4316 poet.
1098 4268 1167 4306 scen.
1188 4253 1249 4305 lot.
1268 4253 1369 4318 le.
1387 4256 1438 4306 281
1461 4263 1487 4307 et

186 4322 337 4373 Ribbeckr'us
353 4329 422 4389 trop.
443 4324 503 4376 Lat.
523 4325 571 4374 rel.
588 4339 617 4386 p.
637 4324 688 4376 215
779 4322 810 4373 13
827 4323 955 4373 sacrificas
972 4336 1068 4372 sacram
1086 4320 1245 4379 dialectiea,
1264 4337 1363 4373 sueram
1383 4340 1485 4376 sacrare

182 4390 315 4442 Fabricius
403 4393 435 4443 14
453 4393 560 4443 dubium
577 4392 604 4442 id
621 4409 654 4443 an
670 4390 821 4444 Ilibdeclrr‘ns
839 4393 944 4443 dubium
962 4406 995 4442 aa
1011 4391 1037 4440 id
1054 4389 1162 4440 Botltt'ua
1180 4390 1319 4441 dubiumne
1338 4393 1365 4442 id
1383 4394 1485 4445 (11011111

182 4458 240 4509 titt.
260 4464 316 4511 1111.
336 4476 391 4510 noo.
415 4462 504 4525 llllp
527 4460 576 4513 1711
663 4464 781 4541 cuiqnnm
807 4462 860 4511 luat
877 4463 917 4511 nel
941 4462 990 4511 siet
1012 4457 1179 4509 Fabricius
1169 4476 1194 4509 aa
1216 4463 1281 4510 notia
1303 4464 1483 4514 msa.15

183 4529 285 4578 transiit
303 4530 489 4581 Lindernannas
578 4530 609 4580 17
632 4529 822 4594 Parapocr'tsin
840 4545 862 4578 ω
951 4528 983 4580 18
1002 4523 1098 4596 egone]
1123 4528 1190 4575 inter
1212 4531 1309 4578 incerta
1331 4535 1483 4597 areanorum

179 4596 324 4661 fraumenta
340 4600 403 4649 duos
420 4616 510 4650 nereus
528 4601 663 4650 disiunctos
680 4602 777 4662 recepit
795 4598 945 4650 Ilidbeckius
961 4607 1027 4663 trap.
1048 4597 1107 4646 Lat
1131 4597 1177 4643 rel.
1202 4612 1228 4676 p.
1249 4599 1313 4648 2281
1341 4602 1483 4652 eoaoediae

182 4670 339 4726 souuerse
357 4670 474 4719 uidentur
551 4669 583 4718 lt]
602 4682 651 4717 nou
670 4671 809 4733 perpetior,
829 4683 888 4717 uum
907 4669 983 4718 etiam
1001 4666 1122 4731 quiddam
1137 4667 1292 4729 suspicionis
1310 4668 1413 4720 silentio
1432 4670 1481 4720 ool-

184 4731 285 4797 ligant?
303 4735 434 4787 Fabricius
470 4757 471 4760 ¹
