3114 5356
502 109 635 172 lNS'l'lT.
657 109 770 173 Gultt
792 109 864 172 llll.
887 110 928 173 Ill
1301 109 1363 173 247

117 241 142 283 p.
155 226 205 269 ne
219 227 247 269 so
261 223 285 266 e.
1196 239 1222 282 p.
1235 228 1274 273 ur
1285 225 1310 269 ι.

65 298 197 382 parturn
217 297 355 377 parturii,
377 297 530 378 praesagio
551 298 701 380 praesagis
721 296 882 379 praesagii,
909 297 1002 359 restio
1024 296 1113 361 restis
1135 290 1237 373 vestii,
1261 297 1363 360 hinnio

66 399 168 464 hinnis
186 398 296 474 hiuuii,
309 399 409 478 mugio
423 399 520 478 mugis
538 399 642 479 mugii',
660 400 775 465 insanio
789 398 902 462 insanis
916 397 1039 474 insanii,
1061 398 1152 462 lrirrio
1167 399 1255 461 hinis
1270 399 1361 473 hirrii,

67 503 168 565 mollio
190 499 286 564 mollis
308 500 414 574 mollii,
435 500 514 581 polio
534 501 610 581 polis
631 501 717 583 polii,
738 501 848 583 sepelio
870 499 978 581 sepelis
1000 501 1118 581 sepelii,
1141 501 1256 581 reperio
1278 520 1363 581 repe·

68 605 110 667 ris
131 603 256 684 reperii,
278 601 403 681 grunnio
422 603 543 681 grunnis
564 603 697 681 grunnii,
724 603 810 665 audio
833 601 916 665 audis
938 602 1016 663 audii
1037 611 1066 663 et
1086 603 1195 665 audivi
1234 603 1362 666 secunda

42 706 163 768 sforma
179 712 225 767 est
243 703 346 784 quain
366 702 376 762 i
394 704 555 783 perfectum
572 694 679 766 desinit
696 706 776 766 nulls
792 704 883 766 vocali
903 723 958 765 nec
978 713 1157 766 consonante
1172 697 1262 777 duce,
1285 703 1364 767 uelut

70 808 134 869 volo
152 808 195 868 vis
216 805 308 879 volui,
331 805 407 866 malo
423 805 506 867 malis
523 806 626 880 malui,
649 807 749 886 operio
765 806 864 889 operis
878 807 998 887 operui,
1020 807 1121 887 aperio
1138 806 1234 886 aperis
1248 806 1359 886 aperui.

71 909 154 971 tertia
177 909 270 969 forma
292 917 338 970 est
359 926 415 987 qua
436 909 598 988 perfectum
620 908 696 970 cadit
716 909 746 970 in
770 909 795 970 si
817 908 943 981 litteras,
965 907 1044 968 velut
1070 907 1158 968 farcio
1179 907 1266 970 farcis
1280 908 1373 981 farsi,

69 1010 163 1072 ¹sarcio
185 1010 278 1071 sarcis
298 1010 389 1082 sarsi,
421 1008 508 1070 fulcio
530 1010 616 1072 fulcis
638 1010 721 1085 fulsi,
754 1012 856 1092 saepio
884 1007 981 1090 saepis
1008 1008 1122 1089 saepsi‚
1153 1011 1247 1071 sentio
1270 1011 1362 1072 sentis

72 1113 165 1186 sensi,
191 1111 304 1173 cambio
327 1111 439 1173 combis
460 1111 587 1186 camhsi,
610 1112 667 1174 hoc
689 1122 735 1174 est
756 1121 854 1190 muto;
876 1111 978 1174 hauno
1000 1111 1100 1173 hauris
1125 1110 1219 1173 hausi.
1250 1111 1293 1184 ⁸in
1315 1111 1362 1173 his

41 1215 209 1295 ”perfectis
227 1215 322 1276 littera
344 1213 489 1292 geminata
508 1231 569 1275 nou
593 1213 678 1276 eadit.
722 1223 827 1294 quarta
848 1215 941 1277 forma
959 1222 1004 1276 est
1025 1232 1082 1293 qua
1101 1213 1263 1296 perfectum
1286 1213 1363 1274 cadit
1421 1248 1433 1264 =

72 1315 148 1377 inxi
167 1315 296 1389 litteras,
326 1315 403 1377 uelut
420 1315 520 1377 saucio
543 1317 640 1378 sancis
662 1317 759 1392 sanxi,
788 1317 882 1379 vincio
903 1316 996 1379 vincis
1019 1317 1105 1378 vinxi.
1150 1317 1295 1394 usquein
1316 1313 1362 1376 his

33 1501 36 1506 Ι
72 1418 208 1497 perfectis
238 1418 335 1479 littera
365 1417 511 1497 geminata
542 1417 635 1494 cadit3
673 1438 728 1480 nee
755 1419 811 1481 alia
840 1427 908 1480 suut
936 1427 1056 1500 excepta
1084 1437 1171 1498 quam
1201 1417 1274 1479 haec
1304 1417 1363 1478 duo

72 1520 171 1594 rerba,
199 1519 269 1582 item
292 1530 406 1602 septem
434 1520 594 1601 superiora.
639 1522 740 1599 quinta
762 1523 855 1582 forma
877 1529 1000 1602 estque
1022 1541 1163 1603 praesens
1183 1519 1276 1601 prima
1295 1538 1364 1599 per-

69 1640 139 1683 soua
162 1621 193 1683 in
212 1621 429 1684 similitudinem
456 1622 531 1684 cadit
552 1622 708 1684 verborum
733 1621 854 1685 secundi
881 1621 1008 1696 ordinis,
1035 1622 1162 1684 secunda
1184 1628 1313 1682 mutatur
1333 1622 1364 1682 in

37 1731 220 1802 ¹⁵quartum3
242 1725 405 1803 perfectum
425 1724 502 1786 cadit
520 1724 550 1785 in
573 1723 675 1786 iduce
697 1745 714 1784 v
735 1724 846 1795 littora,
872 1729 906 1784 ut
927 1743 961 1785 eo
983 1724 1007 1785 is
1029 1724 1083 1797 iri,
1103 1730 1133 1783 et
1155 1723 1238 1802 sique
1251 1725 1361 1784 ‘eorum

57 1824 335 1905 praepositionibus
352 1825 473 1889 adiectis
489 1829 572 1900 frunt,
595 1827 673 1888 velut
689 1836 807 1887 transeo
829 1825 937 1885 transis
959 1824 1087 1898 transivi,
1110 1842 1182 1885 exeo
1203 1822 1360 1896 miseriti,

66 1927 160 1988 subeo
182 1926 265 1988 subis
285 1928 393 2003 subivi,
415 1929 503 1990 redeo
525 1930 603 1991 redis
626 1929 732 2003 rediri,
754 1946 829 2006 queo
852 1927 917 2006 quis
935 1926 1029 2004 quiri,
1053 1944 1143 1986 veneo
1158 1925 1239 1987 venis
1258 1924 1360 1986 veniri.

67 2048 193 2109 quorum
216 2030 369 2093 vorborum
389 2034 518 2094 futurum
542 2041 658 2114 tempus
685 2031 715 2092 in
742 2030 780 2091 bo
807 2031 899 2104 cadit,
933 2028 1016 2108 quia,
1050 2035 1082 2087 ut
1110 2045 1198 2108 supra
1226 2027 1360 2101 diximus,

66 2133 161 2212 prima
192 2151 318 2213 persona
346 2134 467 2195 secundi
497 2135 607 2196 ordinis
640 2131 858 2196 similitudinem
888 2131 1036 2210 sequitur3
1072 2129 1218 2208 alioquin.
1233 2131 1361 2191 futurum
1467 2200 1473 2225 Ι

22 2239 55 2284 ²⁸
70 2242 184 2315 tempus
206 2235 245 2295 in·
259 2242 362 2314 quarto
381 2234 483 2296 ordine
504 2236 534 2296 in
555 2254 602 2296 am
631 2235 742 2296 litteras
770 2233 959 2310 tennlnatur,
987 2232 1066 2295 velut
1089 2218 1213 2293 sentilm
1237 2232 1361 2293 serviam

66 2336 205 2398 muniam.
308 2387 311 2392 .

153 2440 228 2500 Sunt
258 2437 400 2516 quaedam
426 2439 554 2517 perfecta
583 2436 687 2499 similia
715 2437 751 2499 ob
780 2437 957 2499 instantibus
985 2436 1113 2498 derivata
1140 2434 1262 2496 dirersis
1284 2436 1361 2495 fecta

70 2541 97 2601 in
120 2540 166 2602 his
184 2538 340 2619 somptosi,
361 2538 439 2599 velut
462 2558 531 2600 aceo
554 2558 621 2599 aces
644 2539 708 2599 acui
729 2548 758 2600 et
779 2558 852 2601 acuo
869 2539 950 2601 acuis
971 2538 1052 2607 acui,
1076 2537 1168 2615 frigeo
1190 2536 1279 2615 friges
1296 2535 1360 2596 frixi

71 2652 98 2702 et
123 2642 195 2720 frigo
218 2641 298 2720 frigis
325 2640 405 2713 frixi,
434 2641 519 2720 lugeo
537 2641 622 2719 luges
643 2640 701 2702 luxi
723 2652 753 2702 et
769 2641 854 2704 luceo
876 2642 958 2702 luces
976 2639 1049 2712 luxi,
1077 2637 1165 2699 fulcio
1187 2636 1272 2699 fulcis
1292 2636 1360 2698 fulsi

19 2745 56 2791 ²⁵
72 2750 98 2803 et
119 2744 216 2822 fulgeo
235 2745 329 2821 fulges
352 2742 436 2815 fulsi,
459 2762 546 2804 cerno
570 2743 666 2804 cernis
688 2744 764 2804 crevi
785 2752 814 2805 et
836 2763 937 2805 cresco
959 2741 1068 2803 crescis
1089 2739 1182 2812 cresi,
1203 2758 1294 2819 paceo
1309 2758 1361 2818 pa·

71 2862 116 2905 ces
138 2843 202 2924 pavi
218 2847 232 2927 ll
247 2852 276 2904 et
297 2863 387 2924 pasco
407 2844 504 2924 pascis
526 2843 606 2924 pari,
636 2845 708 2905 sisto
731 2845 811 2905 sistis
829 2844 895 2906 steti
919 2852 947 2905 et
969 2852 1015 2905 sto
1036 2849 1096 2904 stas
1119 2841 1202 2914 steti,
1230 2833 1359 2901 consisto

70 2945 203 3007 consistis
222 2945 339 3006 constiti
360 2952 389 3006 et
407 2953 510 3007 consto
533 2952 651 3007 constas
669 2945 803 3017 constiti,
827 2946 888 3005 fero
911 2945 970 3005 fers
992 2944 1043 3005 tuli
1064 2952 1093 3004 et
1115 2943 1184 3004 tollo
1205 2941 1282 3002 tollis
1296 2941 1358 3014 tuli,

70 3048 144 3125 quod
166 3048 196 3109 in
219 3047 430 3109 consuetudine
453 3044 559 3108 sustuli
583 3047 667 3122 facit;
703 3045 766 3107 cius
789 3055 884 3106 tamen
905 3044 1027 3124 perfecti
1047 3044 1161 3105 instans
1183 3043 1261 3125 apud
1282 3050 1359 3103 vete·

70 3168 113 3209 res
136 3148 265 3210 sustulo:
284 3149 398 3228 pendeo
420 3149 531 3229 pendes
552 3149 678 3230 pependi
701 3154 731 3208 et
750 3148 845 3228 pendo
868 3146 972 3226 pendis
994 3146 1136 3225 pependi,
1156 3144 1270 3226 pandor
1287 3164 1360 3224 pan-

17 3251 145 3313 aoderis
166 3271 272 3333 passus
294 3271 360 3313 sum
382 3252 426 3312 rel
444 3270 554 3331 pansus
576 3257 606 3311 et
624 3250 719 3330 patior
744 3249 852 3331 paten's
874 3266 980 3329 passus
1008 3266 1089 3319 sarm,
1118 3254 1215 3306 rertor
1238 3246 1358 3307 verteris

71 3372 168 3416 versus
186 3373 251 3415 sum
269 3360 299 3414 et
319 3372 418 3414 verror
438 3353 561 3414 terreris
584 3371 686 3413 versus
705 3371 778 3413 sum.

150 3459 226 3519 Sunt
247 3456 389 3535 quaedam
413 3455 498 3515 rerba
525 3473 599 3533 quae
620 3453 730 3515 habent
750 3452 879 3533 perfecta
897 3449 1039 3530 duplicia,
1069 3448 1147 3510 velut
1168 3466 1264 3529 pango
1285 3465 1358 3527 pon·

70 3558 110 3636 gis
128 3558 228 3639 pepigi
249 3567 278 3618 et
304 3558 407 3638 panxi,
435 3577 524 3638 parco
546 3556 642 3636 parcis
663 3554 781 3636 peperci
809 3562 838 3615 et
865 3552 960 3634 parsi,
990 3570 1088 3633 pungo
1112 3548 1218 3632 pungis
1247 3546 1357 3630 pupugi

70 3701 185 3710 -—-.-

133 3764 285 3829 3repperio
300 3763 337 3811 ris
352 3762 384 3810 rii
403 3761 429 3810 N
452 3762 570 3825 reppesio
594 3759 677 3824 reppii
696 3760 721 3809 P
803 3758 821 3808 o
844 3757 911 3807 melo
932 3756 1007 3808 malis
1028 3753 1147 3805 maluiP
1171 3754 1249 3816 mallo
1272 3752 1357 3811 mallis

70 3832 152 3900 mallei
165 3834 201 3884 N:
220 3833 278 3884 nolo
294 3831 360 3881 nolis
375 3831 437 3880 nolit
449 3831 582 3881 indicativo
594 3831 756 3893 modoposutt
764 3829 939 3895 prmmnatlcus
951 3826 1066 3877 &verbo
1081 3841 1108 3888 p.
1124 3825 1171 3875 181
1193 3824 1233 3874 ed.
1248 3821 1357 3903 isindob.

135 3906 150 3954 7
165 3904 244 3953 farcio
255 3903 317 3953 farsi
329 3903 411 3952 sarcio
421 3903 486 3950 sarsi
496 3901 581 3966 sergio
593 3900 659 3949 sarsi
672 3898 750 3949 fulcio
761 3899 787 3948 P
854 3898 871 3949 ll
883 3897 981 3947 cambio
996 3897 1093 3960 compsi
1104 3894 1235 3945 Pcambio
1252 3887 1363 3957 αμείβω.

67 3975 136 4038 ponit
148 3973 280 4023 Charisius
298 3982 321 4021 et
340 3973 395 4021 eins
414 3972 576 4036 praeteritum
595 3969 691 4033 campsi
703 3970 852 4020 Prisciaaus
862 3982 887 4032 p.
901 3966 954 4020 1106
1037 3966 1062 4015 in
1073 3965 1114 4015 his
1131 3964 1214 4013 littera
1230 3961 1359 4029 geminata

67 4045 186 4109 perlectis
206 4057 254 4090 non
273 4042 340 4092 cudit
355 4041 380 4090 N
397 4042 422 4090 in
441 4043 463 4090 is
482 4041 564 4091 littero
581 4039 695 4105 perfecta
709 4041 812 4106 gemina
833 4051 884 4087 non
902 4035 970 4085 cadit
987 4035 1108 4100 perfectis
1122 4033 1147 4083 P
1223 4032 1255 4083 12
1275 4031 1358 4080 littera

68 4128 111 4165 ort.
132 4114 167 4178 N,
184 4113 246 4162 add.
265 4112 291 4161 P
376 4110 408 4161 13
427 4109 557 4176 praesensl
576 4107 717 4175 perfeetum
732 4109 782 4159 NP
866 4108 899 4158 14
918 4107 942 4155 in
961 4104 1093 4168 quartoN
1109 4105 1134 4152 in
1153 4102 1240 4153 llllP
1325 4100 1357 4150 15

68 4182 131 4234 duce
149 4199 166 4233 u
185 4196 246 4232 uero
264 4180 361 4230 litterae
379 4181 404 4229 P
481 4181 515 4232 22
533 4179 598 4229 Sunt
615 4202 650 4213 -
668 4179 729 4242 248,
746 4179 763 4230 5
782 4177 919 4245 Apuleium
936 4176 1014 4229 Ilion.
1030 4191 1057 4238 p.
1075 4173 1127 4226 3611
1196 4169 1309 4236 perfecta
1325 4171 1356 4220 nb

991 4252 1004 4279 n

68 4303 90 4352 in
108 4302 206 4353 similis
223 4301 349 4352 stantibus
366 4299 474 4350 dirluete
492 4302 517 4350 P
593 4299 625 4349 cb
643 4255 778 4406 §tentibus
798 4299 825 4348 N
898 4295 933 4349 23
951 4293 1119 4400 sgrpptosiN
1134 4291 1248 4360 synptosl
1265 4291 1291 4340 Ρ
1326 4353 1333 4394 i

700 4378 712 4406 0

67 4426 98 4475 25
115 4433 141 4475 et
154 4431 213 4475 ante
225 4423 311 4488 fulgeo
323 4438 368 4473 om.
381 4423 414 4481 Ν,
428 4421 487 4472 odd.
503 4421 527 4469 Ρ
592 4420 626 4472 26
641 4421 699 4470 steti
722 4427 762 4474 sto
771 4420 798 4469 Ν
864 4419 897 4469 27
912 4416 1018 4467 consteti
1032 4421 1119 4466 consto
1134 4419 1236 4463 constas
1250 4411 1357 4461 consteti

67 4493 90 4541 ,v
106 4496 214 4545 consteti
233 4504 319 4544 consto
339 4504 440 4543 constes
457 4491 564 4540 eoustcti
580 4492 605 4540 P
672 4488 706 4540 29
721 4491 822 4556 pendeo
842 4488 938 4554 pendes
957 4484 1034 4552 pendi
1052 4484 1137 4550 pendo
1156 4480 1279 4549 penderis
1294 4494 1358 4545 pun-

67 4578 186 4616 sussum
211 4578 307 4628 pansus
332 4564 415 4628 patior
435 4562 486 4611 eris
508 4575 601 4625 passus
623 4575 680 4610 sum
705 4569 790 4610 uertor
811 4560 863 4611 eris
882 4572 971 4608 uersus
991 4571 1047 4605 sum
1066 4554 1130 4604 Sunt
1148 4553 1172 4602 P
1257 4560 1282 4600 et
1300 4558 1359 4601 ante

67 4634 163 4698 pendo,
184 4637 239 4685 item
257 4642 317 4683 ante
334 4634 417 4698 patior
433 4639 457 4682 et
474 4640 533 4682 ante
551 4646 637 4683 vertor
651 4646 696 4682 om.
710 4630 737 4679 N
809 4629 843 4682 33
861 4627 950 4695 pepigi
967 4635 991 4677 et
1008 4625 1087 4693 punxi
1101 4623 1127 4672 P
1142 4623 1236 4689 pepegi
1251 4630 1276 4672 et
1288 4621 1358 4688 parsi
