3114 5356
172 296 241 361 hid

231 425 255 467 p.
268 411 316 453 hll.
331 410 357 451 11
369 409 395 452 P.

346 480 487 546 33311333
510 479 584 543 mihi

344 585 548 662 praemonstra
570 580 633 642 dea.

180 684 230 747 hic
250 683 328 745 enim
351 682 410 745 duo
430 681 522 762 pedes
544 688 613 742 sunt
635 680 673 743 de
693 679 838 761 principio
859 677 1029 741 hexametri.

264 784 315 846 Sic
335 790 365 845 et
384 783 549 845 trimetrum
570 801 606 843 ex
625 781 778 861 superiore
800 789 884 863 parte
904 780 1066 843 hexametri
1086 779 1154 853 tale,

344 883 445 948 blasae
464 884 596 947 Pierides
616 900 732 945 uorem.

173 987 234 1053 ¹sed
254 986 312 1049 hoe
336 986 415 1049 idem
429 983 673 1071 ”Anacreontion
696 989 757 1059 est,
786 984 824 1046 de
848 1001 908 1062 quo
933 1001 1024 1064 supra
1046 981 1181 1044 diximus.
1226 1001 1301 1044 nam
1324 985 1424 1049 simile
1444 996 1485 1047 est

178 1088 252 1152 illud
274 1088 353 1169 quod
370 1106 563 1168 posueramus
584 1083 759 1164 exemplum,

346 1189 402 1251 sic
422 1196 458 1249 te
480 1187 564 1249 diva
588 1193 723 1266 potens
748 1184 870 1266 Cypri.

266 1290 481 1352 Tetrametrum
501 1288 625 1349 13333333
649 1304 684 1349 ex
704 1285 857 1367 superiore
878 1284 936 1347 talo
958 1292 1013 1359 est,

345 1389 456 1472 optima
477 1396 576 1449 mente
598 1387 651 1449 tihi
672 1388 735 1449 iero
756 1404 888 1451 munera.
1238 1466 1241 1471 ῃ

179 1492 229 1554 hic
249 1491 273 1553 si
295 1489 386 1551 addes
406 1489 481 1550 duos
498 1487 606 1568 pedes,
624 1487 654 1549 id
676 1496 722 1549 est
742 1485 905 1550 ‘terruit
926 1486 1080 1561 urhem’,
1101 1486 1272 1551 hexameter
1289 1489 1461 1570 inplebitur.

264 1592 451 1662 Pentameter
469 1605 588 1667 quoqne
609 1587 746 1649 heroicus
766 1590 799 1651 111
825 1605 861 1649 ex
880 1586 1035 1666 superiore
1056 1594 1139 1667 porte
1156 1587 1322 1652 hexametri
1345 1590 1426 1674 313,Ι

344 1694 441 1753 133133
459 1700 488 1752 31
510 1689 596 1769 gelidi
618 1707 741 1769 peragro
764 1689 836 1749 rada
856 1689 995 1780 huminis.

179 1797 228 1858 hie
251 1794 441 1876 perspicuum
461 1799 507 1853 est
530 1809 621 1852 unum
638 1789 745 1870 pedem
769 1790 874 1853 deesse
892 1808 951 1869 quo
969 1790 1068 1851 minus
1090 1789 1129 1851 311
1149 1790 1257 1870 plenus
1279 1792 1457 1855 hexameter.

263 1896 485 1975 lleptametrum
507 1894 630 1954 heroum
651 1892 714 1952 lieri
735 1891 831 1954 solere
851 1891 878 1953 31
898 1891 1014 1966 dixero,
1033 1891 1187 1953 ridiculum
1205 1891 1388 1971 quibusdam
1406 1895 1476 1956 side·
1488 1912 1505 1950 3

179 1998 273 2073 bitur,
296 1994 348 2058 sed
371 1995 434 2056 eius
455 1994 622 2074 exemplum
645 1994 703 2054 tale
724 1991 888 2069 1333111131,

343 2095 405 2157 ctio
429 2097 475 2157 oui
498 2095 577 2156 dedit
601 2093 752 2174 ingenium
773 2092 870 2155 docile
894 2099 983 2171 atque
1010 2091 1132 2155 libidine
1160 2094 1303 2156 vinctum.

265 2198 436 2261 Saturnium
458 2197 649 2259 inhonorem
671 2193 718 2256 dei
736 2193 862 2255 Naevius
882 2192 994 2255 invenit
1014 2193 1112 2256 addita
1136 2214 1193 2256 ona
1213 2195 1326 2274 syllaba
1352 2199 1391 2261 ad
1411 2200 1476 2261 iam

179 2302 278 2364 hicum
296 2318 413 2364 versum
434 2299 488 2373 sie,
818 2360 820 2364 ,

348 2418 509 2463 summas
529 2417 620 2479 opes
641 2397 703 2476 qui
724 2413 851 2475 regum
871 2396 998 2474 regias
1019 2399 1187 2478 refregit.
1485 2427 1505 2466 a

179 2505 250 2568 huic
274 2503 300 2566 si
329 2503 431 2566 demas
459 2501 590 2564 ultimam
618 2497 773 2579 syllabam,
804 2497 860 2559 erit
885 2497 1045 2575 iambicus,
1077 2500 1114 2562 de
1139 2518 1198 2581 quo
1221 2521 1313 2583 saepe
1337 2525 1477 2569 memora·

180 2614 243 2669 tum
263 2612 318 2666 est.

263 2703 434 2783 Angelicum
456 2709 583 2762 metrum
606 2699 754 2763 celeritate
774 2697 886 2761 nuntiis
904 2708 1006 2781 aptum
1025 2702 1212 2767 Stesichoms
1233 2706 1355 2770 invenit.
1394 2728 1476 2771 unam

83 2863 86 2875 ,
180 2807 258 2868 enim
283 2805 412 2865 ultimum
437 2802 576 2883 syllabam
599 2802 723 2863 detraxit
743 2802 914 2865 hexametro
933 2811 963 2864 et
984 2802 1054 2863 13311
1075 2803 1141 2878 1313,

344 2903 453 2983 optima
478 2902 606 2982 calliope
627 2903 757 2963 miranda
776 2904 970 2980 poematibus.
1315 2937 1324 2956 ·
1486 2930 1506 2968 3

180 3005 303 3067 33311133
324 3021 411 3081 quam
432 3003 502 3064 libet
522 3005 552 3064 in
576 3003 706 3064 ultimam
726 3003 881 3082 syllabam,
905 3014 935 3066 31
956 3004 1081 3087 inpiabis
1101 3007 1312 3069 hexametrum.

265 3105 437 3184 Priapeurn,
460 3122 518 3183 quo
539 3104 681 3183 Vergilius
704 3105 733 3164 in
756 3105 973 3184 prolusionibus
996 3107 1236 3183 331333331311,
1260 3110 1394 3187 1313331,

344 3206 432 3269 incidi
456 3206 586 3288 patulum
610 3207 640 3267 in
667 3224 788 3286 specum
811 3208 1022 3287 procumbente
1044 3209 1157 3290 Priapo.

179 3308 262 3389 prius
284 3327 398 3368 comma
418 3327 452 3369 ex
472 3310 610 3371 inferiore
628 3317 712 3390 parte
734 3308 851 3375 iambici
870 3309 1054 3391 supplebitur
1074 3311 1126 3383 sie,

346 3409 402 3471 ibis
423 3409 561 3471 Liburnis
581 3410 670 3472 incidi
690 3411 822 3492 patulum
843 3411 873 3470 in
893 3409 1049 3493 specum!

180 3512 328 3593 posterius
350 3529 463 3572 cornma
483 3531 517 3572 ex
536 3513 674 3575 inferiore
696 3521 780 3595 parte
802 3513 962 3575 hexametri
983 3512 1167 3594 supplebitur
1189 3514 1242 3587 sic,

345 3632 426 3674 arma
448 3614 598 3691 virumque
620 3634 694 3678 cano
716 3615 765 3693 qni
788 3613 999 3695 procumbente
1019 3615 1134 3694 Priapo.

263 3715 489 3796 hnapaesticum
511 3715 666 3776 dimetrum
690 3718 722 3776 111
744 3715 901 3789 133131333,
926 3715 1009 3776 33133
1031 3716 1105 3777 haec
1130 3715 1262 3797 exempla
1285 3729 1365 3794 sunt,

345 3816 447 3893 agite
468 3836 485 3876 0
504 3816 628 3895 pelagi
651 3834 844 3888 cursores,

345 3918 519 3998 cupidam
542 3918 576 3978 in
598 3917 762 3996 patriam
785 3923 948 3997 portate.
1486 3958 1505 3997 „

179 4024 248 4078 sunt
270 4016 319 4076 hic
341 4015 401 4076 bini
424 4018 574 4098 anapaesti
601 4025 652 4078 aut
670 4019 719 4095 qui
746 4016 835 4097 recipi
858 4017 968 4093 solent,
1002 4019 1032 4080 in
1058 4021 1116 4082 imo
1139 4029 1236 4082 aulem
1265 4028 1316 4082 331
1338 4021 1475 4082 bacchius

178 4124 240 4191 est,
261 4115 310 4195 qui
333 4125 448 4178 constat
468 4137 502 4178 ex
525 4117 639 4179 duabus
660 4117 755 4194 longis
777 4125 805 4178 et
830 4117 928 4191 brevi,
956 4129 1006 4179 aut
1027 4119 1191 4195 molossuS,
1222 4122 1272 4201 qui
1301 4130 1419 4185 constat
1443 4141 1476 4183 ex

177 4216 272 4279 tribus
289 4216 394 4295 longis.
430 4218 559 4281 alienum
579 4227 677 4281 autem
700 4219 804 4298 pedem
823 4227 916 4280 metra
933 4221 990 4281 nisi
1007 4220 1167 4300 recipiant,
1189 4224 1296 4285 modus
1313 4243 1375 4286 333
1394 4222 1476 4285 facilc

245 4368 329 4419 bhoo
346 4384 393 4420 om.
410 4370 472 4420 AM
545 4370 578 4422 10
595 4372 640 4422 tibi
657 4388 703 4424 om.
719 4372 745 4421 B
816 4371 846 4423 11
867 4372 953 4422 orbem
973 4376 997 4424 A
1075 4379 1197 4426 exametri
1216 4378 1301 4429 ΑΒΜ
1382 4377 1414 4429 13
1431 4392 1475 4443 gc·

177 4437 222 4487 lidi
237 4439 304 4487 uada
320 4438 433 4488 13331313
451 4439 536 4489 333313
555 4454 572 4496 ς
661 4440 760 4492 13333
778 4441 805 4490 in
824 4442 872 4491 elio
889 4442 947 4491 AM
966 4444 1015 4492 tole
1034 4445 1059 4493 13
1079 4447 1135 4509 elyo
1155 4447 1180 4496 B
1198 4449 1247 4496 tale
1266 4447 1356 4504 01133,-
1445 4445 1474 4495 17

176 4507 308 4571 ingenium
332 4508 449 4558 dementc
472 4509 575 4558 libidine
600 4511 719 4561 iunctum.
746 4510 894 4560 Venusinus
918 4513 1015 4562 inuenit
1040 4514 1127 4565 addita
1152 4516 1249 4580 syllaba
1280 4517 1314 4565 ad
1341 4516 1473 4565 iambicum

177 4575 222 4636 313,
241 4590 355 4624 summus
374 4591 473 4641 spexe·
561 4579 645 4642 adque
662 4580 688 4628 A
773 4579 947 4646 aerumnas]
965 4581 1000 4642 rs.
1021 4583 1082 4633 Atii.
1102 4585 1277 4650 1133133313.
1297 4585 1369 4636 2698
1441 4581 1475 4633 23

126 4683 133 4695 ,
177 4645 307 4719 mantiles
329 4647 425 4710 nuptiis
439 4647 525 4697 ABM
593 4648 627 4698 ’18
645 4649 748 4714 patulus
764 4649 798 4698 M
865 4651 891 4699 in
910 4667 956 4702 om.
977 4650 1002 4698 B
1072 4655 1160 4719 prinpe
1179 4655 1203 4702 A
1273 4653 1309 4704 30
1326 4652 1475 4719 libyrnisB

176 4710 273 4760 libirnis
291 4712 322 4760 M
340 4714 454 4778 lybyrnis
472 4717 496 4764 A
578 4718 680 4781 patulus
699 4718 729 4768 M
811 4717 992 4770 31333311
1060 4720 1197 4787 35333111
1215 4731 1368 4788 pateram«
1444 4721 1476 4771 llll

177 4779 260 4843 recepi
276 4780 335 4830 AM
404 4782 438 4833 38
455 4785 609 4848 recipiuntur
628 4786 661 4836 M
728 4786 818 4836 modos
829 4787 862 4837 B.
879 4788 994 4850 sortasse
1011 4791 1092 4841 melos
