3114 5356
540 291 950 364 usurpaturus
1207 264 1213 275 '
1329 289 1391 351 ros

138 426 168 467 ρ.
187 411 235 454 rer.
247 411 275 454 rs
287 411 313 452 e.
1226 420 1248 462 ρ.
1265 408 1303 448 uo
1316 407 1339 449 n.

826 479 925 539 istoc
946 478 1226 541 inlecebrosius

264 582 352 644 lieri
374 581 426 642 uil
447 588 584 660 potest.

184 684 329 766 lupendio
350 682 485 744 hirenius
506 682 536 743 in
558 683 698 762 vopisco,

339 804 425 846 casu
448 784 589 846 cecidit
614 802 701 864 spes
723 783 930 845 reducendi
953 783 1112 858 domum,

53 919 70 960 ς
263 906 367 966 quam
389 887 518 967 cupio,
541 885 649 947 cuins
670 904 738 963 ego
759 885 896 947 indies
918 885 1109 965 impendio

267 1008 307 1049 ex
328 988 520 1050 desiderio
544 987 662 1067 magis
684 988 879 1066 magisque
901 1004 1078 1048 maceror.
1187 1002 1191 1009 ·

186 1089 294 1169 lgnave
319 1090 356 1151 Μ.
378 1090 489 1152 Tullius
510 1090 742 1153 Tusculanarum
770 1091 811 1164 ll,
841 1090 1123 1170 ‘providendum
1149 1098 1209 1153 est
1236 1107 1278 1149 ue
1306 1085 1393 1166 quid

91 1192 264 1266 abiecte,
292 1211 334 1253 ne
361 1193 448 1271 quid
477 1193 621 1267 timide,
651 1212 694 1253 ne
723 1192 811 1272 quid
836 1192 985 1271 ignave,
1014 1193 1170 1271 nequid
1198 1189 1395 1255 serviliter

92 1294 391 1358 muliebriterve
417 1296 627 1357 iaciamus’.

50 1427 79 1467 ι.
184 1396 424 1458 lndecorabiliter
443 1397 548 1459 hocius
569 1396 600 1457 in
625 1396 765 1474 Bacchis,

647 1499 968 1562 indecorabiliter
987 1500 1134 1562 alienos
1155 1499 1268 1562 alunt

185 1600 342 1663 Localibus
364 1601 506 1663 adverbiis
527 1602 758 1684 praepositiones
780 1602 836 1663 hae
858 1604 1003 1679 serviunt,
1026 1623 1043 1664 a
1064 1602 1100 1664 ad
1118 1623 1154 1664 ex
1171 1603 1218 1677 ip,
1245 1609 1310 1662 uta
1331 1601 1395 1663 loro

96 1706 136 1767 ad
160 1706 257 1766 lorum
280 1723 316 1765 ex
335 1723 402 1765 arce
422 1704 451 1765 in
470 1724 583 1783 arcenr;
612 1706 736 1786 duplicis
760 1723 846 1766 casus
868 1704 923 1766 sub
944 1726 1033 1787 super
1054 1715 1085 1767 et
1106 1705 1223 1780 subter,
1244 1712 1277 1765 ut
1298 1712 1395 1765 tamen

97 1824 193 1886 super
215 1813 245 1866 et
267 1805 370 1867 subter·
387 1807 567 1869 adverbiales
585 1807 652 1869 sint

57 1930 84 1971 rs
188 1908 345 1970 Localibus
370 1909 513 1972 adverbiis
541 1908 633 1988 gratia
660 1907 795 1970 dictionis
821 1909 899 1970 inest
922 1909 1029 1983 multa,
1063 1908 1156 1987 siquis
1190 1926 1253 1969 eam
1282 1907 1396 1970 cautius

98 2010 228 2088 diligens
250 2010 393 2090 producat
413 2011 444 2072 in
465 2012 601 2073 medium.

188 2113 289 2194 Longe
310 2132 364 2192 pro
385 2115 540 2195 praecipue
560 2114 700 2186 maxime,
723 2119 756 2173 ut

842 2213 1098 2294 Tiberinaque
1121 2216 1233 2294 louge

270 2317 376 2379 ostia.

57 2420 193 2499 solonge
214 2440 269 2501 pro
290 2418 470 2498 longitudine
491 2417 620 2482 Lucilius
643 2426 807 2481 saturarum
829 2419 886 2494 lll,

713 2520 828 2599 longe
849 2521 923 2582 tria
945 2521 1046 2581 milia
1068 2540 1232 2601 passum,
1266 2512 1271 2523 ’

101 2620 225 2683 Coelius
245 2621 431 2683 historiarum
451 2620 464 2681 l
482 2620 738 2685 ‘duodeciens
761 2624 783 2686 C
806 2623 910 2684 milia
934 2642 1112 2702 passuum
1133 2623 1274 2703 louge’.

189 2723 301 2786 Lautus
322 2721 416 2797 laute,
438 2722 504 2802 pius
523 2722 580 2802 pie.
614 2742 667 2783 cur
684 2731 715 2785 et
732 2724 826 2786 malus
848 2731 878 2784 et
899 2723 996 2785 bouus
1018 2743 1077 2787 non
1101 2724 1300 2805 producuntur
1321 2723 1399 2787 velut

10 2874 12 2885 .
102 2824 181 2886 male
200 2823 298 2886 bene‘l
340 2824 406 2903 quia
428 2824 458 2884 in
480 2825 696 2904 comparatione
718 2825 874 2889 dissimiles
896 2834 974 2888 suut
1019 2827 1089 2888 lacit
1114 2827 1192 2887 enirn
1219 2826 1316 2889 lautus
1337 2827 1398 2888 lau·

64 2950 93 2991 rs
106 2929 166 2989 tior
187 2927 383 3003 lautissimus,
418 2926 496 2988 laute
528 2923 646 2987 lautius
674 2927 852 3003 lautissime,
881 2929 975 2990 malus
1006 2935 1103 2990 autem
1136 2929 1274 3008 nequior,
1304 2929 1399 2991 bonus

107 3029 220 3092 melior.

192 3131 264 3192 Luci
286 3130 404 3192 Plautus
425 3130 456 3191 in
477 3130 702 3211 Amphitryone,
725 3114 812 3194 ‘hoc
833 3132 947 3207 luci’;
968 3131 1016 3193 uhi
1038 3132 1163 3193 Sisenna
1182 3136 1400 3212 ‘quaecumque

109 3232 227 3295 nomina
248 3252 265 3294 e
286 3232 381 3294 littera
403 3231 525 3294 ablativo
547 3233 686 3311 singulari
708 3235 901 3298 terminantur
920 3234 929 3294 i
951 3234 1047 3294 littera
1067 3234 1146 3294 linita
1162 3234 1296 3297 adverbia
1317 3237 1400 3311 liunt,

110 3344 142 3396 ut
163 3335 269 3396 maui’.

75 3452 101 3494 aa
194 3437 298 3498 Libere
320 3437 423 3499 Cicero
444 3457 498 3518 pro
518 3438 606 3500 Sexto
626 3438 751 3514 Roscio,
773 3443 859 3517 ‘ego
881 3436 1002 3499 omnia
1024 3456 1114 3516 quae
1136 3438 1293 3500 dicenda
1317 3448 1402 3500 sunt

113 3536 232 3599 lihere
254 3539 412 3601 dixero'.
428 3535 442 3617 ΙΙ

196 3640 331 3721 lilybaeo
351 3642 467 3704 Coelius
486 3641 673 3704 lrisurn'arum
693 3644 720 3719 l,
746 3618 1009 3721 ‘Sempronius
1031 3640 1210 3721 Lilybaeo
1234 3640 1402 3703 celocem

116 3739 150 3800 in
184 3741 345 3803 rttricam
383 3743 516 3819 mittit,
552 3744 679 3806 visere
715 3743 836 3804 locurn
872 3743 933 3805 ubi
969 3744 1176 3805 exercitum
1212 3745 1399 3823 exponat’.

119 3843 343 3923 praepositiones
363 3844 470 3905 etenim
491 3845 654 3909 civitatibus
677 3846 874 3927 denegantur,
899 3847 1036 3926 gentibus
1055 3846 1192 3909 serviunt

88 3957 110 3998 as
200 3944 291 4005 Lente
310 3945 445 4006 Afranius
465 3946 495 4007 iu
517 3948 724 4022 Consobrinis,

183 4235 196 4287 l
221 4234 286 4286 istoc
303 4189 464 4285 illeelrrosiua
481 4232 536 4285 fieri
557 4179 573 4284 ri
589 4242 674 4302 potest
688 4235 715 4285 N
738 4233 809 4285 Nihil
832 4235 916 4287 isthoc
934 4235 1116 4288 inlecebrosius
1135 4235 1191 4287 fleri
1208 4241 1293 4302 potat
1310 4232 1402 4285 Fabri·

120 4357 168 4404 ern
232 4355 293 4408 arn
311 4353 467 4420 epm...
486 4328 544 4404 ου’]
561 4355 654 4405 necron
672 4354 698 4403 rr
724 4355 750 4403 rn
770 4356 899 4422 vopisco,
923 4354 1020 4407 ceron
1035 4371 1057 4406 ω
1081 4357 1106 4405 in
1123 4355 1251 4420 Voptseo,
1273 4352 1327 4411 ouo
1342 4364 1404 4400 usu

120 4432 204 4484 cecidit
220 4431 355 4485 Μελίη
434 4432 597 4499 blmpeudio
615 4448 637 4482 ω
656 4435 769 4503 impedio
786 4434 812 4484 N
889 4434 1123 4487 7'l'useulunurum
1143 4431 1176 4499 ll]
1196 4432 1239 4495 23,
1258 4429 1291 4481 35
1371 4426 1404 4478 18

120 4532 298 4602 Tiberiusque]
319 4533 483 4600 Ver-pAerr.
504 4535 566 4586 113
653 4534 688 4586 20
710 4536 775 4587 lucil
796 4538 853 4588 satir
876 4539 922 4589 lll.
947 4536 1023 4606 longe
1042 4538 1076 4588 lll
1100 4533 1154 4585 mil.
1172 4546 1294 4601 passuum
1311 4530 1344 4580 Ν.
1372 4528 1405 4579 de
1438 4582 1444 4593 ,

120 4603 205 4657 teate
216 4606 363 4674 [rapueram
379 4603 446 4655 dtau
462 4603 486 4654 1.
499 4605 632 4657 necteres
649 4604 741 4657 Philet.
760 4608 807 4658 llll
819 4621 847 4671 p.
857 4607 951 4674 snsqq.
1023 4609 1057 4659 22
1074 4606 1135 4657 bist.
1155 4607 1174 4655 1.
1192 4602 1356 4654 duodeciens.
1374 4599 1403 4650 0.

119 4672 167 4727 ull
181 4674 208 4725 N
292 4676 328 4727 25
347 4673 531 4726 laute.tisaime
547 4674 607 4735 (om.
627 4674 735 4739 leutius)
754 4676 779 4726 Ν
862 4679 896 4729 27
914 4678 977 4744 plain
996 4679 1022 4727 in
1039 4677 1186 4742 emfltryone
1202 4672 1235 4722 Ν.
1253 4669 1404 4735 Arripiunt

121 4742 142 4801 l,
159 4742 190 4797 ta
272 4744 311 4799 30
329 4760 379 4810 ego
398 4746 455 4794 omi
471 4744 497 4794 Ν
518 4761 565 4813 ego
584 4746 684 4797 etiamsi
702 4749 788 4798 omniu
803 4746 951 4800 Fabricius:
970 4749 1021 4801 Cic.
1038 4762 1088 4812 pro
1105 4747 1179 4798 Noae.
1199 4744 1284 4794 Aruer.
1305 4741 1357 4805 La

120 4811 149 4863 32
164 4814 221 4866 hist
240 4817 259 4867 l.
279 4815 309 4866 N
377 4812 412 4867 55
427 4816 586 4866 consubriuis
604 4815 631 4865 N
