3114 5356
553 343 685 407 msnr.
711 314 952 408 emmanu
1332 345 1393 406 ors

159 473 183 513 ρ.
202 458 247 502 ιιι.
262 460 289 502 aa
303 458 329 505 r.
1179 472 1202 513 p.
1219 459 1264 502 rao.
1279 462 1302 503 ar
1319 459 1342 502 ι.
1421 462 1436 493 ο

105 531 189 594 aliud
208 538 307 593 autern
330 531 426 593 estin
448 531 508 606 illo,

693 633 793 714 signa
815 635 886 696 lata
911 654 1043 717 aspera
1066 653 1230 716 rumpas,

281 746 316 798 tu
341 733 544 798 Marcellus
567 735 656 811 eris;

109 857 292 918 quamquam
313 845 342 899 et
364 838 412 898 hio
433 839 517 918 siquo
538 838 626 899 modo
645 838 683 898 sit
705 838 878 900 audendum.

81 964 95 1004 s
199 939 307 1002 Sedulo
328 941 468 1002 llelenius
487 943 582 1003 Acron
608 940 636 1000 in
659 939 787 1020 Adelphs
811 940 925 1003 Terenti
953 944 1003 1004 ‘ut
1025 942 1116 1005 ialso'
1136 942 1231 1020 inqrrit
1255 945 1302 1002 ‘et
1324 960 1394 1003 eon-
1461 929 1472 950 ‘

108 1042 206 1117 sulto,
228 1041 285 1103 nisi
307 1042 381 1103 lorte
401 1042 449 1104 hic
467 1058 574 1104 nomen
593 1049 639 1102 est
661 1041 723 1102 sine
743 1041 811 1118 ddo,

509 1162 626 1223 usque
647 1163 664 1204 a
686 1145 802 1224 pueris
824 1145 949 1207 eurari
973 1145 1099 1208 ambos
1121 1146 1265 1208 sedulo.

109 1264 291 1326 quamquam
311 1246 350 1308 sit
369 1246 433 1308 sine
454 1246 536 1320 dolo,
563 1264 615 1326 per
635 1263 668 1305 se
688 1253 777 1306 mmor
798 1247 898 1308 sedulo
920 1247 963 1308 sie
982 1248 1081 1326 utique
1104 1255 1151 1310 est
1173 1255 1206 1310 ut
1227 1248 1329 1311 lalso'.

198 1348 338 1410 Sedulum
360 1330 480 1412 Plautus
504 1350 533 1411 in
552 1347 646 1411 Caeco
670 1346 714 1408 vel
732 1347 762 1408 in
777 1350 978 1429 praedonibus,
1197 1354 1204 1365 '

73 1477 98 1517 ro
280 1451 390 1513 velim
411 1459 445 1512 te
465 1450 642 1512 arbitrari
666 1451 804 1513 lactan.
846 1452 1040 1533 respondetur
1066 1454 1240 1516 sedulum
1262 1462 1333 1515 est:

277 1559 554 1614 summoventur
573 1553 723 1628 hostes,
744 1562 973 1616 removentur
993 1556 1153 1638 lapides.

196 1655 294 1716 Setius
314 1654 481 1715 tarditatem
504 1654 638 1716 incientis
652 1638 766 1716 'indicat
795 1657 888 1719 serius
910 1659 1067 1739 temporis:
1090 1658 1210 1720 lllaroV

279 1755 398 1818 eurrit
419 1755 492 1817 iter
516 1763 632 1819 tutum
655 1776 731 1818 non
753 1759 867 1821 setius
891 1779 1057 1838 aequore
1079 1759 1235 1835 classim

107 1866 139 1919 et
161 1858 192 1919 in
210 1858 368 1937 georgicon
387 1858 428 1920 lll

67 1991 92 2033 15
277 1960 426 2042 inte-rea
449 1967 530 2023 toto
553 1980 625 2023 non
647 1962 763 2024 setius
779 1981 861 2024 aere
886 1962 1044 2041 ninguit.

197 2062 321 2123 Strenue
341 2062 460 2125 Plautus
479 2063 509 2125 in
532 2064 626 2125 Caeco
645 2063 691 2124 vel
711 2063 741 2124 in
757 2058 980 2153 praedefinitum,
1001 2064 1050 2125 ‘si
1068 2082 1140 2125 non
1164 2072 1316 2127 strenue
1339 2067 1394 2126 la·

67 2184 77 2199 ’
104 2173 215 2225 tetur
237 2164 298 2225 ubi
321 2165 373 2226 sit
393 2185 519 2228 aurum
541 2164 699 2226 membra
721 2184 930 2229 emeremus
957 2171 1089 2241 serra’,
1121 2166 1197 2229 idem
1221 2167 1251 2227 in
1272 2166 1394 2228 Bacchi-

104 2265 918 2348 dibus‘converriteseopisagitestrenue'.
1337 2262 1342 2275 ’
1466 2253 1472 2262 ’

196 2368 336 2430 Seorsum
358 2371 429 2433 Cato
452 2390 557 2442 senex,
586 2373 740 2448 ‘suapte
760 2369 855 2430 natio
878 2389 941 2432 sua
963 2356 1141 2450 sepniata
1163 2374 1365 2433 seorsum'.

59 2498 91 2539 a
197 2470 323 2532 Seorsus
344 2471 479 2533 Afranius
499 2472 530 2541 in
552 2470 749 2551 Emancipato,
1322 2460 1324 2465 ’

275 2573 504 2653 principium
526 2573 594 2634 lroo
615 2592 679 2632 oro
702 2573 736 2633 in
758 2574 871 2635 animo
891 2573 1006 2641 utsio
1027 2584 1090 2636 tuo
1113 2582 1273 2651 statuas,

276 2673 422 2735 ollioiis
444 2676 528 2754 cogi
549 2681 588 2734 nt
608 2673 675 2735 abs
699 2681 731 2735 te
751 2693 897 2737 seorsus
918 2677 1075 2738 sentiam

213 2848 217 2855 ι
276 2764 321 2837 de
342 2776 468 2838 uxoria
487 2774 559 2857 rel

197 2877 415 2957 Singularie
436 2897 491 2959 pro
513 2878 713 2958 singulariter,
734 2880 814 2959 quasi
837 2880 918 2942 unice
942 2879 1060 2956 Cicero,
1085 2887 1116 2941 ut
1138 2880 1279 2943 Maximus
1303 2890 1393 2943 notat.

58 3005 92 3047 z
199 2978 382 3059 Stirpitus
405 2980 522 3053 Cicero,
549 2981 627 3059 quod
646 2982 722 3063 apud
741 3001 804 3043 eum
825 2981 900 3043 idem
921 2983 1061 3046 Maximus
1083 2982 1173 3046 semel
1194 2984 1321 3064 positum
1343 3003 1395 3046 no-

105 3089 168 3156 tat,
193 3083 262 3141 ‘ut'
285 3081 377 3160 inquit
396 3082 544 3145 ‘funditus
566 3083 703 3146 radicitus
711 3090 731 3144 ’.
924 3091 927 3096 '

108 3305 145 3356 12
157 3330 191 3339 -
204 3304 238 3354 22
255 3302 282 3351 Ν

215 3388 300 3439 Setius
317 3388 461 3439 tarditatem
480 3389 595 3440 incientis
611 3392 707 3442 indicat
722 3392 801 3440 serius
818 3389 939 3454 temporis
958 3404 1027 3439 maro
1050 3390 1098 3438 .V.
1122 3405 1179 3438 eur.
1190 3428 1196 3440 .
1207 3428 1214 3440 .
1225 3401 1294 3442 ..ter

108 3496 144 3546 15
179 3501 261 3543 tnturn
280 3493 296 3543 ιῑ
313 3494 394 3559 setius
411 3510 506 3560 potiore
524 3495 614 3546 elassis
631 3504 654 3546 et
672 3497 697 3545 in
716 3496 803 3561 georgi
825 3495 883 3543 ‚lll.
907 3476 974 3541 inlea
998 3502 1033 3542 tot
1043 3529 1136 3541 ......
1149 3508 1174 3541 re
1194 3495 1293 3560 ninguit

214 3578 321 3630 Strenue
335 3580 437 3645 plantus
452 3583 476 3630 in
490 3597 551 3647 epea
566 3585 581 3633 ῐι
595 3585 620 3633 in
632 3585 735 3651 pdonib:
748 3583 770 3632 sl
784 3582 910 3652 fistrenue
927 3572 996 3629 iatet‘
1011 3581 1053 3629 ubi
1071 3581 1104 3629 sit
1119 3582 1166 3629 aui
1181 3582 1292 3631 membra
1313 3602 1319 3615 ·

179 3680 330 3718 exseeemus
369 3683 438 3718 serra
477 3670 544 3720 idern
581 3671 606 3720 in
645 3669 735 3720 bacehi
772 3669 911 3718 conuerrite
951 3667 1037 3733 scopis
1076 3668 1145 3733 agite
1178 3675 1246 3723 streu

214 3751 336 3803 Seorsum
354 3766 409 3807 eato
427 3772 505 3807 senex
524 3764 618 3823 suapte
632 3758 700 3806 natio
718 3771 764 3805 sua
782 3763 897 3822 separata
915 3770 1030 3805 seorsum
1045 3753 1069 3821 ll
1084 3755 1141 3819 cogi
1160 3760 1186 3802 ut
1204 3753 1249 3802 abs
1268 3761 1292 3802 te

105 3840 143 3892 20
213 3838 321 3890 Seorsus
339 3840 411 3891 alrar'r
424 3844 449 3891 in
464 3844 536 3893 emani
554 3843 704 3909 principium
720 3843 745 3896 lr.
759 3858 803 3894 oro
816 3845 841 3892 in
854 3844 937 3893 animo
950 3850 977 3891 ut
990 3841 1069 3891 sistuo
1083 3852 1134 3890 sta.
1145 3876 1151 3888 .
1162 3855 1187 3888 .s
1198 3839 1290 3897 oilleiis

178 3942 281 3979 seorsus

180 4067 212 4118 la
231 4066 314 4116 Currit
331 4070 377 4117 iter
395 4083 416 4117 ω
470 4068 502 4119 15
518 4077 569 4119 toto
588 4084 637 4119 non
655 4071 739 4121 secius
757 4084 813 4119 aere
830 4069 912 4134 ningit
928 4084 951 4117 ω
1010 4066 1043 4117 18
1061 4075 1170 4116 strenue.
1187 4064 1306 4116 Seorsum
1321 4082 1343 4116 ω

104 4137 140 4186 21
157 4145 184 4184 ut
203 4137 240 4187 sic
258 4147 301 4187 tuo
319 4146 413 4189 statuas
430 4153 451 4187 ω

177 4311 297 4378 2siqua]
321 4315 399 4380 Verp.
417 4315 483 4365 Aen.
503 4315 537 4362 Vl
553 4313 604 4365 883
682 4308 890 4379 otnadelphis]
908 4312 931 4360 V
949 4308 975 4373 0,
994 4310 1018 4360 ι’).
1036 4311 1071 4372 cf.
1089 4309 1229 4372 eterno
1250 4308 1299 4361 173
1377 4310 1395 4361 o

106 4384 150 4434 lxie
165 4384 183 4432 ιῐ
198 4385 212 4432 ἓ
230 4383 264 4434 all.
277 4384 319 4433 lrie
335 4392 373 4433 est
390 4383 525 4433 Paracletus
613 4382 645 4433 10
668 4380 847 4448 respondetur]
868 4384 892 4439 R
909 4381 936 4429 N
1021 4380 1053 4430 12
1072 4381 1140 4429 llere
1158 4374 1198 4442 V]
1217 4377 1283 4428 Aen.
1303 4379 1396 4431 11802

178 4453 210 4504 lt
236 4454 373 4519 georgicon
399 4451 448 4519 lll]
471 4453 521 4506 367
607 4453 639 4503 16
664 4455 687 4503 si
708 4469 758 4503 nou
779 4462 879 4504 strenue
901 4450 993 4502 latetur
1016 4451 1060 4500 ubi
1087 4450 1121 4498 sit
1143 4461 1232 4498 eurum
1254 4449 1394 4511 eonditum,

107 4521 223 4572 Membra
241 4525 264 4573 ei
281 4539 430 4574 exseeemus
447 4538 517 4573 serra
537 4521 863 4576 Heraclammonem.
881 4524 972 4572 noeirs.
992 4521 1036 4571 llll
1050 4535 1079 4584 p.
1100 4517 1151 4570 573
1235 4518 1268 4568 18
1290 4534 1396 4570 eonver-

107 4592 156 4641 rite
172 4594 245 4643 sedis
264 4596 350 4659 scopis
367 4596 435 4660 agite
452 4592 719 4644 sirenuelo'ectettae
735 4596 753 4642 ι.
772 4610 794 4643 e.
814 4601 840 4645 et
855 4594 942 4645 Pione.
960 4574 1055 4643 Baeell.
1078 4590 1110 4641 10
1180 4588 1213 4641 19
1226 4586 1327 4655 suapte]
1346 4605 1397 4654 qua

105 4671 162 4711 arte
174 4663 308 4714 Petronius
392 4666 424 4716 21
451 4672 478 4713 ιιι
501 4664 538 4712 sio
559 4671 654 4714 statuas
672 4673 715 4713 tuo
735 4664 840 4715 Bonam
853 4670 922 4728 poet.
940 4678 1007 4713 scen.
1023 4661 1085 4712 Lat.
1104 4660 1160 4710 112
1174 4674 1201 4722 p.
1223 4657 1271 4709 167
1290 4660 1327 4709 sie
1344 4670 1396 4710 sta·
1485 4712 1493 4735 5
1542 4660 1548 4671 '

105 4744 165 4780 inas
182 4741 223 4783 tuo
240 4732 391 4784 Ribbeekr'us
407 4749 468 4785 eom.
489 4734 550 4784 Lat.
570 4734 616 4784 rel.
634 4749 662 4796 p.
682 4734 731 4785 150
817 4736 851 4784 24
873 4733 997 4797 singulari
1020 4745 1067 4796 pro
1090 4729 1254 4795 singulariter
1272 4738 1395 4794 excerpta

105 4800 249 4853 Ber-remia
318 4804 352 4855 25
370 4801 473 4869 Cicero]
497 4802 595 4856 Turoni.
613 4804 678 4868 disp.
699 4802 802 4863 111138,
818 4802 853 4854 83
867 4804 984 4868 stirpitus
1002 4799 1163 4868 philosophia
1178 4815 1210 4850 ss
1228 4808 1395 4851 extracturum

104 4870 240 4936 pollicetur
