<?xml version="1.0" encoding="UTF-8"?>
<!DOCTYPE html PUBLIC "-//W3C//DTD XHTML 1.0 Transitional//EN"
    "http://www.w3.org/TR/xhtml1/DTD/xhtml1-transitional.dtd">
<html xmlns="http://www.w3.org/1999/xhtml" xml:lang="en" lang="en">
 <head>
  <title>
</title>
<meta http-equiv="Content-Type" content="text/html;charset=utf-8" />
  <meta name='ocr-system' content='tesseract 3.04.00' />
  <meta name='ocr-capabilities' content='ocr_page ocr_carea ocr_par ocr_line ocrx_word'/>
</head>
<body>
  <div class='ocr_page' id='page_1' title='image "./grammaticilatin02keilgoog_0151.png"; bbox 0 0 3114 5356; ppageno 0'>
   <div class='ocr_carea' id='block_1_1' title="bbox 217 288 1547 2717">
    <p class='ocr_par' dir='ltr' id='par_1_1' title="bbox 223 288 952 353">
     <span class='ocr_line' id='line_1_1' title="bbox 223 288 952 353; baseline 0.003 -2"><span class='ocrx_word' id='word_1_1' title='bbox 223 288 264 352; x_wconf 83' lang='lat'><strong>82</strong></span> <span class='ocrx_word' id='word_1_2' title='bbox 789 289 952 353; x_wconf 74' lang='lat' dir='ltr'><strong>cunulstl</strong></span> 
     </span>
    </p>

    <p class='ocr_par' dir='ltr' id='par_1_2' title="bbox 222 399 1518 861">
     <span class='ocr_line' id='line_1_2' title="bbox 274 399 1504 477; baseline -0.001 -27"><span class='ocrx_word' id='word_1_3' title='bbox 274 405 423 462; x_wconf 53' lang='lat' dir='ltr'><strong>emen</strong></span> <span class='ocrx_word' id='word_1_4' title='bbox 794 399 796 403; x_wconf 82' lang='grc'><strong>“</strong></span> <span class='ocrx_word' id='word_1_5' title='bbox 1314 407 1504 477; x_wconf 26' lang='lat' dir='ltr'><strong>nunn-</strong></span> 
     </span>
     <span class='ocr_line' id='line_1_3' title="bbox 224 477 1518 561; baseline 0.001 -20"><span class='ocrx_word' id='word_1_6' title='bbox 224 480 375 561; x_wconf 87' lang='lat' dir='ltr'><strong>displicet‚</strong></span> <span class='ocrx_word' id='word_1_7' title='bbox 404 484 558 559; x_wconf 87' lang='lat' dir='ltr'><strong>propterea</strong></span> <span class='ocrx_word' id='word_1_8' title='bbox 586 477 663 554; x_wconf 87' lang='lat' dir='ltr'><strong>quod</strong></span> <span class='ocrx_word' id='word_1_9' title='bbox 694 496 759 538; x_wconf 91' lang='lat' dir='ltr'><strong>cum</strong></span> <span class='ocrx_word' id='word_1_10' title='bbox 789 479 913 541; x_wconf 83' lang='lat' dir='ltr'>dicimus</span> <span class='ocrx_word' id='word_1_11' title='bbox 940 477 1093 557; x_wconf 73' lang='lat' dir='ltr'><strong>perendie,</strong></span> <span class='ocrx_word' id='word_1_12' title='bbox 1123 479 1328 557; x_wconf 78' lang='lat' dir='ltr'><strong>postponimus</strong></span> <span class='ocrx_word' id='word_1_13' title='bbox 1356 478 1419 555; x_wconf 89' lang='lat' dir='ltr'><strong>die;</strong></span> <span class='ocrx_word' id='word_1_14' title='bbox 1445 490 1518 542; x_wconf 79' lang='lat' dir='ltr'><strong>cum·</strong></span> 
     </span>
     <span class='ocr_line' id='line_1_4' title="bbox 223 578 1516 660; baseline 0.001 -16"><span class='ocrx_word' id='word_1_15' title='bbox 223 602 291 644; x_wconf 86' lang='lat' dir='ltr'><strong>vero</strong></span> <span class='ocrx_word' id='word_1_16' title='bbox 319 581 483 660; x_wconf 86' lang='lat' dir='ltr'><strong>diequarte,</strong></span> <span class='ocrx_word' id='word_1_17' title='bbox 510 579 726 660; x_wconf 79' lang='lat' dir='ltr'>praeponimus.</span> <span class='ocrx_word' id='word_1_18' title='bbox 777 580 828 641; x_wconf 92' lang='lat' dir='ltr'><strong>sed</strong></span> <span class='ocrx_word' id='word_1_19' title='bbox 855 588 967 643; x_wconf 85' lang='lat' dir='ltr'><strong>veteres</strong></span> <span class='ocrx_word' id='word_1_20' title='bbox 998 599 1058 641; x_wconf 94' lang='lat' dir='ltr'><strong>non</strong></span> <span class='ocrx_word' id='word_1_21' title='bbox 1088 578 1172 641; x_wconf 89' lang='lat' dir='ltr'><strong>aliter</strong></span> <span class='ocrx_word' id='word_1_22' title='bbox 1199 581 1288 642; x_wconf 89' lang='lat' dir='ltr'><strong>locuti</strong></span> <span class='ocrx_word' id='word_1_23' title='bbox 1316 589 1395 642; x_wconf 90' lang='lat' dir='ltr'><strong>sunt.</strong></span> <span class='ocrx_word' id='word_1_24' title='bbox 1452 586 1466 597; x_wconf 83' lang='grc'><strong><em>”</em></strong></span> <span class='ocrx_word' id='word_1_25' title='bbox 1484 592 1516 645; x_wconf 90' lang='lat' dir='ltr'><strong>nt</strong></span> 
     </span>
     <span class='ocr_line' id='line_1_5' title="bbox 223 680 1515 764; baseline -0.001 -17"><span class='ocrx_word' id='word_1_26' title='bbox 223 685 301 747; x_wconf 90' lang='lat' dir='ltr'><strong>enim</strong></span> <span class='ocrx_word' id='word_1_27' title='bbox 330 682 486 744; x_wconf 92' lang='lat' dir='ltr'><strong>coniuncta</strong></span> <span class='ocrx_word' id='word_1_28' title='bbox 512 690 541 742; x_wconf 90' lang='lat' dir='ltr'><strong>et</strong></span> <span class='ocrx_word' id='word_1_29' title='bbox 562 680 727 742; x_wconf 87' lang='lat' dir='ltr'><strong>nominatur</strong></span> <span class='ocrx_word' id='word_1_30' title='bbox 746 700 800 762; x_wconf 89' lang='lat' dir='ltr'><strong>per</strong></span> <span class='ocrx_word' id='word_1_31' title='bbox 820 701 854 743; x_wconf 92' lang='lat' dir='ltr'><strong>ea</strong></span> <span class='ocrx_word' id='word_1_32' title='bbox 875 691 1006 764; x_wconf 87' lang='lat' dir='ltr'><strong>tempus,</strong></span> <span class='ocrx_word' id='word_1_33' title='bbox 1033 700 1092 743; x_wconf 94' lang='lat' dir='ltr'><strong>non</strong></span> <span class='ocrx_word' id='word_1_34' title='bbox 1114 691 1299 760; x_wconf 90' lang='lat' dir='ltr'><strong>numeratur,</strong></span> <span class='ocrx_word' id='word_1_35' title='bbox 1327 691 1360 745; x_wconf 90' lang='lat' dir='ltr'><strong>ut</strong></span> <span class='ocrx_word' id='word_1_36' title='bbox 1387 684 1515 761; x_wconf 80' lang='lat' dir='ltr'><strong>inillis,</strong></span> 
     </span>
     <span class='ocr_line' id='line_1_6' title="bbox 222 764 1483 861; baseline -0.01 -11"><span class='ocrx_word' id='word_1_37' title='bbox 222 764 329 850; x_wconf 87' lang='lat' dir='ltr'><strong>nudius</strong></span> <span class='ocrx_word' id='word_1_38' title='bbox 346 785 449 846; x_wconf 87' lang='lat' dir='ltr'><strong>tertius</strong></span> <span class='ocrx_word' id='word_1_39' title='bbox 470 790 499 844; x_wconf 91' lang='lat' dir='ltr'><strong>et</strong></span> <span class='ocrx_word' id='word_1_40' title='bbox 516 782 623 844; x_wconf 89' lang='lat' dir='ltr'><strong>nudius</strong></span> <span class='ocrx_word' id='word_1_41' title='bbox 643 791 773 861; x_wconf 68' lang='lat' dir='ltr'><strong>quartus·</strong></span> <span class='ocrx_word' id='word_1_42' title='bbox 1478 846 1483 853; x_wconf 51' lang='grc'>,</span> 
     </span>
    </p>

    <p class='ocr_par' dir='ltr' id='par_1_3' title="bbox 306 885 1541 967">
     <span class='ocr_line' id='line_1_7' title="bbox 306 885 1541 967; baseline -0.001 -17"><span class='ocrx_word' id='word_1_43' title='bbox 306 889 380 950; x_wconf 89' lang='lat' dir='ltr'><strong>luris</strong></span> <span class='ocrx_word' id='word_1_44' title='bbox 409 885 560 949; x_wconf 81' lang='lat' dir='ltr'><strong>consudtus</strong></span> <span class='ocrx_word' id='word_1_45' title='bbox 588 885 644 946; x_wconf 90' lang='lat' dir='ltr'><strong>dici</strong></span> <span class='ocrx_word' id='word_1_46' title='bbox 665 885 768 960; x_wconf 87' lang='lat' dir='ltr'><strong>debet,</strong></span> <span class='ocrx_word' id='word_1_47' title='bbox 796 903 854 946; x_wconf 93' lang='lat' dir='ltr'><strong>non</strong></span> <span class='ocrx_word' id='word_1_48' title='bbox 882 886 944 947; x_wconf 90' lang='lat' dir='ltr'><strong>iure</strong></span> <span class='ocrx_word' id='word_1_49' title='bbox 967 887 1134 964; x_wconf 89' lang='lat' dir='ltr'><strong>consultus;</strong></span> <span class='ocrx_word' id='word_1_50' title='bbox 1159 887 1226 949; x_wconf 91' lang='lat' dir='ltr'><strong>licet</strong></span> <span class='ocrx_word' id='word_1_51' title='bbox 1248 887 1351 951; x_wconf 85' lang='lat' dir='ltr'><strong>Cicero</strong></span> <span class='ocrx_word' id='word_1_52' title='bbox 1371 904 1427 967; x_wconf 93' lang='lat' dir='ltr'><strong>pro</strong></span> <span class='ocrx_word' id='word_1_53' title='bbox 1451 886 1541 965; x_wconf 65' lang='lat' dir='ltr'><strong>liu-J</strong></span> 
     </span>
    </p>

    <p class='ocr_par' dir='ltr' id='par_1_4' title="bbox 223 986 1113 1068">
     <span class='ocr_line' id='line_1_8' title="bbox 223 986 1113 1068; baseline -0.008 -12"><span class='ocrx_word' id='word_1_54' title='bbox 223 1012 292 1056; x_wconf 87' lang='lat' dir='ltr'><strong>rena</strong></span> <span class='ocrx_word' id='word_1_55' title='bbox 315 993 353 1053; x_wconf 89' lang='lat' dir='ltr'><strong>ita</strong></span> <span class='ocrx_word' id='word_1_56' title='bbox 375 989 492 1064; x_wconf 85' lang='lat' dir='ltr'><strong>dixerit,</strong></span> <span class='ocrx_word' id='word_1_57' title='bbox 516 996 546 1049; x_wconf 92' lang='lat' dir='ltr'><strong>et</strong></span> <span class='ocrx_word' id='word_1_58' title='bbox 566 986 695 1049; x_wconf 79' lang='lat' dir='ltr'><strong>Lucilius</strong></span> <span class='ocrx_word' id='word_1_59' title='bbox 714 987 756 1063; x_wconf 92' lang='grc'><strong>11,</strong></span> <span class='ocrx_word' id='word_1_60' title='bbox 785 996 816 1048; x_wconf 86' lang='lat' dir='ltr'><strong>ut</strong></span> <span class='ocrx_word' id='word_1_61' title='bbox 838 987 901 1048; x_wconf 91' lang='lat' dir='ltr'><strong>iure</strong></span> <span class='ocrx_word' id='word_1_62' title='bbox 923 988 1043 1068; x_wconf 87' lang='lat' dir='ltr'><strong>peritus.</strong></span> <span class='ocrx_word' id='word_1_63' title='bbox 1104 1030 1113 1049; x_wconf 86' lang='lat'><strong>.</strong></span> 
     </span>
    </p>

    <p class='ocr_par' dir='ltr' id='par_1_5' title="bbox 221 1089 1547 1586">
     <span class='ocr_line' id='line_1_9' title="bbox 307 1089 1514 1170; baseline -0.002 -14"><span class='ocrx_word' id='word_1_64' title='bbox 307 1096 434 1156; x_wconf 87' lang='lat' dir='ltr'><strong>Graccus</strong></span> <span class='ocrx_word' id='word_1_65' title='bbox 463 1100 491 1152; x_wconf 89' lang='lat' dir='ltr'><strong>et</strong></span> <span class='ocrx_word' id='word_1_66' title='bbox 518 1097 599 1151; x_wconf 74' lang='lat' dir='ltr'><strong>onus</strong></span> <span class='ocrx_word' id='word_1_67' title='bbox 630 1091 693 1151; x_wconf 91' lang='lat' dir='ltr'><strong>sine</strong></span> <span class='ocrx_word' id='word_1_68' title='bbox 720 1089 916 1170; x_wconf 76' lang='lat' dir='ltr'><strong>adspiratione</strong></span> <span class='ocrx_word' id='word_1_69' title='bbox 945 1090 1000 1152; x_wconf 91' lang='lat' dir='ltr'><strong>dici</strong></span> <span class='ocrx_word' id='word_1_70' title='bbox 1028 1092 1135 1153; x_wconf 87' lang='lat' dir='ltr'><strong>debere</strong></span> <span class='ocrx_word' id='word_1_71' title='bbox 1158 1093 1247 1154; x_wconf 88' lang='lat' dir='ltr'><strong>Varro</strong></span> <span class='ocrx_word' id='word_1_72' title='bbox 1272 1091 1329 1167; x_wconf 90' lang='lat' dir='ltr'><strong>ait;</strong></span> <span class='ocrx_word' id='word_1_73' title='bbox 1355 1101 1385 1153; x_wconf 90' lang='lat' dir='ltr'><strong>et</strong></span> <span class='ocrx_word' id='word_1_74' title='bbox 1413 1102 1514 1154; x_wconf 90' lang='lat' dir='ltr'><strong>ortum</strong></span> 
     </span>
     <span class='ocr_line' id='line_1_10' title="bbox 223 1192 1515 1279; baseline -0.003 -19"><span class='ocrx_word' id='word_1_75' title='bbox 223 1199 354 1279; x_wconf 86' lang='lat' dir='ltr'><strong>quidem,</strong></span> <span class='ocrx_word' id='word_1_76' title='bbox 375 1194 451 1276; x_wconf 90' lang='lat' dir='ltr'><strong>quod</strong></span> <span class='ocrx_word' id='word_1_77' title='bbox 472 1195 502 1255; x_wconf 93' lang='lat' dir='ltr'><strong>in</strong></span> <span class='ocrx_word' id='word_1_78' title='bbox 515 1212 558 1254; x_wconf 90' lang='lat' dir='ltr'><strong>.eo</strong></span> <span class='ocrx_word' id='word_1_79' title='bbox 580 1193 677 1254; x_wconf 90' lang='lat' dir='ltr'><strong>omnia</strong></span> <span class='ocrx_word' id='word_1_80' title='bbox 698 1192 844 1267; x_wconf 85' lang='lat' dir='ltr'><strong>oriamur,</strong></span> <span class='ocrx_word' id='word_1_81' title='bbox 869 1193 1010 1255; x_wconf 86' lang='lat' dir='ltr'><strong>Graccum</strong></span> <span class='ocrx_word' id='word_1_82' title='bbox 1034 1202 1130 1255; x_wconf 91' lang='lat' dir='ltr'><strong>autem</strong></span> <span class='ocrx_word' id='word_1_83' title='bbox 1153 1194 1331 1273; x_wconf 81' lang='lat' dir='ltr'><strong>agerendo,</strong></span> <span class='ocrx_word' id='word_1_84' title='bbox 1351 1195 1430 1272; x_wconf 80' lang='lat' dir='ltr'><strong>qrred</strong></span> <span class='ocrx_word' id='word_1_85' title='bbox 1452 1215 1515 1256; x_wconf 89' lang='lat' dir='ltr'><strong>ma-</strong></span> 
     </span>
     <span class='ocr_line' id='line_1_11' title="bbox 221 1295 1513 1379; baseline -0.003 -16"><span class='ocrx_word' id='word_1_86' title='bbox 221 1311 266 1363; x_wconf 91' lang='lat' dir='ltr'><strong>ter</strong></span> <span class='ocrx_word' id='word_1_87' title='bbox 284 1301 347 1362; x_wconf 87' lang='lat' dir='ltr'><strong>eius</strong></span> <span class='ocrx_word' id='word_1_88' title='bbox 365 1297 517 1359; x_wconf 90' lang='lat' dir='ltr'><strong>duodecim</strong></span> <span class='ocrx_word' id='word_1_89' title='bbox 538 1295 689 1357; x_wconf 87' lang='lat' dir='ltr'><strong>mensibus</strong></span> <span class='ocrx_word' id='word_1_90' title='bbox 708 1303 791 1356; x_wconf 91' lang='lat' dir='ltr'><strong>utero</strong></span> <span class='ocrx_word' id='word_1_91' title='bbox 809 1312 874 1354; x_wconf 88' lang='lat' dir='ltr'><strong>eum</strong></span> <span class='ocrx_word' id='word_1_92' title='bbox 888 1296 1063 1373; x_wconf 75' lang='lat' dir='ltr'><strong>gestaverit,</strong></span> <span class='ocrx_word' id='word_1_93' title='bbox 1085 1296 1128 1357; x_wconf 84' lang='lat' dir='ltr'><strong>rel</strong></span> <span class='ocrx_word' id='word_1_94' title='bbox 1150 1314 1166 1356; x_wconf 92' lang='lat' dir='ltr'><strong>a</strong></span> <span class='ocrx_word' id='word_1_95' title='bbox 1189 1295 1349 1373; x_wconf 75' lang='lat' dir='ltr'><strong>gracilitate</strong></span> <span class='ocrx_word' id='word_1_96' title='bbox 1369 1299 1513 1379; x_wconf 86' lang='lat' dir='ltr'><strong>corporis,</strong></span> 
     </span>
     <span class='ocr_line' id='line_1_12' title="bbox 222 1396 1547 1482; baseline -0.002 -17"><span class='ocrx_word' id='word_1_97' title='bbox 222 1414 253 1465; x_wconf 92' lang='lat' dir='ltr'><strong>ut</strong></span> <span class='ocrx_word' id='word_1_98' title='bbox 276 1403 392 1482; x_wconf 85' lang='lat' dir='ltr'><strong>quidam</strong></span> <span class='ocrx_word' id='word_1_99' title='bbox 413 1399 522 1461; x_wconf 85' lang='lat' dir='ltr'><strong>volunt.</strong></span> <span class='ocrx_word' id='word_1_100' title='bbox 566 1397 618 1458; x_wconf 89' lang='lat' dir='ltr'><strong>sed</strong></span> <span class='ocrx_word' id='word_1_101' title='bbox 638 1396 818 1458; x_wconf 91' lang='lat' dir='ltr'><strong>consuetudo</strong></span> <span class='ocrx_word' id='word_1_102' title='bbox 841 1405 870 1457; x_wconf 94' lang='lat' dir='ltr'><strong>et</strong></span> <span class='ocrx_word' id='word_1_103' title='bbox 892 1398 1038 1459; x_wconf 82' lang='lat' dir='ltr'><strong>Gracchos</strong></span> <span class='ocrx_word' id='word_1_104' title='bbox 1061 1406 1089 1458; x_wconf 91' lang='lat' dir='ltr'><strong>ot</strong></span> <span class='ocrx_word' id='word_1_105' title='bbox 1108 1397 1209 1458; x_wconf 87' lang='lat' dir='ltr'><strong>hortos</strong></span> <span class='ocrx_word' id='word_1_106' title='bbox 1229 1416 1295 1459; x_wconf 89' lang='lat' dir='ltr'><strong>curn</strong></span> <span class='ocrx_word' id='word_1_107' title='bbox 1313 1398 1547 1480; x_wconf 67' lang='lat' dir='ltr'><strong>adspirationem</strong></span> 
     </span>
     <span class='ocr_line' id='line_1_13' title="bbox 221 1504 380 1586; baseline -0.025 -19"><span class='ocrx_word' id='word_1_108' title='bbox 221 1504 380 1586; x_wconf 85' lang='lat' dir='ltr'><strong>usurparit.</strong></span> 
     </span>
    </p>

    <p class='ocr_par' dir='ltr' id='par_1_6' title="bbox 306 1599 1207 1668">
     <span class='ocr_line' id='line_1_14' title="bbox 306 1599 1207 1668; baseline -0.006 0"><span class='ocrx_word' id='word_1_109' title='bbox 306 1605 517 1668; x_wconf 85' lang='lat' dir='ltr'><strong>Conlactaneus</strong></span> <span class='ocrx_word' id='word_1_110' title='bbox 539 1600 596 1662; x_wconf 91' lang='lat' dir='ltr'><strong>dici</strong></span> <span class='ocrx_word' id='word_1_111' title='bbox 616 1599 712 1661; x_wconf 88' lang='lat' dir='ltr'><strong>dehet.</strong></span> <span class='ocrx_word' id='word_1_112' title='bbox 756 1618 823 1661; x_wconf 91' lang='lat' dir='ltr'><strong>nam</strong></span> <span class='ocrx_word' id='word_1_113' title='bbox 845 1600 1002 1665; x_wconf 88' lang='lat' dir='ltr'><strong>collacteus</strong></span> <span class='ocrx_word' id='word_1_114' title='bbox 1023 1621 1109 1664; x_wconf 92' lang='lat' dir='ltr'><strong>nemo</strong></span> <span class='ocrx_word' id='word_1_115' title='bbox 1128 1602 1207 1664; x_wconf 85' lang='lat' dir='ltr'><strong>dicit.</strong></span> 
     </span>
    </p>

    <p class='ocr_par' dir='ltr' id='par_1_7' title="bbox 217 1703 1546 2607">
     <span class='ocr_line' id='line_1_15' title="bbox 304 1703 1512 1782; baseline 0 -13"><span class='ocrx_word' id='word_1_116' title='bbox 304 1709 353 1769; x_wconf 83' lang='lat' dir='ltr'><strong>Er.</strong></span> <span class='ocrx_word' id='word_1_117' title='bbox 398 1705 494 1768; x_wconf 92' lang='lat' dir='ltr'><strong>omnia</strong></span> <span class='ocrx_word' id='word_1_118' title='bbox 522 1703 638 1764; x_wconf 92' lang='lat' dir='ltr'><strong>nomina</strong></span> <span class='ocrx_word' id='word_1_119' title='bbox 661 1720 736 1782; x_wconf 86' lang='lat' dir='ltr'><strong>quae</strong></span> <span class='ocrx_word' id='word_1_120' title='bbox 757 1703 931 1766; x_wconf 84' lang='lat' dir='ltr'><strong>nominativo</strong></span> <span class='ocrx_word' id='word_1_121' title='bbox 949 1724 1022 1767; x_wconf 83' lang='lat' dir='ltr'><strong>casu</strong></span> <span class='ocrx_word' id='word_1_122' title='bbox 1043 1706 1073 1767; x_wconf 89' lang='lat' dir='ltr'><strong>in</strong></span> <span class='ocrx_word' id='word_1_123' title='bbox 1100 1724 1132 1766; x_wconf 92' lang='lat' dir='ltr'><strong>er</strong></span> <span class='ocrx_word' id='word_1_124' title='bbox 1153 1703 1343 1767; x_wconf 82' lang='lat' dir='ltr'><strong>terminantur</strong></span> <span class='ocrx_word' id='word_1_125' title='bbox 1365 1714 1416 1767; x_wconf 85' lang='lat' dir='ltr'><strong>aut</strong></span> <span class='ocrx_word' id='word_1_126' title='bbox 1434 1725 1512 1769; x_wconf 86' lang='lat' dir='ltr'><strong>mas·</strong></span> 
     </span>
     <span class='ocr_line' id='line_1_16' title="bbox 220 1805 1511 1889; baseline -0.004 -15"><span class='ocrx_word' id='word_1_127' title='bbox 220 1811 315 1874; x_wconf 87' lang='lat' dir='ltr'><strong>culina</strong></span> <span class='ocrx_word' id='word_1_128' title='bbox 338 1816 389 1870; x_wconf 87' lang='lat' dir='ltr'><strong>aut</strong></span> <span class='ocrx_word' id='word_1_129' title='bbox 410 1807 548 1870; x_wconf 89' lang='lat' dir='ltr'><strong>lominina</strong></span> <span class='ocrx_word' id='word_1_130' title='bbox 571 1812 654 1880; x_wconf 86' lang='lat' dir='ltr'><strong>sunt,</strong></span> <span class='ocrx_word' id='word_1_131' title='bbox 677 1823 751 1885; x_wconf 83' lang='lat' dir='ltr'><strong>quae</strong></span> <span class='ocrx_word' id='word_1_132' title='bbox 773 1825 895 1868; x_wconf 87' lang='lat' dir='ltr'><strong>necesse</strong></span> <span class='ocrx_word' id='word_1_133' title='bbox 914 1814 958 1868; x_wconf 90' lang='lat' dir='ltr'><strong>est</strong></span> <span class='ocrx_word' id='word_1_134' title='bbox 981 1816 1013 1869; x_wconf 89' lang='lat' dir='ltr'><strong>ut</strong></span> <span class='ocrx_word' id='word_1_135' title='bbox 1034 1805 1166 1885; x_wconf 81' lang='lat' dir='ltr'><strong>genetivo</strong></span> <span class='ocrx_word' id='word_1_136' title='bbox 1188 1826 1258 1869; x_wconf 88' lang='lat' dir='ltr'><strong>casu</strong></span> <span class='ocrx_word' id='word_1_137' title='bbox 1282 1816 1332 1869; x_wconf 91' lang='lat' dir='ltr'><strong>aut</strong></span> <span class='ocrx_word' id='word_1_138' title='bbox 1353 1809 1435 1889; x_wconf 90' lang='lat' dir='ltr'><strong>peri</strong></span> <span class='ocrx_word' id='word_1_139' title='bbox 1461 1816 1511 1871; x_wconf 90' lang='lat' dir='ltr'><strong>aut</strong></span> 
     </span>
     <span class='ocr_line' id='line_1_17' title="bbox 219 1902 1546 1995; baseline -0.001 -20"><span class='ocrx_word' id='word_1_140' title='bbox 219 1933 273 1995; x_wconf 92' lang='lat' dir='ltr'><strong>por</strong></span> <span class='ocrx_word' id='word_1_141' title='bbox 291 1913 317 1973; x_wconf 90' lang='lat' dir='ltr'><strong>is</strong></span> <span class='ocrx_word' id='word_1_142' title='bbox 337 1911 448 1972; x_wconf 86' lang='lat' dir='ltr'><strong>litteras</strong></span> <span class='ocrx_word' id='word_1_143' title='bbox 467 1917 584 1983; x_wconf 84' lang='lat' dir='ltr'><strong>exeant,</strong></span> <span class='ocrx_word' id='word_1_144' title='bbox 614 1910 741 1991; x_wconf 78' lang='lat' dir='ltr'><strong>exceptis</strong></span> <span class='ocrx_word' id='word_1_145' title='bbox 763 1909 825 1984; x_wconf 83' lang='lat' dir='ltr'><strong>nis,</strong></span> <span class='ocrx_word' id='word_1_146' title='bbox 852 1928 927 1988; x_wconf 83' lang='lat' dir='ltr'><strong>quae</strong></span> <span class='ocrx_word' id='word_1_147' title='bbox 947 1909 1046 1988; x_wconf 85' lang='lat' dir='ltr'><strong>utique</strong></span> <span class='ocrx_word' id='word_1_148' title='bbox 1074 1902 1214 1970; x_wconf 82' lang='lat' dir='ltr'><strong>neutralia</strong></span> <span class='ocrx_word' id='word_1_149' title='bbox 1238 1918 1324 1985; x_wconf 90' lang='lat' dir='ltr'><strong>sunt,</strong></span> <span class='ocrx_word' id='word_1_150' title='bbox 1351 1910 1406 1971; x_wconf 90' lang='lat' dir='ltr'><strong>iter</strong></span> <span class='ocrx_word' id='word_1_151' title='bbox 1432 1909 1510 1972; x_wconf 85' lang='lat' dir='ltr'><strong>cicer</strong></span> <span class='ocrx_word' id='word_1_152' title='bbox 1524 1930 1546 1975; x_wconf 77' lang='lat' dir='ltr'><strong>tt</strong></span> 
     </span>
     <span class='ocr_line' id='line_1_18' title="bbox 220 2011 1510 2097; baseline -0.002 -21"><span class='ocrx_word' id='word_1_153' title='bbox 220 2033 345 2097; x_wconf 86' lang='lat' dir='ltr'><strong>papaver</strong></span> <span class='ocrx_word' id='word_1_154' title='bbox 366 2013 489 2075; x_wconf 89' lang='lat' dir='ltr'><strong>cadaver</strong></span> <span class='ocrx_word' id='word_1_155' title='bbox 509 2012 594 2073; x_wconf 88' lang='lat' dir='ltr'><strong>tuber</strong></span> <span class='ocrx_word' id='word_1_156' title='bbox 614 2030 727 2073; x_wconf 89' lang='lat' dir='ltr'><strong>cancer.</strong></span> <span class='ocrx_word' id='word_1_157' title='bbox 772 2013 840 2073; x_wconf 92' lang='lat' dir='ltr'><strong>item</strong></span> <span class='ocrx_word' id='word_1_158' title='bbox 860 2011 956 2073; x_wconf 91' lang='lat' dir='ltr'><strong>omnia</strong></span> <span class='ocrx_word' id='word_1_159' title='bbox 978 2029 1052 2091; x_wconf 88' lang='lat' dir='ltr'><strong>quae</strong></span> <span class='ocrx_word' id='word_1_160' title='bbox 1074 2012 1183 2073; x_wconf 87' lang='lat' dir='ltr'><strong>Graece</strong></span> <span class='ocrx_word' id='word_1_161' title='bbox 1206 2012 1367 2073; x_wconf 89' lang='lat' dir='ltr'><strong>olleruntur</strong></span> <span class='ocrx_word' id='word_1_162' title='bbox 1384 2031 1440 2093; x_wconf 91' lang='lat' dir='ltr'><strong>per</strong></span> <span class='ocrx_word' id='word_1_163' title='bbox 1458 2032 1510 2093; x_wconf 73' lang='grc' dir='ltr'><strong>ρος</strong></span> 
     </span>
     <span class='ocr_line' id='line_1_19' title="bbox 220 2113 1509 2197; baseline -0.002 -17"><span class='ocrx_word' id='word_1_164' title='bbox 220 2128 248 2180; x_wconf 91' lang='lat' dir='ltr'><strong>et</strong></span> <span class='ocrx_word' id='word_1_165' title='bbox 267 2126 334 2180; x_wconf 91' lang='lat' dir='ltr'><strong>ante</strong></span> <span class='ocrx_word' id='word_1_166' title='bbox 364 2137 414 2197; x_wconf 83' lang='grc' dir='ltr'><strong>ρος</strong></span> <span class='ocrx_word' id='word_1_167' title='bbox 434 2115 571 2196; x_wconf 79' lang='lat' dir='ltr'><strong>syllabam</strong></span> <span class='ocrx_word' id='word_1_168' title='bbox 600 2123 809 2175; x_wconf 85' lang='lat' dir='ltr'><strong>consonantem</strong></span> <span class='ocrx_word' id='word_1_169' title='bbox 838 2114 962 2176; x_wconf 88' lang='lat' dir='ltr'><strong>litteram</strong></span> <span class='ocrx_word' id='word_1_170' title='bbox 983 2113 1108 2188; x_wconf 78' lang='lat' dir='ltr'><strong>liabent,</strong></span> <span class='ocrx_word' id='word_1_171' title='bbox 1136 2115 1208 2176; x_wconf 87' lang='lat' dir='ltr'><strong>lraec</strong></span> <span class='ocrx_word' id='word_1_172' title='bbox 1227 2113 1328 2175; x_wconf 86' lang='lat' dir='ltr'><strong>Latine</strong></span> <span class='ocrx_word' id='word_1_173' title='bbox 1350 2114 1380 2175; x_wconf 94' lang='lat' dir='ltr'><strong>in</strong></span> <span class='ocrx_word' id='word_1_174' title='bbox 1401 2135 1435 2176; x_wconf 92' lang='lat' dir='ltr'><strong>er</strong></span> <span class='ocrx_word' id='word_1_175' title='bbox 1452 2124 1509 2177; x_wconf 89' lang='lat' dir='ltr'><strong>ter·</strong></span> 
     </span>
     <span class='ocr_line' id='line_1_20' title="bbox 219 2206 1509 2298; baseline -0.001 -16"><span class='ocrx_word' id='word_1_176' title='bbox 219 2221 379 2294; x_wconf 85' lang='lat' dir='ltr'><strong>minantur,</strong></span> <span class='ocrx_word' id='word_1_177' title='bbox 408 2216 485 2278; x_wconf 81' lang='lat' dir='ltr'><strong>velut</strong></span> <span class='ocrx_word' id='word_1_178' title='bbox 505 2206 695 2298; x_wconf 65' lang='grc' dir='ltr'><strong><em>Ἀλέξανδρος</em></strong></span> <span class='ocrx_word' id='word_1_179' title='bbox 721 2215 896 2291; x_wconf 80' lang='lat' dir='ltr'><strong>Alexander,</strong></span> <span class='ocrx_word' id='word_1_180' title='bbox 919 2212 1085 2296; x_wconf 75' lang='grc' dir='ltr'><strong><em>Κλέανδρος</em></strong></span> <span class='ocrx_word' id='word_1_181' title='bbox 1106 2215 1263 2292; x_wconf 86' lang='lat' dir='ltr'><strong>Cleander,</strong></span> <span class='ocrx_word' id='word_1_182' title='bbox 1291 2207 1418 2296; x_wconf 78' lang='grc' dir='ltr'><strong><em>ὅναγρος</em></strong></span> <span class='ocrx_word' id='word_1_183' title='bbox 1438 2237 1509 2280; x_wconf 88' lang='lat' dir='ltr'><strong>ona-</strong></span> 
     </span>
     <span class='ocr_line' id='line_1_21' title="bbox 218 2310 1508 2403; baseline -0.002 -18"><span class='ocrx_word' id='word_1_184' title='bbox 218 2342 285 2403; x_wconf 86' lang='lat' dir='ltr'><strong>ger,</strong></span> <span class='ocrx_word' id='word_1_185' title='bbox 307 2310 398 2403; x_wconf 73' lang='grc' dir='ltr'><em>ἀγρός</em></span> <span class='ocrx_word' id='word_1_186' title='bbox 415 2338 500 2398; x_wconf 85' lang='lat' dir='ltr'><strong>agor,</strong></span> <span class='ocrx_word' id='word_1_187' title='bbox 522 2326 551 2379; x_wconf 90' lang='lat' dir='ltr'><strong>et</strong></span> <span class='ocrx_word' id='word_1_188' title='bbox 571 2325 668 2379; x_wconf 87' lang='lat' dir='ltr'><strong>cetera</strong></span> <span class='ocrx_word' id='word_1_189' title='bbox 689 2317 802 2380; x_wconf 89' lang='lat' dir='ltr'><strong>similia.</strong></span> <span class='ocrx_word' id='word_1_190' title='bbox 847 2319 916 2396; x_wconf 87' lang='lat' dir='ltr'><strong>item</strong></span> <span class='ocrx_word' id='word_1_191' title='bbox 936 2338 968 2379; x_wconf 90' lang='lat' dir='ltr'><strong>er</strong></span> <span class='ocrx_word' id='word_1_192' title='bbox 989 2317 1096 2398; x_wconf 76' lang='lat' dir='ltr'><strong>syllaba</strong></span> <span class='ocrx_word' id='word_1_193' title='bbox 1117 2319 1286 2393; x_wconf 86' lang='lat' dir='ltr'><strong>tenninatn,</strong></span> <span class='ocrx_word' id='word_1_194' title='bbox 1312 2320 1337 2380; x_wconf 91' lang='lat' dir='ltr'><strong>si</strong></span> <span class='ocrx_word' id='word_1_195' title='bbox 1364 2320 1394 2380; x_wconf 96' lang='lat' dir='ltr'><strong>in</strong></span> <span class='ocrx_word' id='word_1_196' title='bbox 1418 2320 1508 2399; x_wconf 88' lang='lat' dir='ltr'><strong>quali·</strong></span> 
     </span>
     <span class='ocr_line' id='line_1_22' title="bbox 218 2418 1540 2503; baseline -0.005 -16"><span class='ocrx_word' id='word_1_197' title='bbox 218 2434 276 2487; x_wconf 87' lang='lat' dir='ltr'><strong>tate</strong></span> <span class='ocrx_word' id='word_1_198' title='bbox 298 2425 419 2498; x_wconf 88' lang='lat' dir='ltr'><strong>luerint,</strong></span> <span class='ocrx_word' id='word_1_199' title='bbox 441 2422 612 2502; x_wconf 86' lang='lat' dir='ltr'><strong>peremnia</strong></span> <span class='ocrx_word' id='word_1_200' title='bbox 633 2439 739 2500; x_wconf 87' lang='lat' dir='ltr'><strong>genera</strong></span> <span class='ocrx_word' id='word_1_201' title='bbox 760 2421 866 2482; x_wconf 89' lang='lat' dir='ltr'><strong>mutari</strong></span> <span class='ocrx_word' id='word_1_202' title='bbox 888 2419 1010 2496; x_wconf 88' lang='lat' dir='ltr'><strong>debent,</strong></span> <span class='ocrx_word' id='word_1_203' title='bbox 1024 2418 1038 2503; x_wconf 74' lang='grc' dir='ltr'><strong>ΙΙ</strong></span> <span class='ocrx_word' id='word_1_204' title='bbox 1056 2429 1088 2482; x_wconf 89' lang='lat' dir='ltr'><strong>ut</strong></span> <span class='ocrx_word' id='word_1_205' title='bbox 1111 2421 1194 2501; x_wconf 89' lang='lat' dir='ltr'><strong>piger</strong></span> <span class='ocrx_word' id='word_1_206' title='bbox 1214 2421 1296 2501; x_wconf 88' lang='lat' dir='ltr'><strong>pigra</strong></span> <span class='ocrx_word' id='word_1_207' title='bbox 1313 2421 1440 2503; x_wconf 86' lang='lat' dir='ltr'><strong>pigrum,</strong></span> <span class='ocrx_word' id='word_1_208' title='bbox 1462 2423 1540 2484; x_wconf 76' lang='lat' dir='ltr'><strong>nin</strong></span> 
     </span>
     <span class='ocr_line' id='line_1_23' title="bbox 217 2524 521 2607; baseline -0.016 -18"><span class='ocrx_word' id='word_1_209' title='bbox 217 2546 269 2607; x_wconf 88' lang='lat' dir='ltr'><strong>ger</strong></span> <span class='ocrx_word' id='word_1_210' title='bbox 293 2528 374 2606; x_wconf 85' lang='lat' dir='ltr'><strong>nigra</strong></span> <span class='ocrx_word' id='word_1_211' title='bbox 397 2524 521 2603; x_wconf 82' lang='lat' dir='ltr'><strong>nigrum.</strong></span> 
     </span>
    </p>

    <p class='ocr_par' dir='ltr' id='par_1_8' title="bbox 299 2624 1507 2717">
     <span class='ocr_line' id='line_1_24' title="bbox 299 2624 1507 2717; baseline -0.002 -27"><span class='ocrx_word' id='word_1_212' title='bbox 299 2630 368 2690; x_wconf 90' lang='lat' dir='ltr'><strong>ldeo</strong></span> <span class='ocrx_word' id='word_1_213' title='bbox 390 2626 490 2705; x_wconf 84' lang='lat' dir='ltr'><strong>qrraeri</strong></span> <span class='ocrx_word' id='word_1_214' title='bbox 513 2625 588 2687; x_wconf 91' lang='lat' dir='ltr'><strong>solet</strong></span> <span class='ocrx_word' id='word_1_215' title='bbox 607 2633 704 2685; x_wconf 91' lang='lat' dir='ltr'><strong>utrum</strong></span> <span class='ocrx_word' id='word_1_216' title='bbox 728 2624 776 2684; x_wconf 85' lang='lat' dir='ltr'><strong>liic</strong></span> <span class='ocrx_word' id='word_1_217' title='bbox 798 2643 866 2686; x_wconf 92' lang='lat' dir='ltr'><strong>acer</strong></span> <span class='ocrx_word' id='word_1_218' title='bbox 887 2645 924 2687; x_wconf 89' lang='lat' dir='ltr'><strong>an</strong></span> <span class='ocrx_word' id='word_1_219' title='bbox 945 2625 1023 2717; x_wconf 53' lang='lat' dir='ltr'><strong>W?</strong></span> <span class='ocrx_word' id='word_1_220' title='bbox 1039 2625 1096 2687; x_wconf 89' lang='lat' dir='ltr'><strong>dici</strong></span> <span class='ocrx_word' id='word_1_221' title='bbox 1117 2625 1230 2686; x_wconf 83' lang='lat' dir='ltr'><strong>debeat</strong></span> <span class='ocrx_word' id='word_1_222' title='bbox 1274 2625 1328 2687; x_wconf 84' lang='lat' dir='ltr'><strong>sed</strong></span> <span class='ocrx_word' id='word_1_223' title='bbox 1349 2643 1507 2709; x_wconf 57' lang='lat' dir='ltr'><strong>comune·</strong></span> 
     </span>
    </p>
   </div>
   <div class='ocr_carea' id='block_1_2' title="bbox 216 2714 1545 3216">
    <p class='ocr_par' dir='ltr' id='par_1_9' title="bbox 216 2714 1507 2827">
     <span class='ocr_line' id='line_1_25' title="bbox 216 2714 1507 2827; baseline 0 -34"><span class='ocrx_word' id='word_1_224' title='bbox 216 2729 295 2793; x_wconf 90' lang='lat' dir='ltr'><strong>litate</strong></span> <span class='ocrx_word' id='word_1_225' title='bbox 318 2731 342 2791; x_wconf 87' lang='lat' dir='ltr'><strong>si</strong></span> <span class='ocrx_word' id='word_1_226' title='bbox 365 2729 488 2790; x_wconf 90' lang='lat' dir='ltr'><strong>dicimus</strong></span> <span class='ocrx_word' id='word_1_227' title='bbox 516 2729 563 2789; x_wconf 84' lang='lat' dir='ltr'><strong>liic</strong></span> <span class='ocrx_word' id='word_1_228' title='bbox 585 2746 667 2801; x_wconf 85' lang='lat' dir='ltr'><strong>acer,</strong></span> <span class='ocrx_word' id='word_1_229' title='bbox 694 2745 815 2787; x_wconf 87' lang='lat' dir='ltr'><strong>necesse</strong></span> <span class='ocrx_word' id='word_1_230' title='bbox 837 2736 882 2788; x_wconf 86' lang='lat' dir='ltr'><strong>est</strong></span> <span class='ocrx_word' id='word_1_231' title='bbox 901 2724 905 2810; x_wconf 92' lang='grc' dir='ltr'>Ι</span> <span class='ocrx_word' id='word_1_232' title='bbox 924 2714 1050 2827; x_wconf 51' lang='lat' dir='ltr'><strong>effice</strong></span> <span class='ocrx_word' id='word_1_233' title='bbox 1072 2747 1137 2788; x_wconf 85' lang='lat' dir='ltr'><strong>acra</strong></span> <span class='ocrx_word' id='word_1_234' title='bbox 1160 2736 1189 2788; x_wconf 85' lang='lat' dir='ltr'><strong>et</strong></span> <span class='ocrx_word' id='word_1_235' title='bbox 1211 2728 1266 2788; x_wconf 87' lang='lat' dir='ltr'><strong>lioc</strong></span> <span class='ocrx_word' id='word_1_236' title='bbox 1287 2747 1388 2789; x_wconf 87' lang='lat' dir='ltr'><strong>acrum</strong></span> <span class='ocrx_word' id='word_1_237' title='bbox 1409 2728 1507 2793; x_wconf 68' lang='lat' dir='ltr'><strong>noae</strong></span> 
     </span>
    </p>

    <p class='ocr_par' dir='ltr' id='par_1_10' title="bbox 217 2812 1545 2911">
     <span class='ocr_line' id='line_1_26' title="bbox 217 2812 1545 2911; baseline 0 -17"><span class='ocrx_word' id='word_1_238' title='bbox 217 2812 363 2911; x_wconf 83' lang='lat' dir='ltr'><strong>cogamur.</strong></span> <span class='ocrx_word' id='word_1_239' title='bbox 413 2829 490 2907; x_wconf 88' lang='lat' dir='ltr'><strong>quod</strong></span> <span class='ocrx_word' id='word_1_240' title='bbox 519 2829 654 2908; x_wconf 87' lang='lat' dir='ltr'><strong>quoniam</strong></span> <span class='ocrx_word' id='word_1_241' title='bbox 680 2828 800 2889; x_wconf 88' lang='lat' dir='ltr'><strong>ollendit</strong></span> <span class='ocrx_word' id='word_1_242' title='bbox 828 2848 929 2904; x_wconf 80' lang='lat' dir='ltr'><strong>aurea,</strong></span> <span class='ocrx_word' id='word_1_243' title='bbox 958 2831 1062 2892; x_wconf 91' lang='lat' dir='ltr'><strong>melius</strong></span> <span class='ocrx_word' id='word_1_244' title='bbox 1090 2831 1281 2892; x_wconf 88' lang='lat' dir='ltr'><strong>communiter</strong></span> <span class='ocrx_word' id='word_1_245' title='bbox 1309 2831 1409 2893; x_wconf 89' lang='lat' dir='ltr'><strong>hicet</strong></span> <span class='ocrx_word' id='word_1_246' title='bbox 1435 2832 1506 2894; x_wconf 85' lang='lat' dir='ltr'><strong>lraec</strong></span> <span class='ocrx_word' id='word_1_247' title='bbox 1538 2818 1545 2837; x_wconf 73' lang='lat'><strong>⁴</strong></span> 
     </span>
    </p>

    <p class='ocr_par' dir='ltr' id='par_1_11' title="bbox 216 2932 1541 3109">
     <span class='ocr_line' id='line_1_27' title="bbox 216 2932 1541 3006; baseline -0.001 -11"><span class='ocrx_word' id='word_1_248' title='bbox 216 2935 290 2996; x_wconf 89' lang='lat' dir='ltr'><strong>acris</strong></span> <span class='ocrx_word' id='word_1_249' title='bbox 311 2933 458 3006; x_wconf 87' lang='lat' dir='ltr'><strong>dicemus,</strong></span> <span class='ocrx_word' id='word_1_250' title='bbox 481 2941 512 2992; x_wconf 90' lang='lat' dir='ltr'><strong>ut</strong></span> <span class='ocrx_word' id='word_1_251' title='bbox 532 2932 668 2994; x_wconf 90' lang='lat' dir='ltr'><strong>lloratius</strong></span> <span class='ocrx_word' id='word_1_252' title='bbox 1516 2956 1541 3002; x_wconf 64' lang='grc' dir='ltr'>ς</span> 
     </span>
     <span class='ocr_line' id='line_1_28' title="bbox 379 3033 815 3109; baseline 0 -14"><span class='ocrx_word' id='word_1_253' title='bbox 379 3033 540 3095; x_wconf 85' lang='lat' dir='ltr'><strong>solvitur</strong></span> <span class='ocrx_word' id='word_1_254' title='bbox 566 3035 662 3095; x_wconf 91' lang='lat' dir='ltr'><strong>acris</strong></span> <span class='ocrx_word' id='word_1_255' title='bbox 684 3035 815 3109; x_wconf 87' lang='lat' dir='ltr'><strong>hiems,</strong></span> 
     </span>
    </p>

    <p class='ocr_par' dir='ltr' id='par_1_12' title="bbox 216 3135 405 3216">
     <span class='ocr_line' id='line_1_29' title="bbox 216 3135 405 3216; baseline 0 -19"><span class='ocrx_word' id='word_1_256' title='bbox 216 3146 244 3198; x_wconf 92' lang='lat' dir='ltr'><strong>et</strong></span> <span class='ocrx_word' id='word_1_257' title='bbox 265 3135 405 3216; x_wconf 84' lang='lat' dir='ltr'><strong>Vergilius</strong></span> 
     </span>
    </p>
   </div>
   <div class='ocr_carea' id='block_1_3' title="bbox 211 3236 1539 4036">
    <p class='ocr_par' dir='ltr' id='par_1_13' title="bbox 582 3236 1238 3320">
     <span class='ocr_line' id='line_1_30' title="bbox 582 3236 1238 3320; baseline 0.002 -19"><span class='ocrx_word' id='word_1_258' title='bbox 582 3239 658 3301; x_wconf 90' lang='lat' dir='ltr'><strong>acri</strong></span> <span class='ocrx_word' id='word_1_259' title='bbox 681 3239 864 3319; x_wconf 79' lang='lat' dir='ltr'><strong>quondam</strong></span> <span class='ocrx_word' id='word_1_260' title='bbox 888 3247 1039 3314; x_wconf 87' lang='lat' dir='ltr'><strong>regnata</strong></span> <span class='ocrx_word' id='word_1_261' title='bbox 1062 3236 1238 3320; x_wconf 71' lang='lat' dir='ltr'><strong>L‘ycurgo.</strong></span> 
     </span>
    </p>

    <p class='ocr_par' dir='ltr' id='par_1_14' title="bbox 213 3339 1539 3725">
     <span class='ocr_line' id='line_1_31' title="bbox 216 3339 1505 3426; baseline 0.006 -27"><span class='ocrx_word' id='word_1_262' title='bbox 216 3359 249 3402; x_wconf 84' lang='lat' dir='ltr'><strong>ex</strong></span> <span class='ocrx_word' id='word_1_263' title='bbox 271 3340 328 3402; x_wconf 84' lang='lat' dir='ltr'><strong>liae</strong></span> <span class='ocrx_word' id='word_1_264' title='bbox 350 3341 425 3402; x_wconf 89' lang='lat' dir='ltr'><strong>onim</strong></span> <span class='ocrx_word' id='word_1_265' title='bbox 447 3345 539 3402; x_wconf 88' lang='lat' dir='ltr'><strong>torma</strong></span> <span class='ocrx_word' id='word_1_266' title='bbox 559 3339 710 3403; x_wconf 89' lang='lat' dir='ltr'><strong>descendit</strong></span> <span class='ocrx_word' id='word_1_267' title='bbox 727 3350 879 3415; x_wconf 89' lang='lat' dir='ltr'><strong>neutrum,</strong></span> <span class='ocrx_word' id='word_1_268' title='bbox 902 3341 978 3419; x_wconf 89' lang='lat' dir='ltr'><strong>quod</strong></span> <span class='ocrx_word' id='word_1_269' title='bbox 1002 3351 1048 3402; x_wconf 88' lang='lat' dir='ltr'><strong>est</strong></span> <span class='ocrx_word' id='word_1_270' title='bbox 1071 3362 1154 3419; x_wconf 88' lang='lat' dir='ltr'><strong>acro,</strong></span> <span class='ocrx_word' id='word_1_271' title='bbox 1178 3353 1210 3405; x_wconf 94' lang='lat' dir='ltr'><strong>ut</strong></span> <span class='ocrx_word' id='word_1_272' title='bbox 1232 3343 1281 3404; x_wconf 83' lang='lat' dir='ltr'><strong>nic</strong></span> <span class='ocrx_word' id='word_1_273' title='bbox 1299 3353 1328 3404; x_wconf 91' lang='lat' dir='ltr'><strong>et</strong></span> <span class='ocrx_word' id='word_1_274' title='bbox 1348 3344 1422 3405; x_wconf 82' lang='lat' dir='ltr'><strong>liaec</strong></span> <span class='ocrx_word' id='word_1_275' title='bbox 1444 3348 1505 3426; x_wconf 88' lang='lat' dir='ltr'><strong>agi·</strong></span> 
     </span>
     <span class='ocr_line' id='line_1_32' title="bbox 215 3441 1539 3522; baseline 0.005 -21"><span class='ocrx_word' id='word_1_276' title='bbox 215 3441 249 3504; x_wconf 93' lang='lat' dir='ltr'><strong>lis</strong></span> <span class='ocrx_word' id='word_1_277' title='bbox 271 3452 300 3503; x_wconf 90' lang='lat' dir='ltr'><strong>et</strong></span> <span class='ocrx_word' id='word_1_278' title='bbox 321 3444 377 3504; x_wconf 85' lang='lat' dir='ltr'><strong>lroc</strong></span> <span class='ocrx_word' id='word_1_279' title='bbox 399 3442 486 3522; x_wconf 86' lang='lat' dir='ltr'><strong>agile,</strong></span> <span class='ocrx_word' id='word_1_280' title='bbox 515 3441 563 3502; x_wconf 91' lang='lat' dir='ltr'><strong>hic</strong></span> <span class='ocrx_word' id='word_1_281' title='bbox 591 3452 621 3503; x_wconf 92' lang='lat' dir='ltr'><strong>et</strong></span> <span class='ocrx_word' id='word_1_282' title='bbox 647 3443 718 3505; x_wconf 87' lang='lat' dir='ltr'><strong>lraec</strong></span> <span class='ocrx_word' id='word_1_283' title='bbox 741 3443 833 3504; x_wconf 89' lang='lat' dir='ltr'><strong>lacilis</strong></span> <span class='ocrx_word' id='word_1_284' title='bbox 861 3451 889 3503; x_wconf 91' lang='lat' dir='ltr'><strong>et</strong></span> <span class='ocrx_word' id='word_1_285' title='bbox 912 3442 968 3503; x_wconf 89' lang='lat' dir='ltr'><strong>hoc</strong></span> <span class='ocrx_word' id='word_1_286' title='bbox 991 3443 1083 3505; x_wconf 86' lang='lat' dir='ltr'><strong>locile.</strong></span> <span class='ocrx_word' id='word_1_287' title='bbox 1128 3446 1213 3507; x_wconf 89' lang='lat' dir='ltr'><strong>simili</strong></span> <span class='ocrx_word' id='word_1_288' title='bbox 1241 3446 1357 3507; x_wconf 81' lang='lat' dir='ltr'><strong>ratione</strong></span> <span class='ocrx_word' id='word_1_289' title='bbox 1383 3447 1539 3521; x_wconf 65' lang='lat' dir='ltr'><strong>utimum</strong></span> 
     </span>
     <span class='ocr_line' id='line_1_33' title="bbox 214 3536 1525 3626; baseline 0.007 -23"><span class='ocrx_word' id='word_1_290' title='bbox 214 3561 279 3604; x_wconf 88' lang='lat' dir='ltr'><strong>cunr</strong></span> <span class='ocrx_word' id='word_1_291' title='bbox 307 3545 454 3623; x_wconf 87' lang='lat' dir='ltr'><strong>quaeritur</strong></span> <span class='ocrx_word' id='word_1_292' title='bbox 482 3553 578 3605; x_wconf 89' lang='lat' dir='ltr'><strong>utrum</strong></span> <span class='ocrx_word' id='word_1_293' title='bbox 608 3546 655 3606; x_wconf 86' lang='lat' dir='ltr'><strong>liic</strong></span> <span class='ocrx_word' id='word_1_294' title='bbox 678 3546 807 3626; x_wconf 83' lang='lat' dir='ltr'><strong>paluster</strong></span> <span class='ocrx_word' id='word_1_295' title='bbox 835 3563 904 3623; x_wconf 82' lang='lat' dir='ltr'><strong>ager</strong></span> <span class='ocrx_word' id='word_1_296' title='bbox 928 3564 964 3605; x_wconf 91' lang='lat' dir='ltr'><strong>an</strong></span> <span class='ocrx_word' id='word_1_297' title='bbox 994 3546 1131 3625; x_wconf 83' lang='lat' dir='ltr'><strong>palustris</strong></span> <span class='ocrx_word' id='word_1_298' title='bbox 1158 3556 1188 3608; x_wconf 89' lang='lat' dir='ltr'><strong>et</strong></span> <span class='ocrx_word' id='word_1_299' title='bbox 1209 3547 1305 3610; x_wconf 89' lang='lat' dir='ltr'><strong>alacer</strong></span> <span class='ocrx_word' id='word_1_300' title='bbox 1333 3568 1370 3610; x_wconf 91' lang='lat' dir='ltr'><strong>au</strong></span> <span class='ocrx_word' id='word_1_301' title='bbox 1399 3536 1525 3612; x_wconf 82' lang='lat' dir='ltr'><strong>alacris&#39;</strong></span> 
     </span>
     <span class='ocr_line' id='line_1_34' title="bbox 213 3643 728 3725; baseline 0.014 -21"><span class='ocrx_word' id='word_1_302' title='bbox 213 3643 270 3705; x_wconf 89' lang='lat' dir='ltr'><strong>dici</strong></span> <span class='ocrx_word' id='word_1_303' title='bbox 291 3645 402 3707; x_wconf 85' lang='lat' dir='ltr'><strong>debeat</strong></span> <span class='ocrx_word' id='word_1_304' title='bbox 448 3654 565 3708; x_wconf 88' lang='lat' dir='ltr'><strong>namet</strong></span> <span class='ocrx_word' id='word_1_305' title='bbox 587 3647 728 3725; x_wconf 84' lang='lat' dir='ltr'><strong>Vergilius</strong></span> 
     </span>
    </p>

    <p class='ocr_par' dir='ltr' id='par_1_15' title="bbox 211 3748 1531 4036">
     <span class='ocr_line' id='line_1_35' title="bbox 540 3748 1233 3830; baseline 0.006 -21"><span class='ocrx_word' id='word_1_306' title='bbox 540 3748 681 3811; x_wconf 86' lang='lat' dir='ltr'><strong>alacris</strong></span> <span class='ocrx_word' id='word_1_307' title='bbox 705 3750 845 3830; x_wconf 89' lang='lat' dir='ltr'><strong>palmas</strong></span> <span class='ocrx_word' id='word_1_308' title='bbox 868 3762 1045 3830; x_wconf 88' lang='lat' dir='ltr'><strong>utrasque</strong></span> <span class='ocrx_word' id='word_1_309' title='bbox 1069 3752 1233 3814; x_wconf 88' lang='lat' dir='ltr'><strong>tetendit</strong></span> 
     </span>
     <span class='ocr_line' id='line_1_36' title="bbox 212 3848 1504 3938; baseline 0.008 -28"><span class='ocrx_word' id='word_1_310' title='bbox 212 3848 290 3910; x_wconf 83' lang='lat' dir='ltr'><strong>dixit</strong></span> <span class='ocrx_word' id='word_1_311' title='bbox 336 3858 432 3911; x_wconf 89' lang='lat' dir='ltr'><strong>tamen</strong></span> <span class='ocrx_word' id='word_1_312' title='bbox 454 3850 548 3911; x_wconf 89' lang='lat' dir='ltr'><strong>ethic</strong></span> <span class='ocrx_word' id='word_1_313' title='bbox 570 3871 637 3912; x_wconf 84' lang='lat' dir='ltr'><strong>acer</strong></span> <span class='ocrx_word' id='word_1_314' title='bbox 655 3852 732 3912; x_wconf 89' lang='lat' dir='ltr'><strong>idem</strong></span> <span class='ocrx_word' id='word_1_315' title='bbox 753 3852 892 3931; x_wconf 84' lang='lat' dir='ltr'><strong>Vergilius</strong></span> <span class='ocrx_word' id='word_1_316' title='bbox 917 3849 1020 3937; x_wconf 88' lang='lat' dir='ltr'><strong>[acer</strong></span> <span class='ocrx_word' id='word_1_317' title='bbox 1043 3851 1167 3938; x_wconf 84' lang='lat' dir='ltr'><strong>eqrris]</strong></span> <span class='ocrx_word' id='word_1_318' title='bbox 1192 3856 1375 3933; x_wconf 78' lang='lat' dir='ltr'><strong>frequenter,</strong></span> <span class='ocrx_word' id='word_1_319' title='bbox 1402 3875 1504 3936; x_wconf 64' lang='lat' dir='ltr'><strong>manr-</strong></span> 
     </span>
     <span class='ocr_line' id='line_1_37' title="bbox 211 3951 1531 4036; baseline 0.01 -24"><span class='ocrx_word' id='word_1_320' title='bbox 211 3952 254 4013; x_wconf 86' lang='lat' dir='ltr'><strong>vis</strong></span> <span class='ocrx_word' id='word_1_321' title='bbox 281 3951 502 4013; x_wconf 87' lang='lat' dir='ltr'><strong>declinationem</strong></span> <span class='ocrx_word' id='word_1_322' title='bbox 524 3954 633 4015; x_wconf 82' lang='lat' dir='ltr'><strong>tonnae</strong></span> <span class='ocrx_word' id='word_1_323' title='bbox 657 3954 741 4016; x_wconf 90' lang='lat' dir='ltr'><strong>istius</strong></span> <span class='ocrx_word' id='word_1_324' title='bbox 763 3955 965 4035; x_wconf 80' lang='lat' dir='ltr'><strong>repudiaverit.</strong></span> <span class='ocrx_word' id='word_1_325' title='bbox 1010 3976 1076 4018; x_wconf 92' lang='lat' dir='ltr'><strong>nam</strong></span> <span class='ocrx_word' id='word_1_326' title='bbox 1100 3975 1195 4036; x_wconf 83' lang='lat' dir='ltr'><strong>neque</strong></span> <span class='ocrx_word' id='word_1_327' title='bbox 1225 3958 1312 4020; x_wconf 86' lang='lat' dir='ltr'><strong>liuius</strong></span> <span class='ocrx_word' id='word_1_328' title='bbox 1342 3961 1401 4021; x_wconf 83' lang='lat' dir='ltr'><strong>acri</strong></span> <span class='ocrx_word' id='word_1_329' title='bbox 1432 3958 1531 4027; x_wconf 71' lang='lat' dir='ltr'><strong>dirtos</strong></span> 
     </span>
    </p>
   </div>
   <div class='ocr_carea' id='block_1_4' title="bbox 210 4118 375 4128">
    <p class='ocr_par' dir='ltr' id='par_1_16' title="bbox 210 4118 375 4128">
     <span class='ocr_line' id='line_1_38' title="bbox 210 4118 375 4128; baseline 0 -2"><span class='ocrx_word' id='word_1_330' title='bbox 210 4118 375 4128; x_wconf 52' lang='grc' dir='ltr'><strong>’ψη-</strong></span> 
     </span>
    </p>
   </div>
   <div class='ocr_carea' id='block_1_5' title="bbox 209 4192 646 4256">
    <p class='ocr_par' dir='ltr' id='par_1_17' title="bbox 209 4192 646 4256">
     <span class='ocr_line' id='line_1_39' title="bbox 209 4192 646 4256; baseline -0.002 -11"><span class='ocrx_word' id='word_1_331' title='bbox 209 4195 243 4245; x_wconf 79' lang='grc'><strong>24</strong></span> <span class='ocrx_word' id='word_1_332' title='bbox 278 4193 304 4242; x_wconf 99' lang='grc' dir='ltr'><em>Ν</em></span> <span class='ocrx_word' id='word_1_333' title='bbox 320 4198 339 4240; x_wconf 92' lang='lat' dir='ltr'><strong>u</strong></span> <span class='ocrx_word' id='word_1_334' title='bbox 358 4197 376 4250; x_wconf 88' lang='lat' dir='ltr'><strong>t,</strong></span> <span class='ocrx_word' id='word_1_335' title='bbox 396 4200 403 4240; x_wconf 92' lang='grc'><strong>1</strong></span> <span class='ocrx_word' id='word_1_336' title='bbox 441 4192 509 4256; x_wconf 89' lang='lat' dir='ltr'><strong>quod</strong></span> <span class='ocrx_word' id='word_1_337' title='bbox 527 4194 646 4255; x_wconf 89' lang='lat' dir='ltr'><strong>quoniam</strong></span> 
     </span>
    </p>
   </div>
   <div class='ocr_carea' id='block_1_6' title="bbox 208 4399 1509 4887">
    <p class='ocr_par' dir='ltr' id='par_1_18' title="bbox 210 4399 1506 4685">
     <span class='ocr_line' id='line_1_40' title="bbox 278 4399 1503 4467; baseline 0.006 -12"><span class='ocrx_word' id='word_1_338' title='bbox 278 4407 294 4455; x_wconf 77' lang='lat'><strong>2</strong></span> <span class='ocrx_word' id='word_1_339' title='bbox 313 4404 355 4454; x_wconf 85' lang='lat' dir='ltr'><strong>dle</strong></span> <span class='ocrx_word' id='word_1_340' title='bbox 372 4411 460 4467; x_wconf 84' lang='lat' dir='ltr'><strong>quarto</strong></span> <span class='ocrx_word' id='word_1_341' title='bbox 477 4402 501 4451; x_wconf 89' lang='lat' dir='ltr'><strong><em>N</em></strong></span> <span class='ocrx_word' id='word_1_342' title='bbox 586 4402 603 4453; x_wconf 86' lang='lat'><strong>3</strong></span> <span class='ocrx_word' id='word_1_343' title='bbox 627 4408 651 4449; x_wconf 90' lang='lat' dir='ltr'><strong>et</strong></span> <span class='ocrx_word' id='word_1_344' title='bbox 669 4400 827 4451; x_wconf 82' lang='lat' dir='ltr'><strong>nominaliter</strong></span> <span class='ocrx_word' id='word_1_345' title='bbox 851 4407 875 4451; x_wconf 88' lang='lat' dir='ltr'><strong>et</strong></span> <span class='ocrx_word' id='word_1_346' title='bbox 891 4416 906 4449; x_wconf 91' lang='lat' dir='ltr'><strong>n</strong></span> <span class='ocrx_word' id='word_1_347' title='bbox 925 4417 970 4466; x_wconf 91' lang='lat' dir='ltr'><strong>per</strong></span> <span class='ocrx_word' id='word_1_348' title='bbox 986 4416 1016 4450; x_wconf 86' lang='lat' dir='ltr'><strong>ee</strong></span> <span class='ocrx_word' id='word_1_349' title='bbox 1035 4399 1131 4466; x_wconf 85' lang='lat' dir='ltr'><strong>(deleto</strong></span> <span class='ocrx_word' id='word_1_350' title='bbox 1150 4410 1173 4452; x_wconf 84' lang='lat' dir='ltr'><strong>et</strong></span> <span class='ocrx_word' id='word_1_351' title='bbox 1191 4404 1218 4464; x_wconf 87' lang='lat' dir='ltr'><strong>n)</strong></span> <span class='ocrx_word' id='word_1_352' title='bbox 1238 4404 1265 4452; x_wconf 85' lang='lat' dir='ltr'><em>N</em></span> <span class='ocrx_word' id='word_1_353' title='bbox 1286 4412 1312 4455; x_wconf 86' lang='lat' dir='ltr'><strong>et</strong></span> <span class='ocrx_word' id='word_1_354' title='bbox 1328 4409 1503 4464; x_wconf 77' lang='lat' dir='ltr'><strong>nominantur.</strong></span> 
     </span>
     <span class='ocr_line' id='line_1_41' title="bbox 210 4471 1502 4544; baseline 0.005 -21"><span class='ocrx_word' id='word_1_355' title='bbox 210 4483 394 4539; x_wconf 82' lang='lat' dir='ltr'><strong>praeteream:</strong></span> <span class='ocrx_word' id='word_1_356' title='bbox 426 4482 450 4523; x_wconf 89' lang='lat' dir='ltr'><strong>et</strong></span> <span class='ocrx_word' id='word_1_357' title='bbox 469 4473 626 4522; x_wconf 87' lang='lat' dir='ltr'><strong>nominatum</strong></span> <span class='ocrx_word' id='word_1_358' title='bbox 649 4478 748 4535; x_wconf 86' lang='lat' dir='ltr'><strong>tempus</strong></span> <span class='ocrx_word' id='word_1_359' title='bbox 771 4480 916 4521; x_wconf 79' lang='lat' dir='ltr'><strong>immoratur</strong></span> <span class='ocrx_word' id='word_1_360' title='bbox 937 4471 1069 4522; x_wconf 75' lang='lat' dir='ltr'><strong>Putrelriaoe</strong></span> <span class='ocrx_word' id='word_1_361' title='bbox 1154 4474 1170 4522; x_wconf 84' lang='lat'><strong>5</strong></span> <span class='ocrx_word' id='word_1_362' title='bbox 1188 4488 1234 4538; x_wconf 91' lang='lat' dir='ltr'><strong>pro</strong></span> <span class='ocrx_word' id='word_1_363' title='bbox 1252 4472 1375 4544; x_wconf 86' lang='lat' dir='ltr'><strong>Morene]</strong></span> <span class='ocrx_word' id='word_1_364' title='bbox 1399 4479 1441 4541; x_wconf 89' lang='grc'><strong>11,</strong></span> <span class='ocrx_word' id='word_1_365' title='bbox 1457 4480 1502 4533; x_wconf 74' lang='lat'><strong>25.</strong></span> 
     </span>
     <span class='ocr_line' id='line_1_42' title="bbox 212 4542 1435 4614; baseline 0.005 -21"><span class='ocrx_word' id='word_1_366' title='bbox 212 4544 252 4604; x_wconf 81' lang='lat'><strong>12,</strong></span> <span class='ocrx_word' id='word_1_367' title='bbox 270 4544 313 4598; x_wconf 81' lang='grc'><strong>26.</strong></span> <span class='ocrx_word' id='word_1_368' title='bbox 334 4544 375 4607; x_wconf 83' lang='lat'><strong>13,</strong></span> <span class='ocrx_word' id='word_1_369' title='bbox 393 4545 427 4595; x_wconf 73' lang='lat'><strong>28</strong></span> <span class='ocrx_word' id='word_1_370' title='bbox 516 4542 548 4593; x_wconf 88' lang='grc'><strong>10</strong></span> <span class='ocrx_word' id='word_1_371' title='bbox 574 4542 730 4591; x_wconf 87' lang='lat' dir='ltr'><strong>cousuetudo</strong></span> <span class='ocrx_word' id='word_1_372' title='bbox 748 4557 854 4608; x_wconf 85' lang='lat' dir='ltr'><strong>graecus</strong></span> <span class='ocrx_word' id='word_1_373' title='bbox 873 4549 897 4591; x_wconf 90' lang='lat' dir='ltr'><strong>et</strong></span> <span class='ocrx_word' id='word_1_374' title='bbox 916 4549 986 4590; x_wconf 87' lang='lat' dir='ltr'><strong>ortus</strong></span> <span class='ocrx_word' id='word_1_375' title='bbox 1001 4558 1057 4592; x_wconf 89' lang='lat' dir='ltr'><strong>cum</strong></span> <span class='ocrx_word' id='word_1_376' title='bbox 1076 4542 1248 4607; x_wconf 82' lang='lat' dir='ltr'><strong>adspiratione</strong></span> <span class='ocrx_word' id='word_1_377' title='bbox 1262 4549 1435 4614; x_wconf 72' lang='lat' dir='ltr'><strong>usurpanup</strong></span> 
     </span>
     <span class='ocr_line' id='line_1_43' title="bbox 210 4609 1506 4685; baseline 0.004 -22"><span class='ocrx_word' id='word_1_378' title='bbox 210 4614 243 4665; x_wconf 83' lang='lat' dir='ltr'><strong>la</strong></span> <span class='ocrx_word' id='word_1_379' title='bbox 259 4614 293 4663; x_wconf 88' lang='lat' dir='ltr'><strong>Er</strong></span> <span class='ocrx_word' id='word_1_380' title='bbox 311 4642 344 4650; x_wconf 98' lang='lat'>-</span> <span class='ocrx_word' id='word_1_381' title='bbox 362 4614 394 4665; x_wconf 83' lang='grc'><strong>111</strong></span> <span class='ocrx_word' id='word_1_382' title='bbox 410 4613 504 4665; x_wconf 83' lang='lat' dir='ltr'><strong>similia</strong></span> <span class='ocrx_word' id='word_1_383' title='bbox 523 4612 619 4663; x_wconf 77' lang='lat' dir='ltr'><strong>Oloris.</strong></span> <span class='ocrx_word' id='word_1_384' title='bbox 636 4626 663 4674; x_wconf 89' lang='lat' dir='ltr'><strong>p.</strong></span> <span class='ocrx_word' id='word_1_385' title='bbox 683 4612 713 4662; x_wconf 82' lang='lat'><strong>31</strong></span> <span class='ocrx_word' id='word_1_386' title='bbox 806 4613 837 4660; x_wconf 79' lang='lat' dir='ltr'><strong>lt</strong></span> <span class='ocrx_word' id='word_1_387' title='bbox 860 4609 936 4676; x_wconf 70' lang='lat' dir='ltr'><strong>ornae]</strong></span> <span class='ocrx_word' id='word_1_388' title='bbox 962 4609 996 4675; x_wconf 78' lang='lat' dir='ltr'><strong>q&#39;q</strong></span> <span class='ocrx_word' id='word_1_389' title='bbox 1020 4612 1055 4677; x_wconf 87' lang='lat' dir='ltr'><strong>(lr.</strong></span> <span class='ocrx_word' id='word_1_390' title='bbox 1078 4628 1100 4660; x_wconf 83' lang='lat' dir='ltr'><strong>e.</strong></span> <span class='ocrx_word' id='word_1_391' title='bbox 1127 4613 1239 4678; x_wconf 73' lang='lat' dir='ltr'><strong>(puroque)</strong></span> <span class='ocrx_word' id='word_1_392' title='bbox 1264 4614 1291 4663; x_wconf 87' lang='lat' dir='ltr'><strong><em>N</em></strong></span> <span class='ocrx_word' id='word_1_393' title='bbox 1319 4633 1467 4685; x_wconf 82' lang='lat' dir='ltr'><strong>quanquam</strong></span> <span class='ocrx_word' id='word_1_394' title='bbox 1483 4638 1506 4673; x_wconf 77' lang='grc' dir='ltr'>ω</span> 
     </span>
    </p>

    <p class='ocr_par' dir='ltr' id='par_1_19' title="bbox 208 4681 1509 4822">
     <span class='ocr_line' id='line_1_44' title="bbox 279 4681 1507 4756; baseline 0.004 -23"><span class='ocrx_word' id='word_1_395' title='bbox 279 4684 311 4733; x_wconf 70' lang='lat' dir='ltr'><strong>lt)</strong></span> <span class='ocrx_word' id='word_1_396' title='bbox 327 4699 373 4749; x_wconf 87' lang='lat' dir='ltr'><strong>per</strong></span> <span class='ocrx_word' id='word_1_397' title='bbox 392 4699 420 4732; x_wconf 90' lang='lat' dir='ltr'><strong>os</strong></span> <span class='ocrx_word' id='word_1_398' title='bbox 439 4691 462 4733; x_wconf 86' lang='lat' dir='ltr'><strong>et</strong></span> <span class='ocrx_word' id='word_1_399' title='bbox 480 4692 537 4732; x_wconf 85' lang='lat' dir='ltr'><strong>ante</strong></span> <span class='ocrx_word' id='word_1_400' title='bbox 557 4683 589 4733; x_wconf 77' lang='lat' dir='ltr'><strong>0‘c</strong></span> <span class='ocrx_word' id='word_1_401' title='bbox 608 4681 634 4729; x_wconf 84' lang='lat' dir='ltr'><em>N</em></span> <span class='ocrx_word' id='word_1_402' title='bbox 647 4697 693 4746; x_wconf 90' lang='lat' dir='ltr'><strong>per</strong></span> <span class='ocrx_word' id='word_1_403' title='bbox 713 4694 744 4738; x_wconf 83' lang='grc' dir='ltr'><strong>ος</strong></span> <span class='ocrx_word' id='word_1_404' title='bbox 765 4690 789 4730; x_wconf 87' lang='lat' dir='ltr'><strong>et</strong></span> <span class='ocrx_word' id='word_1_405' title='bbox 813 4690 870 4729; x_wconf 87' lang='lat' dir='ltr'><strong>aute</strong></span> <span class='ocrx_word' id='word_1_406' title='bbox 896 4695 945 4743; x_wconf 85' lang='grc' dir='ltr'><strong>ρος</strong></span> <span class='ocrx_word' id='word_1_407' title='bbox 969 4681 1103 4731; x_wconf 79' lang='lat' dir='ltr'><strong>Petsediua</strong></span> <span class='ocrx_word' id='word_1_408' title='bbox 1188 4683 1221 4733; x_wconf 76' lang='lat'><strong>25</strong></span> <span class='ocrx_word' id='word_1_409' title='bbox 1242 4682 1373 4756; x_wconf 82' lang='lat' dir='ltr'><strong>Horatius]</strong></span> <span class='ocrx_word' id='word_1_410' title='bbox 1398 4690 1507 4743; x_wconf 69' lang='lat' dir='ltr'><strong>cml</strong></span> 
     </span>
     <span class='ocr_line' id='line_1_45' title="bbox 208 4750 1509 4822; baseline 0.006 -23"><span class='ocrx_word' id='word_1_411' title='bbox 208 4751 268 4813; x_wconf 77' lang='lat' dir='ltr'><strong>r,l</strong></span> <span class='ocrx_word' id='word_1_412' title='bbox 345 4755 378 4803; x_wconf 79' lang='lat'><strong>27</strong></span> <span class='ocrx_word' id='word_1_413' title='bbox 396 4751 536 4817; x_wconf 85' lang='lat' dir='ltr'><strong>Vergilius]</strong></span> <span class='ocrx_word' id='word_1_414' title='bbox 558 4754 623 4804; x_wconf 83' lang='lat' dir='ltr'><strong>Aea.</strong></span> <span class='ocrx_word' id='word_1_415' title='bbox 644 4752 678 4801; x_wconf 90' lang='lat' dir='ltr'><strong>lll</strong></span> <span class='ocrx_word' id='word_1_416' title='bbox 695 4751 726 4800; x_wconf 78' lang='lat' dir='ltr'><strong>ll</strong></span> <span class='ocrx_word' id='word_1_417' title='bbox 801 4751 835 4802; x_wconf 74' lang='lat' dir='ltr'><strong>eo</strong></span> <span class='ocrx_word' id='word_1_418' title='bbox 854 4751 978 4801; x_wconf 85' lang='lat' dir='ltr'><strong>discendit</strong></span> <span class='ocrx_word' id='word_1_419' title='bbox 996 4750 1021 4799; x_wconf 89' lang='grc' dir='ltr'><em>Ν</em></span> <span class='ocrx_word' id='word_1_420' title='bbox 1096 4750 1129 4801; x_wconf 73' lang='grc'><strong>32</strong></span> <span class='ocrx_word' id='word_1_421' title='bbox 1148 4752 1290 4822; x_wconf 80' lang='lat' dir='ltr'><strong>Vergilius]</strong></span> <span class='ocrx_word' id='word_1_422' title='bbox 1312 4757 1382 4815; x_wconf 72' lang='lat' dir='ltr'><strong>Aen.</strong></span> <span class='ocrx_word' id='word_1_423' title='bbox 1401 4762 1509 4814; x_wconf 73' lang='lat' dir='ltr'><strong>v1685</strong></span> 
     </span>
    </p>

    <p class='ocr_par' dir='ltr' id='par_1_20' title="bbox 278 4818 696 4887">
     <span class='ocr_line' id='line_1_46' title="bbox 278 4818 696 4887; baseline 0.007 -17"><span class='ocrx_word' id='word_1_424' title='bbox 278 4819 311 4871; x_wconf 79' lang='lat' dir='ltr'><strong>et</strong></span> <span class='ocrx_word' id='word_1_425' title='bbox 330 4818 396 4886; x_wconf 84' lang='lat' dir='ltr'><strong>noer]</strong></span> <span class='ocrx_word' id='word_1_426' title='bbox 424 4823 501 4887; x_wconf 82' lang='lat' dir='ltr'><strong>Verp.</strong></span> <span class='ocrx_word' id='word_1_427' title='bbox 519 4836 606 4887; x_wconf 83' lang='lat' dir='ltr'><strong>peorp.</strong></span> <span class='ocrx_word' id='word_1_428' title='bbox 628 4819 696 4873; x_wconf 80' lang='grc'><strong>1118</strong></span> 
     </span>
    </p>
   </div>
   <div class='ocr_carea' id='block_1_7' title="bbox 0 0 1562 5356">
    <p class='ocr_par' dir='ltr' id='par_1_21' title="bbox 0 0 1562 5356">
     <span class='ocr_line' id='line_1_47' title="bbox 0 0 1562 5356; baseline 0 4"><span class='ocrx_word' id='word_1_429' title='bbox 0 0 1562 5356; x_wconf 95' lang='lat' dir='ltr'><strong> </strong></span> 
     </span>
    </p>
   </div>
  </div>
 </body>
</html>
