3114 5356
503 323 636 385 uvsrtr.
660 324 771 387 snam
793 324 899 387 amr
1213 302 1218 310 ’
1307 324 1348 383 47

125 438 179 482 ,aa
234 439 259 481 r.
1049 432 1062 457 ·
1161 467 1168 480 .
1212 437 1259 481 ,π
1272 435 1298 478 s.

68 439 229 572 ιοὲπιιιιιὲἲι
251 517 325 572 aunt
341 510 430 572 trium
451 528 606 590 generum,
628 521 661 573 ut
682 511 749 572 lelir
767 530 784 572 a
802 512 878 574 leliei
898 509 903 595 Ι
922 511 1065 586 lelicium,
1085 439 1242 572 vebimtus
1263 526 1285 570 a
1304 530 1353 572 ve·
1404 598 1407 609 Ι

69 613 183 675 bememi
205 610 421 674 vehementium
443 621 473 673 et
494 611 613 688 similia,
642 622 673 676 ut
695 622 836 675 constans
862 621 943 675 atrox
965 634 1053 695 rapax
1076 613 1214 694 prudens.

140 715 217 777 Sunt
244 724 340 776 autem
370 715 425 776 alia
454 714 541 776 trium
560 733 701 793 generum
722 716 856 789 nomina,
884 734 960 794 quiae
981 716 1114 795 quamvis
1136 714 1166 776 in
1188 714 1350 777 masculino

67 826 92 878 et
107 818 246 880 feminino
265 815 295 878 in
318 818 343 878 is
364 816 504 897 syllabam
526 815 701 879 nominativo
725 817 933 893 terminentur,
952 828 1047 879 tamen
1065 816 1237 879 neutraliter
1258 816 1352 878 uomi-

48 919 182 982 tuatirum
209 920 241 981 iu
271 939 289 979 e
315 918 440 992 laciunt,
470 926 502 980 ut
526 920 575 980 bie
602 920 729 981 ethaeo
757 902 897 982 salutaris
909 920 966 981 boc
988 919 1130 995 salutare,
1157 919 1226 981 item
1248 920 1297 981 bie
1322 927 1352 978 et

42 1003 129 1084 'baec
148 1021 234 1102 agilis
257 1023 314 1083 boe
344 1020 419 1099 agile
447 1030 474 1082 et
502 1020 616 1083 similia.
660 1022 690 1083 in
713 1021 760 1084 bis
782 1029 880 1083 tamen
900 1021 1038 1095 omnibus
1059 1022 1296 1097 observabimus,
1324 1021 1350 1082 si

66 1125 267 1206 appellationes
293 1124 418 1198 luerint,
446 1123 523 1201 quod
554 1132 635 1203 tune,
649 1123 805 1185 ablativum
832 1124 862 1185 iu
882 1124 892 1185 i
911 1124 1035 1186 litteram
1061 1124 1179 1184 laniunt.
1230 1142 1298 1185 nam
1325 1122 1351 1184 si

65 1227 173 1307 propria
198 1226 317 1289 nomina
340 1225 463 1299 luerint,
493 1233 563 1286 tune
585 1224 741 1288 ablativum
765 1226 795 1286 in
819 1245 835 1286 e
857 1225 982 1287 litteram
1004 1225 1113 1287 babere
1131 1226 1297 1300 debebunt,
1320 1235 1351 1287 ut

64 1329 191 1392 aleliee
209 1329 389 1389 vehemente
412 1327 555 1388 Salutare.
580 1327 670 1389 nibilo
692 1329 790 1390 minus
812 1337 908 1390 tamen
929 1328 1070 1408 pluralem
1091 1330 1257 1408 genetivum
1279 1348 1352 1390 eun-

10 1502 12 1513 !
39 1431 122 1492 adem
144 1438 280 1507 servaut;
302 1437 414 1490 tautum
432 1428 588 1490 ablativum
610 1428 787 1507 singularem
808 1431 919 1491 variant
938 1430 967 1491 in
989 1429 1152 1492 ‹tinorenda
1168 1429 1279 1512 pmprii
1299 1449 1353 1492 uo·

62 1531 142 1593 niuis
168 1541 200 1592 et
222 1530 397 1612 appellativi.
448 1549 540 1610 aeque
567 1531 616 1592 illa
639 1549 755 1611 quoque
788 1532 944 1594 ablatiuun
969 1551 1022 1612 per
1049 1533 1059 1593 i
1088 1532 1214 1594 litteram
1243 1534 1352 1595 babeut

10 1634 12 1683 l
60 1651 128 1712 quiae
156 1633 336 1695 nonduativo
365 1634 395 1694 iu
420 1651 437 1693 e
463 1641 626 1713 correptam
654 1635 860 1708 terminantur,
885 1651 960 1713 quae
988 1641 1057 1694 sunt
1085 1632 1186 1712 ulique
1209 1635 1352 1698 neutralia

59 1734 278 1810 amiterninis,
302 1744 333 1797 ut
354 1754 435 1797 mare
458 1735 548 1796 sedile
570 1735 677 1797 mouile
698 1746 761 1799 rete
781 1746 810 1798 et
832 1736 943 1799 similia.

137 1839 212 1901 ltem
239 1837 288 1899 illa
317 1857 371 1918 per
398 1837 407 1897 i
436 1838 560 1900 litteram
586 1837 716 1902 dativum
744 1849 774 1902 et
794 1839 950 1901 ablativum
974 1837 1082 1898 babent
1103 1854 1180 1916 quae
1203 1846 1273 1900 sunt
1293 1838 1350 1899 boe

31 1941 157 2002 neodem
183 1940 278 2026 lillbro
305 1959 395 2020 supra
422 1949 557 2021 excepta,
584 1961 657 2021 «puae
685 1941 877 2004 incusativum
907 1960 960 2020 per
984 1941 1023 2002 im
1050 1939 1175 2013 laniunt,
1207 1940 1235 2001 id
1264 1949 1310 2001 est
1342 1941 1350 1999 i

56 2053 121 2104 aute
143 2063 192 2116 m,
220 2051 251 2103 el
272 2051 343 2104 sunt
364 2042 439 2104 tertii
463 2042 589 2115 ordinis,
619 2046 727 2124 puppis
751 2045 814 2105 sitis
836 2042 949 2105 securis
973 2041 1060 2103 turris
1090 2040 1154 2102 lulis
1176 2042 1268 2121 pelvis
1290 2043 1348 2102 lle·

57 2144 174 2224 liupolis
197 2143 383 2223 Scythopolis
405 2153 434 2206 et
457 2152 552 2205 cetera
575 2144 689 2206 similia.
734 2146 781 2208 illa
804 2163 920 2225 quoque
941 2163 1016 2222 quae
1038 2142 1162 2205 similem
1184 2142 1349 2221 genetivum

56 2247 235 2308 nominativo
254 2246 364 2308 babent
385 2248 466 2327 peri
488 2228 613 2308 litteram
637 2248 792 2309 ablativum
815 2246 964 2308 habebunt
985 2254 1015 2306 et
1035 2264 1088 2326 per
1108 2265 1134 2319 e,
1158 2253 1189 2305 ut
1208 2244 1281 2304 liaeo
1298 2264 1351 2306 na·

57 2349 97 2409 vis
124 2347 214 2410 buius
241 2347 325 2409 navis
352 2347 388 2410 ab
412 2345 468 2408 bae¹
497 2350 561 2409 navi
591 2358 621 2411 et
647 2369 735 2426 nave;
763 2350 908 2430 duplicem
934 2348 1011 2409 euim
1039 2348 1111 2408 lraee
1138 2347 1238 2426 regula
1262 2346 1350 2407 babet

23 2450 232 2511 nablativum:
262 2444 331 2510 item
353 2449 428 2528 ignis
457 2451 546 2513 turris
575 2454 656 2514 ratis.
701 2453 770 2514 item
792 2451 839 2513 illa
863 2451 945 2533 peri
974 2450 1099 2510 litteram
1120 2448 1275 2510 ablativum
1298 2450 1350 2510 ba·

57 2551 126 2613 bent
143 2571 219 2630 quae
241 2552 273 2612 ia
296 2552 305 2613 l
328 2551 452 2613 litteram
474 2555 681 2615 nominativum
703 2553 812 2615 liabent
839 2562 868 2614 et
888 2563 957 2616 suut
978 2552 1134 2626 neulralia,
1163 2560 1195 2612 ul
1222 2549 1348 2612 tribunal

56 2652 92 2712 ab
113 2653 169 2713 boe
193 2652 347 2728 tribunali,
375 2656 495 2734 vectigal
528 2658 668 2738 vectigali.
714 2656 765 2719 sed
787 2656 817 2717 in
839 2655 1063 2736 monosyllabis,
1092 2648 1234 2736 utsupra
1258 2654 1349 2715 adno-

58 2755 194 2829 tavimus,
223 2757 354 2835 regulam
373 2759 459 2818 istam
481 2779 539 2820 non
562 2770 693 2836 servant,
715 2770 746 2821 ut
764 2779 812 2822 ars
835 2779 913 2840 pars.
958 2760 1068 2821 laoiunt
1085 2759 1163 2818 euim
1185 2756 1347 2836 genetivum

58 2856 198 2934 pluralem
221 2857 326 2919 artium
350 2858 491 2939 partium,
522 2862 676 2924 ablativum
697 2881 765 2924 vero
787 2862 823 2923 ab
845 2863 900 2923 bac
919 2869 980 2922 arte
1008 2860 1045 2921 ab
1072 2860 1129 2921 liae
1148 2868 1240 2940 parte.
1280 2860 1364 2923 item.

23 2976 132 3037 aquae
152 2961 287 3037 genetivo
306 2961 373 3041 plus
395 2979 481 3041 quam
501 2983 557 3024 una
580 2959 688 3044 syllaba
710 2973 845 3026 creseunt
871 2965 1024 3026 ablativum
1046 2983 1099 3042 per
1120 2962 1127 3021 i
1148 2961 1272 3023 litteram
1299 2981 1351 3021 ne·

58 3080 141 3122 resse
163 3069 209 3121 eat
229 3062 369 3135 babeant,
397 3072 429 3124 ul
451 3064 523 3125 lraee
546 3064 676 3144 supellex
699 3065 785 3129 liuius
810 3065 999 3149 supellectilis
1020 3065 1056 3125 ab
1082 3066 1137 3124 lrac
1166 3062 1347 3144 supellectili,

59 3163 103 3224 bie
124 3183 267 3247 praeceps
288 3167 456 3246 praeripitis
476 3167 645 3247 praecipiti,
670 3168 716 3229 bie
741 3188 849 3250 anceps
871 3165 1004 3247 ancipitis
1025 3140 1159 3245 ancipiti,
1182 3164 1273 3224 liebes
1297 3164 1348 3224 lie·

58 3263 131 3324 betis
154 3264 267 3339 bebeti;
289 3266 393 3346 plurali
415 3269 548 3346 genetivo
571 3269 678 3329 babent
699 3270 768 3330 ium.

140 3366 244 3427 Omnia
267 3369 418 3430 masculini
441 3379 470 3429 et
498 3369 625 3431 lemiuini
649 3369 764 3449 generis
784 3370 922 3432 voeabula
944 3370 1082 3449 singulari
1108 3388 1229 3430 numero
1252 3368 1279 3427 iu
1298 3367 1349 3427 de-

29 3466 213 3529 aclinatione
240 3487 298 3529 nou
326 3470 391 3550 plus
417 3490 503 3551 quam
532 3491 588 3533 una
615 3471 724 3551 syllaba
753 3472 935 3546 increscunt,
963 3474 1040 3534 unde
1061 3471 1130 3532 milri
1158 3469 1271 3530 videtur
1289 3488 1348 3528 nou

59 3570 203 3649 supellex,
224 3571 274 3630 sed
297 3571 487 3650 supellectilis
509 3593 576 3640 esse
592 3574 762 3649 dicendum,
780 3584 809 3635 et
833 3576 961 3653 erumpes
979 3576 1113 3655 auripitis
1128 3589 1216 3649 quam
1230 3590 1347 3649 anceps,

62 3797 118 3847 1.·ὶ
138 3796 164 3845 Ν

125 3883 200 3931 trium
219 3883 300 3948 geue?
318 3890 344 3930 ul
364 3881 425 3931 lelix
442 3897 457 3931 a
473 3882 542 3931 lelici
561 3881 671 3932 felicium
692 3881 830 3932 uehemens

124 3980 149 4019 et
167 3969 263 4020 similia

62 4089 89 4139 li
124 4090 252 4145 Nlt·,t
289 4087 385 4154 illaeso

124 4228 135 4277 l
161 4226 299 4277 uehemens
319 4226 461 4275 uehementi
481 4227 666 4277 nelremeutium
687 4235 710 4276 et
728 4226 860 4278 similium

66 4355 359 4365 ——--.---—-—--.-
367 4358 396 4363 --

118 4436 237 4484 ltamen
257 4438 347 4481 neutra
366 4430 391 4478 N
415 4440 497 4480 tumen
517 4433 543 4480 in
561 4431 667 4482 neutrali
685 4431 710 4482 B
780 4430 812 4480 ll
830 4431 890 4480 ltem
909 4429 993 4477 illaB
1022 4426 1136 4476 lillaN
1205 4423 1237 4475 15
1256 4420 1344 4487 supra]

59 4505 129 4561 ΗΣ)
201 4502 233 4554 17
248 4499 392 4566 scytopolis
410 4500 436 4548 N
502 4502 535 4552 22
554 4497 642 4566 snpra]
660 4515 689 4564 p.
708 4501 741 4552 27
811 4499 845 4550 23
864 4502 937 4547 istum
944 4533 1072 4547 ........
1092 4494 1179 4559 ΙιιιΝ
1202 4496 1277 4543 istam
1297 4507 1346 4540 non

60 4584 151 4623 mant
168 4586 196 4625 ut
213 4588 236 4622 ω
329 4569 390 4619 lacit
408 4570 433 4618 N
516 4572 548 4620 2⁴
569 4587 630 4621 uero
650 4606 725 4621 .....
749 4580 802 4619 arte
822 4570 847 4617 N
873 4584 933 4618 uero
953 4568 984 4617 ab
1003 4567 1050 4616 liae
1067 4576 1121 4615 arte
1144 4581 1166 4613 ω
1253 4563 1287 4614 lli
1308 4571 1347 4610 est

60 4656 98 4691 ιι.
115 4644 151 4707 Ν,
168 4645 232 4698 add.
248 4641 387 4692 Fabricium
473 4638 535 4690 lineo
551 4640 666 4705 supellex
686 4641 761 4690 liuius
778 4639 945 4704 supellectilis
964 4638 996 4686 ab
1014 4622 1062 4685 liae
1080 4632 1233 4700 supellectili
1252 4647 1274 4682 ω
1304 4631 1346 4681 hie

62 4717 181 4779 “ppellex
201 4715 283 4765 liuius
299 4708 486 4774 suppellectilis
500 4711 531 4759 ab
548 4710 574 4763 li.
588 4711 759 4775 suppellectili
778 4710 802 4758 N
872 4709 906 4759 at)
924 4722 971 4758 uon
992 4705 1116 4770 suppelex
1134 4703 1180 4752 sed
1197 4702 1346 4767 superlecti-

63 4779 145 4833 teu.
190 4784 222 4838 31
250 4781 362 4844 aoelpes
380 4794 425 4826 om.
445 4777 480 4826 N:
505 4790 529 4828 et
547 4781 665 4844 sincipitis
683 4780 770 4846 potius
789 4793 864 4841 quam
886 4774 980 4842 anceps
1000 4773 1140 4824 Fabricius.
1174 4774 1278 4838 ancipes
1303 4787 1346 4822 no·

62 4853 181 4905 uadem
195 4853 289 4923 poenit
309 4848 440 4898 Oliarisias
451 4861 479 4911 p.
500 4848 541 4899 67.
560 4848 594 4901 96
