3114 5356
600 325 732 388 msur.
757 325 867 388 cum.
890 323 997 386 nmo
1251 276 1258 290 ’
1401 322 1443 381 es

239 439 353 483 nnn
1303 436 1390 482 ‚mn

163 454 287 587 lenztis,
307 512 382 573 haee
407 512 494 575 tellus
514 512 645 586 telluris,
666 514 746 591 ¹lraec
766 514 901 575 iuventus
922 509 1095 583 iuventutis,
1118 508 1192 569 haec
1215 448 1302 588 palud
1320 508 1444 588 paludis,

164 615 227 676 haee
247 615 372 676 servitus
392 614 555 689 servitutis,
573 615 646 687 llaec
663 623 801 678 senectus
822 615 998 687 senectut'm,
1025 613 1098 672 haee
1121 613 1203 672 lraus
1223 610 1349 684 fraudis,
1370 612 1444 672 lraec

163 715 219 777 laus
235 716 348 792 laudis,
371 717 445 778 haec
465 717 556 779 virtus
575 718 704 791 virtutis,
725 719 799 780 haee
818 717 896 778 salus
911 715 924 798 ΙΙ
941 715 1059 776 salutis:
1081 712 1237 788 neutralia,
1266 713 1324 773 lroc
1341 731 1444 775 nemus

108 848 110 889 ;
162 819 291 909 pemeus.
336 837 413 898 quae
434 828 531 883 autem
553 839 606 902 per
625 840 661 881 us
683 828 789 881 exeunt
814 827 843 880 et
864 817 1029 896 genetivum
1052 816 1176 879 similem
1198 816 1373 877 nominativo
1393 815 1445 875 lra-

144 920 225 983 vltent
244 931 274 985 et
295 929 366 985 sunt
385 923 479 1001 quarti
499 923 626 995 ordinis,
649 923 722 983 hace
742 921 817 983 inira
838 919 1046 992 ostenduntur,
1064 918 1170 997 quibus
1189 918 1318 997 exceptis
1333 917 1444 995 reliqua

163 1024 238 1104 peri
262 1025 464 1105 proferentur,
487 1025 565 1087 velut
586 1024 634 1085 lric
655 1043 727 1086 acus
746 1043 833 1097 aeus,
862 1023 911 1083 lric
931 1030 1012 1084 artus
1034 1030 1131 1096 artus3
1157 1020 1210 1083 sed
1231 1020 1370 1098 singulari
1392 1039 1446 1081 mr·

163 1144 236 1188 nero
255 1134 338 1189 artus
357 1144 417 1188 nou
438 1126 578 1189 dicimus:
601 1127 743 1188 adventus
762 1125 919 1200 adventus,
942 1131 1080 1186 accentus
1104 1134 1258 1196 accentus,
1286 1142 1372 1185 arcus
1400 1142 1446 1184 ar·

162 1246 223 1303 ms,
245 1237 347 1291 aestus
367 1236 484 1303 aestus,
502 1238 619 1292 caestus
640 1239 772 1303 caestus,
793 1247 879 1290 rasus
901 1247 1005 1301 casus,
1030 1216 1187 1288 contextus'
1205 1234 1375 1301 contextus,
1397 1246 1448 1288 co·

162 1329 202 1393 lrs
219 1330 304 1394 colus
323 1319 475 1407 ἠλακάτη,
501 1341 671 1394 conmeatus
694 1340 880 1404 conmeatus,
907 1348 1012 1391 curms
1041 1347 1161 1401 eunus,
1188 1328 1301 1405 cultus,
1330 1330 1445 1405 domus,

138 1433 277 1508 sucus,
303 1435 432 1508 lructus,
455 1435 546 1508 letus,
567 1435 692 1512 gradus,
715 1434 849 1505 lrabitus,
873 1420 965 1506 ictus,
988 1431 1097 1515 iactus,
1112 1430 1210 1506 lacus,
1232 1433 1365 1513 inpetus,
1386 1452 1448 1495 ma·

160 1552 224 1612 uns,
253 1535 460 1614 magistratus,
489 1544 594 1610 nutus,
621 1556 744 1598 occasus
764 1527 865 1611 δύσις,
887 1535 1023 1609 obortus,
1046 1541 1164 1613 partus,
1191 1552 1312 1613 passus,
1333 1544 1446 1615 portus,

161 1638 304 1714 porticus,
325 1637 522 1719 principatus,
551 1648 741 1719 prospectus,
762 1647 921 1718 quaestus,
950 1654 1092 1715 quercus,
1115 1635 1206 1710 risus,
1232 1637 1323 1710 ritus,
1344 1638 1447 1711 saltus,

158 1748 292 1813 mustus,
315 1759 421 1815 sexus,
444 1740 540 1815 sinus,
560 1740 650 1812 situs,
669 1750 781 1815 status,
799 1745 952 1819 sumptus,
975 1745 1103 1812 traetuS,
1120 1738 1228 1813 uibus,
1250 1759 1367 1816 versus,
1390 1741 1449 1802 vid-

158 1849 219 1913 tus,
242 1840 352 1903 nultus.
396 1843 466 1903 item
487 1843 583 1904 omnia
602 1843 719 1903 nomina
742 1861 817 1921 quae
839 1849 907 1902 ante
928 1860 964 1901 us
982 1839 1094 1902 litteras
1116 1839 1225 1900 lrabent
1243 1841 1270 1915 i,
1296 1841 1369 1902 haec
1391 1850 1449 1904 ter·

131 1943 306 2003 minantur
325 1961 379 2022 per
399 1945 560 2006 vocativum
580 1963 679 2006 casum
703 1946 731 2006 in
754 1946 779 2021 i,
800 1945 880 2007 velut
900 1944 948 2005 hic
970 1943 1036 2023 pius
1058 1963 1076 2002 o
1099 1942 1155 2022 pii,
1178 1951 1207 2003 ot
1229 1951 1326 2004 cetera
1349 1944 1450 2005 simili·

157 2052 200 2106 ter
218 2044 415 2106 declinantur.
459 2045 571 2106 nullum
592 2054 690 2108 autem
716 2049 847 2112 neutrale
870 2044 1059 2126 dissyllabum
1080 2063 1115 2106 us
1138 2043 1241 2105 litteris
1264 2045 1449 2106 terminatum
1506 2060 1511 2067 ·

156 2147 291 2224 genetivo
320 2148 350 2209 iu
380 2147 388 2206 1
416 2146 515 2207 ultima
542 2149 600 2208 exit
626 2148 744 2227 syllaba.
795 2151 872 2212 unde
898 2150 1000 2228 vulgus
1027 2145 1181 2208 masculini
1208 2147 1324 2224 generis
1351 2148 1449 2227 potius
1530 2162 1533 2167 ’

156 2268 243 2328 quam
264 2248 407 2311 neutralis
431 2248 587 2309 dicendum
609 2258 662 2310 est.
707 2253 778 2314 item
800 2271 926 2331 quorum
947 2253 1097 2331 genetivus
1118 2248 1274 2328 singularis
1295 2249 1325 2309 in
1347 2269 1382 2310 us
1405 2250 1451 2310 lit-

156 2361 236 2414 teras
262 2351 382 2424 exiem't,
409 2349 522 2411 dativus
549 2351 680 2414 ultimam
708 2376 726 2417 u
754 2356 882 2417 habebit.
927 2370 1130 2433 quaecumque
1155 2359 1252 2412 autem
1274 2348 1450 2412 nominativo

121 2455 186 2515 nin
209 2474 246 2516 us
267 2453 403 2515 exeuntia
425 2454 558 2533 genetivo
582 2453 685 2533 plurali
706 2476 724 2517 u
747 2460 925 2535 geminatum
948 2466 1015 2519 autc
1036 2475 1066 2516 m
1086 2453 1256 2528 habuerint,
1277 2473 1311 2515 ea
1330 2472 1451 2515 accusa-

157 2557 214 2619 tivo
244 2555 349 2637 plurali
375 2555 405 2614 in
432 2573 467 2614 us
497 2555 744 2634 temuinobuntur,
780 2569 811 2621 ut
839 2580 944 2622 manus
972 2576 1110 2619 manuum
1142 2557 1196 2617 lras
1227 2574 1347 2629 manus,
1376 2575 1451 2616 anus

156 2678 268 2721 anuum
287 2657 342 2718 lras
363 2676 452 2731 anus,
480 2658 604 2733 lluetus,
629 2658 725 2723 luctus
750 2671 779 2723 et
800 2670 907 2724 cetera.
952 2680 1021 2739 ergo
1039 2660 1143 2720 melius
1162 2651 1216 2719 lra's
1238 2657 1343 2719 ‹lornus
1364 2675 1450 2735 quam

157 2761 273 2823 doum.
318 2760 388 2821 item
411 2777 484 2838 quae
507 2760 536 2820 in
556 2779 594 2820 us
616 2762 748 2823 cadentia
770 2763 875 2843 plurali
896 2764 1029 2842 genetivo
1046 2781 1110 2823 rum
1134 2761 1265 2823 ultimam
1286 2760 1451 2832 habuerint,

157 2860 326 2924 accusativo
348 2860 451 2941 plurali
473 2881 507 2922 os
536 2862 647 2924 litteras
669 2864 785 2925 ultimas
806 2864 972 2937 habebunt,
996 2872 1028 2925 ut
1049 2865 1183 2944 pinorum
1206 2864 1307 2943 pinos,
1330 2866 1451 2924 ficorum

121 2966 249 3037 nicos,
271 2970 302 3024 et
323 2972 420 3024 cetera
441 2963 588 3040 similiter;
611 2985 645 3026 ae
667 2984 721 3045 per
741 2967 797 3027 ltoc
819 2966 971 3028 domorum
995 2967 1108 3028 domos.
1146 2967 1213 3026 item
1232 2986 1267 3026 us
1287 2966 1452 3039 terminata,

158 3067 182 3127 si
203 3064 303 3127 dativo
326 3072 356 3124 et
377 3065 500 3127 ablativo
526 3065 664 3144 singulari
688 3084 706 3126 u
729 3067 858 3129 ultimam
881 3068 1052 3143 habuerint,
1082 3069 1214 3147 genetivo
1236 3067 1339 3163 plprali
1363 3067 1453 3145 gerru·

158 3180 260 3231 uatum
291 3187 311 3229 u
338 3176 405 3228 aute
437 3186 465 3227 m
485 3167 608 3228 lrabeaut
632 3188 753 3229 neeesse
776 3180 837 3243 est,
867 3179 896 3231 ut
919 3190 993 3232 anus
1015 3171 1051 3232 ab
1072 3190 1129 3230 anu
1154 3188 1278 3244 antrum,
1299 3187 1410 3229 marrus
1433 3185 1454 3227 a

156 3290 253 3333 mnu
273 3287 420 3330 manuum
448 3275 477 3329 et
497 3276 623 3339 eetera;
651 3288 768 3349 ceper
790 3272 972 3335 lvocdomus
995 3294 1010 3335 a
1032 3274 1119 3333 ‹lorrru
1144 3273 1300 3346 domuum,
1323 3290 1399 3342 nou,
1423 3279 1454 3330 ut

160 3375 285 3455 quidam
306 3379 426 3452 putant,
446 3371 606 3432 domorum.

184 3520 495 3531 ,,,,,,-,.-----..--.--

159 3597 335 3654 2111111
368 3594 461 3645 lilaus

177 3737 265 3790 4—29
286 3736 312 3786 N

160 3742 194 3878 {5
231 3835 259 3875 ut
284 3825 403 3890 pinorum
427 3820 501 3884 pinos
524 3820 626 3870 lleorum
651 3821 712 3872 deos
735 3830 759 3871 et
786 3831 869 3872 retem
892 3807 982 3873 similil
1004 3837 1033 3871 ae
1052 3838 1077 3887 p·
1087 3857 1198 3870 .......
1222 3820 1342 3870 ivlomos
1359 3815 1388 3885 ss.
1410 3832 1433 3866 u.

260 3930 323 3978 ltem
335 3909 484 3976 usiminarn
494 3925 515 3972 si
526 3925 612 3975 ‹latiuo
626 3933 650 3974 et
659 3925 770 3975 ublatiuo
780 3928 856 3992 siugr'r
868 3943 903 3980 .u.
916 3928 1029 3978 ultiumm
1038 3962 1164 3976 ........
1172 3926 1232 3991 geni
1244 3925 1288 3992 plir
1299 3926 1452 3990 penninarum

229 4037 289 4079 ente
307 4043 334 4083 ru
352 4024 483 4076 habebunt
500 4040 602 4075 neeesse
618 4035 657 4076 est
675 4037 701 4075 ut
719 4044 782 4078 airus
801 4029 832 4077 ab
849 4043 898 4077 nort
915 4031 982 4077 auuir

227 4130 298 4181 dnm:
318 4143 335 4178 a
353 4127 431 4179 domu
447 4127 566 4178 domuum
584 4127 600 4177 ri
617 4130 764 4191 estquidam
783 4136 873 4196 putant
891 4129 950 4178 dom

227 4270 285 4322 Nea
304 4270 391 4319 noller
404 4281 496 4317 verm
512 4267 551 4317 iric
565 4269 616 4319 illie
630 4269 758 4331 pleniores
776 4284 847 4332 prom
866 4285 930 4318 auae
947 4276 1005 4319 sunt
1022 4269 1081 4333 lepit
1097 4265 1197 4317 Pierius
1266 4268 1299 4318 25
1311 4280 1340 4314 ac
1353 4276 1398 4324 per
1408 4261 1456 4311 lroe

163 4339 291 4415 domorum
311 4340 440 4390 dumoso
512 4336 545 4387 26
563 4339 677 4388 ultimum
697 4338 841 4388 habuerint.
864 4340 1040 4404 genitiuumto
1110 4338 1300 4388 audomarum.
1326 4333 1416 4384 Omnia
1434 4350 1455 4382 ω
1521 4392 1524 4397 p

226 4585 238 4635 1
259 4523 481 4633 uenerisfftellus
499 4577 525 4626 N
608 4577 625 4627 8
644 4590 700 4625 eus:
720 4589 746 4623 s:
879 4583 934 4624 t:t:
955 4577 981 4626 N
1001 4592 1076 4628 casus
1098 4593 1142 4627 sus
1166 4583 1293 4626 eorrtestus
1310 4581 1350 4620 tus
1367 4587 1389 4622 to

163 4650 311 4705 insensu
329 4652 367 4701 N*
448 4647 529 4696 cultus
553 4647 649 4697 lrrtctus
671 4646 736 4695 letus
759 4643 860 4695 lrnlritus
884 4648 950 4697 ictus
970 4648 1051 4697 iaetus
1069 4649 1170 4713 inpetus
1188 4659 1277 4694 manus
1294 4642 1458 4708 magistratus

166 4790 245 4845 lemos
261 4795 360 4845 ductus
379 4787 479 4854 gradere
498 4793 574 4836 notros
593 4786 664 4835 laerrs
682 4726 788 4835 ‘diddo
806 4786 907 4835 obtutus
927 4785 955 4834 N
1032 4786 1063 4836 tn
1087 4798 1194 4847 quereus
1210 4783 1256 4834 lroe
1275 4786 1329 4834 loro
1345 4783 1457 4832 omiseras

164 4871 212 4923 aar
228 4864 258 4916 id
275 4862 371 4914 uultus
389 4856 467 4907 labet
482 4855 508 4904 N
578 4854 609 4904 19
628 4854 711 4905 datib:
730 4854 756 4903 N
822 4855 857 4906 20
875 4855 1028 4921 geminante.
1046 4868 1080 4904 m.
1102 4853 1129 4903 N
