3114 5356
595 331 803 393 t’nmt‘ntto
1330 354 1356 395 11

55 535 103 581 tus
130 509 153 600 ἡ
180 516 357 601 προσῳδία
381 537 471 578 arcus
500 518 599 591 ψαλίς
626 508 703 592 aidis
729 524 886 595 ampiexus
913 511 1099 600 menterioni}
1123 556 1164 566 -
1193 521 1259 581 31*
1280 538 1357 596 quine

58 625 143 701 npud
160 626 271 682 latinos
288 625 454 683 masculino
475 623 560 697 apud
571 639 677 696 preces
698 625 858 682 neutralia.
880 623 938 681 Hie
953 625 1100 682 articulus
1114 610 1151 683 τὸ
1166 611 1300 701 ἄρθρον
1314 656 1357 666 —

61 726 100 786 32
120 743 199 801 puae
221 727 309 800 apud
329 727 436 784 latinos
454 723 604 796 feminina
621 727 706 800 apud
719 742 824 798 preces
842 732 950 783 neutra
961 726 1036 784 haee
1050 741 1131 798 aquo
1154 712 1191 783 τὸ
1206 713 1298 801 ὕδωρ
1314 757 1357 768 -

62 823 122 886 32*
135 844 215 901 quae
225 827 314 901 apud
322 828 430 885 latinos
446 816 554 884 neutra
574 829 660 902 apud
667 826 957 900 preeossoemininn.
990 824 1055 884 Hae
1065 812 1222 904 aeumenrj
1237 813 1356 903 ὀξύτης

62 961 100 971 -
120 927 161 988 33
186 927 287 987 herba
308 929 409 987 (notitia
430 943 508 1001 onae
527 931 651 1002 pessino
673 945 744 989 uoce
764 931 857 1004 primi
875 929 990 987 ordinis
1011 926 1179 999 efferuntur
1198 930 1229 985 in
1252 928 1357 1001 quibus

63 1033 144 1088 etium
169 1031 322 1104 quaedam
349 1031 515 1088 eomnnmia
537 1038 613 1088 suut.
658 1029 773 1091 Adntor
799 1034 879 1089 tatus
904 1045 978 1088 sum
1021 1045 1147 1088 euersor
1172 1037 1255 1088 sutus
1282 1046 1356 1088 sum.

64 1136 191 1193 aemulor
218 1136 299 1192 latus
325 1147 399 1191 sum.
443 1132 580 1190 nescietur
606 1132 685 1189 intus
708 1149 773 1190 sum
797 1126 993 1208 καλκολογώ
1020 1126 1057 1204 (l.
1083 1124 1291 1211 χαλκολογῶ)
1312 1162 1355 1174 -

65 1233 117 1293 33*
146 1234 186 1294 II
209 1235 327 1294 ordinis
353 1264 395 1276 -
423 1231 515 1291 Tertii
533 1231 649 1291 ordinis
676 1265 718 1276 —-
742 1233 816 1293 IIII
844 1232 959 1291 ordinis
985 1266 1028 1316 ··.
1055 1230 1151 1291 Uerta
1182 1248 1259 1305 quae
1286 1246 1358 1290 uoce

66 1343 170 1395 tantum
189 1337 292 1395 aetina
308 1333 509 1410 proferuntur
527 1311 618 1392 iatine
639 1335 725 1408 npud
741 1350 848 1408 procos
868 1339 966 1392 autem
981 1335 1139 1409 passinam
1158 1335 1356 1406 sipnifieatio-
1423 1406 1426 1412 ι

67 1455 123 1496 nem
135 1438 257 1496 haberet.
284 1437 384 1496 Ardeo
405 1438 478 1494 arsi.
493 1451 607 1493 areseo.
633 1436 773 1497 abstineo.
791 1437 925 1496 abortum
941 1435 1027 1508 sacia
1048 1436 1182 1495 abortum
1200 1435 1272 1508 feei.
1296 1453 1357 1511 ap-

64 1558 150 1613 pareo
168 1572 214 1584 -
246 1538 344 1599 Herba
371 1553 449 1611 puae
476 1537 672 1597 declinatione
700 1541 802 1599 aetiten
830 1547 891 1597 tam
919 1540 1005 1613 apud
1027 1554 1134 1611 preces
1160 1554 1249 1612 priam
1275 1539 1361 1613 opud

65 1645 162 1701 tutinus
180 1641 328 1714 ferientur
345 1636 499 1709 adfectum
521 1645 618 1697 tamen
639 1640 748 1703 nabent
768 1644 899 1718 passini.
937 1640 1049 1711 deficio
1076 1641 1178 1698 desum
1199 1642 1359 1712 tnnpuesco

66 1779 96 1788 -
119 1743 219 1804 derna
240 1759 320 1818 quae
338 1740 607 1816 praepositionibus
628 1743 740 1804 additis
760 1748 852 1805 aliam
872 1743 1115 1818 sipnifieationem
1136 1743 1245 1801 nabent
1258 1758 1359 1802 moereo

65 1862 224 1906 rannroueo
241 1858 380 1903 remoneo
401 1875 439 1885 -
464 1842 569 1902 Omnes
583 1851 691 1921 partes
708 1848 851 1905 orationis
871 1855 940 1904 sunt
960 1847 1027 1903 trae.
1062 1844 1173 1904 nonen
1195 1831 1358 1921 ὄνομα-

66 1957 135 2007 unto
157 1950 260 2007 littera
283 1933 433 2023 ἄφωνον.
474 1942 570 2003 Herba
584 1946 685 2004 aetina
707 1948 923 2022 coniupationis
931 1949 1062 2022 primae.
1084 1947 1226 2006 Ausculto
1240 1979 1277 1988 —
1295 1940 1359 2006 34*

64 2050 274 2124 coniupatiom's
292 2047 332 2108 II
355 2078 399 2089 —
419 2048 633 2120 coniupationis
652 2048 710 2107 III
731 2082 774 2094 -
803 2048 843 2107 35
867 2049 1085 2123 eoniupationis
1105 2047 1181 2107 IIII
1198 2081 1236 2091 -
1261 2047 1360 2107 1111111

66 2168 134 2223 quac
152 2150 257 2208 media
276 2150 484 2223 appellantur.
516 2149 667 2223 Adtoquor
688 2152 798 2210 ndutor
811 2183 853 2193 —
866 2150 952 2210 Haec
971 2150 1065 2210 uerba
1079 2148 1156 2207 IIII
1172 2151 1361 2225 coniupatio-

66 2269 124 2311 num
144 2254 212 2312 sine
229 2249 504 2326 praepositionibus
520 2251 738 2311 adnotauimns.
782 2268 852 2310 nnm
876 2259 946 2312 sunt
965 2252 1114 2326 quaedam
1136 2268 1215 2325 quae
1234 2252 1359 2312 adiectis

65 2352 325 2430 praepositionibus
345 2354 438 2411 aliam
465 2354 709 2425 sipnifieatiouem
730 2342 936 2429 nnbart'puae
953 2355 1066 2414 ideireo
1087 2370 1146 2413 non
1167 2354 1315 2412 adnotant·
1328 2360 1360 2412 ut

67 2455 240 2516 studentibus
252 2454 341 2514 tabor
354 2453 489 2513 ndt'eetus
500 2455 712 2516 iucunditatem
733 2458 866 2529 aliquam
888 2458 918 2514 in
938 2455 1118 2529 requirendo
1136 2453 1246 2514 habere
1267 2457 1357 2515 uide-

67 2566 133 2615 atur.
177 2562 311 2618 oeternum
332 2558 464 2631 exempti
480 2559 583 2630 pratia
605 2574 695 2616 unum
722 2559 837 2617 etitem
858 2560 985 2616 atterum
1002 2558 1233 2629 interponamus.
1275 2557 1359 2617 11111

67 2644 126 2734 tipo
146 2645 237 2718 ἕλκω
259 2657 377 2716 obduco
395 2643 515 2733 ἆπάγω
536 2658 651 2719 dedneo
670 2657 853 2736 καθίστημι
874 2690 918 2701 -
947 2660 1114 2719 iuterneuio
1135 2649 1357 2735 συντυγχάνω

65 2761 127 2826 neit.
171 2759 230 2818 deo
255 2757 375 2831 pretias
402 2772 489 2816 nmen
510 2774 597 2817 amen
623 2777 719 2821 nmen.
763 2757 862 2834 Ineip.
886 2758 1030 2820 latinitat.
1059 2760 1159 2818 ardun
1187 2775 1236 2818 res
1256 2759 1359 2818 anima

67 2870 107 2918 tua
125 2860 210 2936 quod
230 2859 316 2935 eupit
335 2859 478 2932 antiquae
499 2865 651 2921 uetustatis
665 2865 769 2923 untur.
814 2865 847 2921 et
876 2857 957 2921 haee
979 2855 1110 2943 quidem
1138 2877 1221 2941 quae
1243 2854 1358 2921 ultimo

67 2956 125 3023 ineo
138 2957 238 3048 posui
254 2956 377 3042 scripta
391 2964 467 3019 sunt
478 2957 513 3020 in
524 2966 672 3024 extrema
686 2961 809 3046 pagina
823 2957 964 3023 schedae
972 2962 1023 3036 35,
1038 2959 1130 3023 cuius
1148 2979 1226 3045 pars
1240 2979 1359 3022 aversa

66 3062 220 3155 seriptum
239 3065 348 3122 vacat.
392 3065 494 3122 restat
511 3069 548 3123 nt
567 3059 695 3126 dicatur
714 3062 756 3127 de
777 3068 932 3148 quattuor
952 3060 1149 3125 membranis
1178 3080 1262 3145 quae
1286 3058 1359 3123 ulti-

66 3183 142 3225 mum
164 3159 278 3224 locum
300 3160 336 3223 in
357 3159 469 3225 codice
492 3170 665 3248 occupant.
709 3165 744 3227 in
767 3163 808 3226 iis
827 3170 951 3242 eutem,
976 3163 1003 3225 si
1024 3160 1171 3224 ordinem
1194 3160 1250 3246 qui
1271 3182 1359 3224 nunc

65 3274 105 3327 eet
131 3261 305 3348 sequeris,
334 3261 456 3348 scripta
485 3272 562 3327 sunt
584 3261 680 3328 haee:
709 3268 750 3330 36
779 3271 825 3330 De
845 3271 1003 3328 ntenmnio.
1036 3267 1217 3326 alemaniam
1246 3273 1360 3324 constat
1402 3323 1405 3328 .

62 3372 182 3432 emeno
201 3369 447 3444 nepercareteeto
462 3401 505 3415 —-
523 3372 619 3444 mnpis
633 3374 778 3448 probabis
798 3376 826 3433 si
844 3372 897 3431 tibi
916 3387 972 3430 usu
988 3368 1140 3428 scribendi
1154 3369 1286 3442 pretium
1301 3382 1358 3425 uo-

60 3476 176 3549 luptatis
217 3471 366 3530 exsoluat.
430 3470 560 3531 MABII
597 3473 742 3535 SEBUII
781 3471 1050 3533 GRAMMATICI
1087 3469 1146 3529 DE
1190 3466 1361 3526 CENTUM

58 3571 218 3633 nnrnls
233 3565 461 3630 'FELICITER
481 3577 574 3648 expli.
619 3571 726 3657 (Serv.
749 3572 791 3636 de
807 3579 893 3634 cent.
916 3580 1008 3632 metr.
1024 3590 1057 3653 p.
1077 3566 1174 3647 1822,
1197 3565 1354 3646 2-1826,

58 3672 93 3734 32
114 3669 171 3735 ed.
196 3666 349 3755 Puuch).
392 3690 568 3756 paucorum
591 3695 746 3739 versuum
770 3673 912 3760 spatium
935 3671 969 3733 in
996 3679 1141 3733 extrema
1165 3666 1287 3753 pagina
1307 3689 1356 3731 re-

57 3770 168 3835 lietum
199 3777 262 3832 est
307 3769 373 3834 36*
400 3775 511 3850 Incipit
537 3779 586 3837 no.
624 3781 652 3839 V
669 3781 707 3841 de
734 3778 950 3840 tridtomatitrus.
994 3775 1168 3835 Hidiomata
1191 3781 1358 3848 quaesunt

57 3876 369 3936 murmanis-
387 3874 544 3947 suitnaee
564 3897 613 3940 res
634 3876 777 3962 (Charis.
801 3900 833 3963 p.
858 3875 1043 3955 231-294,
1075 3873 1142 3953 12).
1188 3875 1229 3936 37
1245 3871 1361 3935 Acontea

54 3997 148 4039 cesus.
199 3978 312 4038 Ordior
335 3977 417 4037 nane
443 4013 484 4023 -
509 3987 599 4056 puteo
619 3991 733 4045 stereus
760 3992 789 4044 et
814 3991 953 4043 stercore.
997 3979 1071 4038 Item
1097 3985 1166 4037 sunt
1193 3978 1356 4037 nidiomatn

54 4085 180 4142 min..
210 4095 290 4154 quoe
314 4096 373 4154 per
400 4098 515 4155 penora
541 4086 710 4158 efferunnir
731 4088 853 4147 diuersa
869 4087 903 4144 id
919 4088 964 4144 est
984 4082 1069 4155 apud
1086 4096 1212 4153 praeces
1232 4082 1357 4140 ulterius

54 4387 142 4445 incttr
169 4393 327 4458 maereat
375 4388 431 4447 sed
455 4391 487 4447 in
515 4392 575 4448 atio
601 4393 665 4451 ioco
692 4408 726 4451 eo
753 4408 810 4465 qno
840 4391 956 4463 dipesta
989 4392 1057 4445 sunt
1086 4386 1193 4443 ordine
1222 4399 1242 4439 n
1274 4380 1356 4439 notris

56 4491 240 4564 mmm
255 4491 417 4565 reppm'et.
438 4488 518 4566 incip
538 4489 577 4550 ne
593 4490 636 4566 pt'
656 4492 754 4552 3111111
775 4489 850 4564 diffe‘
865 4487 955 4550 iterna
977 4495 1006 4547 et
1024 4482 1158 4554 nomino,
1179 4478 1211 4540 h.
1237 4499 1265 4540 1.
1289 4478 1355 4540 ‘in-

56 4585 175 4671 cipiunt
197 4608 286 4653 nunc
306 4587 419 4676 ⁴{plura
445 4587 625 4652 iocundum
652 4587 871 4653 differentiam
896 4584 1070 4651 verborum
1098 4590 1130 4644 et
1159 4580 1355 4661 nominum’,

56 4706 113 4751 non
132 4701 170 4755 nt
192 4690 270 4757 olim
295 4689 427 4755 editum
450 4697 518 4771 est,
553 4689 733 4774 ‘incipiunt
755 4711 843 4753 nuno
864 4687 965 4751 Plinii
987 4680 1129 4749 Secundi
1152 4680 1356 4745 differentiae

59 4791 215 4860 verborum
242 4805 278 4862 et
301 4791 491 4859 nominnm'
515 4788 658 4874 (Charis.
680 4813 712 4876 p.
732 4791 794 4855 294
801 4841 810 4872 ,
834 4790 1004 4872 inf-296).
1038 4787 1154 4848 iterum
1175 4803 1351 4866 paucorum

60 4908 191 4965 vermom
208 4899 367 4994 spatium
388 4892 426 4958 in
448 4899 596 4956 extrema
613 4893 735 4979 pagina
751 4890 902 4956 relictum
918 4900 977 4954 1111.
1021 4885 1087 4951 37*
1109 4890 1194 4950 Inter
1214 4891 1357 4951 ultionem

10 4096 13 4133 1

10 4138 104 5324 kuni
134 4182 265 4256 perieras
283 4188 314 4240 et
334 4185 459 4244 atterius
479 4187 565 4260 apud
585 4191 693 4250 latinos
718 4205 795 4264 quae
815 4194 885 4247 sunt
902 4186 975 4245 sotis
994 4198 1095 4258 pauca
1116 4189 1145 4241 et
1162 4200 1221 4257 per
1241 4183 1354 4257 alpien-

54 4284 108 4342 ted
128 4282 273 4344 ordinem
297 4285 414 4359 diptota
442 4304 519 4360 puae
545 4304 598 4347 uos
623 4292 712 4363 quasi
733 4307 791 4349 non
818 4289 988 4348 necessaria
1016 4300 1097 4343 nune
1120 4284 1356 4358 praetermisisse
