3114 5356
528 335 660 397 lNS'l'll'.
685 335 795 398 1111111.
818 336 888 398 1,1Β.
909 339 921 399 l
1301 336 1361 400 123

119 450 280 506 amna
1161 453 1310 508 nnnc
1389 484 1394 495 .

66 522 178 585 restim
196 523 305 604 pelvim
325 554 346 590 s
374 522 432 583 hoc
456 523 534 584 enim
553 524 640 585 modo
661 531 691 585 ct
712 522 748 585 ab
772 524 829 585 boc
853 525 918 586 cani
939 524 1065 587 dicemus
1083 533 1111 586 et
1130 525 1166 587 ab
1188 525 1245 587 hoc
1266 525 1366 588 iuveni
1449 520 1454 527 ’

67 624 185 705 parsi’.

162 726 341 807 Aenigmatis
362 727 452 789 Varro
474 728 511 789 de
538 728 660 789 utilitate
682 728 826 790 sermonis
848 726 911 788 1111.
955 726 993 788 ait
1012 728 1087 789 enim
1106 728 1216 791 Pliniu's
1239 729 1362 808 ‘quam-

72 847 167 909 quam
193 828 231 890 ab
254 828 312 890 hoc
333 837 467 910 poemate
493 829 539 892 his
567 831 750 911 poematibus
773 830 870 890 lacere
898 828 1014 904 debeat,
1040 831 1134 892 tame'n
1158 832 1361 893 consuetudini

32 949 47 992 s
73 939 104 992 et
130 929 266 992 suadtati
290 931 404 992 aurium
432 940 533 993 censet
561 950 704 993 summam
732 950 799 994 esse
828 930 1021 1007 tribuendam,
1043 942 1076 994 nt
1100 933 1130 994 in
1151 934 1255 995 ncesse
1281 935 1361 996 etin

71 1031 204 1095 Anchise
224 1031 335 1094 llaroui
364 1032 488 1095 diximus
509 1032 664 1114 placitum;
695 1043 725 1096 et
745 1035 812 1113 quia
835 1034 943 1097 Graeca
962 1037 1075 1098 nomina
1099 1053 1158 1097 non
1180 1033 1288 1096 dehent
1306 1036 1363 1097 La-

75 1134 147 1196 tinis
166 1133 285 1214 renutu
306 1134 440 1214 alligari’.

160 1235 264 1298 Arabis
286 1237 382 1310 blaro,

242 1337 498 1420 llircanisqne
517 1339 731 1418 Aratrisqne
754 1333 925 1422 palliam

43 1443 126 1507 aubi
155 1441 267 1504 Plinius
296 1444 348 1502 ‘es
373 1460 495 1504 numero
523 1442 626 1523 plurali
654 1441 734 1502 linita
763 1441 881 1502 nomina
901 1439 993 1503 datico
1020 1440 1072 1503 hus
1094 1441 1252 1522 recipiunt,
1275 1440 1363 1520 idque

78 1552 322 1606 commentatores
340 1542 468 1605 iubent’.
512 1544 581 1623 quid
603 1561 688 1622 crgo,
711 1544 736 1604 si
758 1544 801 1605 sic
822 1542 988 1619 declinavit,
1011 1552 1041 1605 ut
1058 1544 1177 1606 Plautus
1192 1544 1223 1605 in
1239 1543 1363 1605 Bncchi-

79 1647 164 1707 dibus
184 1676 205 1712 s
228 1654 258 1707 et
277 1646 308 1707 in
321 1645 451 1713 Poenulo
470 1646 625 1708 ‘Arabus
646 1645 834 1707 maurinus
855 1645 962 1707 odor'
987 1640 1118 1731 [Arabus]
1136 1646 1266 1708 Lucilius
1279 1647 1363 1720 XXV,

79 1748 236 1810 ‘Arabus
265 1750 433 1811 artemo'.
478 1749 604 1827 denique
633 1757 662 1809 ot
689 1748 721 1808 G.
752 1746 871 1809 Cassius
894 1747 925 1808 in
956 1747 1076 1827 epistula
1105 1766 1192 1826 quam
1217 1747 1254 1808 ad
1276 1745 1363 1807 Dola·

80 1849 184 1912 bellam
207 1845 213 1933 Ι
238 1849 355 1929 scripsit
384 1849 509 1910 ‘Arabi
535 1849 701 1912 mirilico
722 1849 847 1911 animo
873 1867 955 1927 erga
976 1867 1041 1910 nos
1065 1851 1236 1911 luerunt’
1258 1849 1361 1927 inquit,

53 1954 170 2032 straps
190 1950 287 2025 llaro,

242 2052 362 2114 omnis
382 2054 516 2132 draps,
539 2072 665 2115 omnes
688 2053 885 2115 vertebant
906 2060 1008 2131 terga
1026 2051 1176 2126 §abach

85 2153 182 2215 llorus
197 2153 233 2213 ad
247 2153 345 2216 dirum
362 2153 541 2217 Hadrianum
556 2156 680 2233 ‘quasi
699 2155 742 2216 do
756 2156 872 2217 trahe
887 2162 946 2217 aut
960 2156 1121 2216 Sarmata
1138 2152 1361 2215 manubias’.

161 2255 221 2318 Bos
242 2254 343 2329 horis,
366 2274 426 2317 non
447 2265 479 2317 ut
497 2255 587 2335 glotis
609 2256 685 2318 roris
707 2258 802 2332 boris,
825 2258 902 2336 quod
924 2258 993 2319 haec
1013 2276 1029 2318 c
1049 2262 1258 2317 consonantem
1275 2255 1361 2317 unius

87 2357 218 2436 temporis
240 2356 343 2431 habet,
372 2366 405 2418 ut
427 2368 514 2439 caput
536 2378 595 2420 non
615 2359 708 2438 magis
733 2360 844 2439 placet,
864 2360 931 2421 licet
951 2358 1025 2439 apud
1038 2358 1174 2418 'Graecos
1193 2342 1362 2436 phthongos

58 2458 179 2538 adures
201 2459 308 2521 babeat
334 2458 408 2521 haec
430 2460 540 2534 littera,
570 2471 602 2524 ut
627 2462 749 2537 vocalis,
777 2462 860 2523 bovis
882 2481 947 2524 roro
972 2458 1086 2522 tametsi
1109 2458 1226 2520 brevem
1249 2466 1362 2521 tautum

89 2560 207 2623 vocalem
228 2571 319 2642 gerat

90 2761 157 2812 1-7
175 2759 201 2809 Ν
918 2804 921 2809 .

179 2841 319 2897 Aenigmstis
329 2854 392 2885 uarro
404 2845 431 2885 do
441 2844 535 2884 utilitato
547 2845 654 2885 sermonis
669 2842 722 2887 ,1111
737 2844 768 2884 ait
782 2846 809 2886 ti
825 2841 908 2897 plinius
922 2840 1005 2895 quiqui
1016 2842 1042 2882 ab
1057 2840 1079 2882 h.
1093 2844 1190 2895 poemata
1199 2839 1234 2880 lais
1246 2839 1364 2892 poematih:

89 2915 103 2964 5
164 2915 246 2966 lacere
265 2915 355 2966 debeat
368 2916 393 2964 tri
407 2918 583 2991 consuetudini
597 2924 622 2966 et
636 2909 755 2967 suranltati
770 2917 841 2966 auriti
859 2926 944 2965 censet
956 2917 1055 2966 summis
1072 2914 1102 2963 εἶ
1119 2911 1280 2963 tribuendum
1296 2918 1324 2960 nt
1339 2911 1365 2960 in

164 3010 248 3054 acesto
267 3010 292 3051 et
309 3004 335 3053 1ιι
353 3002 457 3053 anchise
481 3018 583 3053 marone
598 3003 668 3053 dn't'n:
687 3002 807 3068 placitum
827 3010 851 3052 et
868 3019 886 3067 u
902 3017 978 3069 greca
996 2998 1045 3052 ιιιῖιι
1063 3001 1077 3049 ir
1094 2998 1186 3050 debent
1204 2999 1289 3048 latinis

89 3087 110 3136 N
115 3095 183 3146 utut
200 3088 294 3152 Arabis
1206 3085 1347 3167 Q

146 3253 303 3304 hsummam
322 3265 379 3300 ease
396 3250 555 3301 tribuendam
575 3266 596 3300 ω
683 3249 814 3301 hilaruni
833 3247 952 3315 placitum
968 3264 989 3297 ω

86 3425 244 3488 recipiendum
259 3425 322 3488 suit,
342 3426 391 3475 nisi
401 3422 557 3487 probabilius
574 3421 701 3474 uideretur
718 3422 840 3485 conplura
856 3420 1024 3479 intercidisse,
1043 3416 1130 3486 quihus
1148 3433 1200 3467 cum
1218 3419 1250 3467 de
1265 3419 1365 3468 narnini-

86 3495 123 3545 iss
138 3501 219 3562 ‘quac
236 3497 398 3546 mancationem
415 3495 440 3543 in
458 3495 489 3543 ins
504 3494 616 3557 faciunt'
636 3499 683 3541 tunc
701 3491 733 3542 de
751 3494 782 3542 iis
801 3497 883 3557 ‘quac
900 3491 997 3540 sinitaut
1009 3489 1143 3554 penatium
1160 3489 1307 3542 nmmnadno
1320 3488 1366 3537 itu-

86 3565 146 3615 icnt’
164 3565 282 3632 (Charis.
298 3582 327 3629 p.
348 3563 400 3627 33)
413 3572 576 3627 praeceptum
594 3569 652 3611 erat
741 3563 753 3612 l
776 3571 800 3611 ct
822 3562 854 3611 ah
877 3560 995 3610 baccani
1011 3559 1122 3608 dicemus
1141 3565 1165 3606 et
1183 3558 1215 3607 ub
1236 3557 1365 3607 bocauna

85 3634 246 3698 Nipperdeius
324 3631 465 3698 hilaruni]
484 3633 520 3696 cf.
537 3632 636 3683 Charis.
652 3647 681 3693 p.
701 3632 732 3681 51
815 3633 830 3681 ‘l
849 3629 945 3695 regulis
965 3628 1024 3678 add.
1042 3627 1173 3677 Fabricius
1250 3624 1362 3691 annuo]

85 3705 140 3754 Aen.
156 3704 272 3756 v11605
360 3703 391 3755 ll
417 3705 442 3753 in
462 3702 633 3753 Bacchidibus
652 3702 759 3751 hratbns.
789 3708 813 3749 et
831 3702 856 3750 in
875 3699 994 3759 Poenulo,
1013 3695 1154 3765 hlyrrhiuus
1172 3696 1235 3746 odor
1253 3697 1363 3747 Arabus.

128 3775 187 3825 ilino
201 3774 343 3838 Fabrs'ciua,
364 3790 433 3839 mucan
449 3781 547 3824 sennua
565 3780 603 3822 cst
622 3770 769 3820 Ritacleb'us
781 3787 843 3824 mus.
863 3764 942 3823 Ilien.
960 3773 1049 3822 noviss.
1069 3768 1112 3818 llll
1127 3784 1154 3832 p.
1169 3764 1221 3818 585
1236 3773 1262 3816 et
1279 3768 1365 3818 Plaut.

144 3845 169 3895 n.
188 3843 231 3894 ³0.
255 3852 280 3894 et
295 3860 357 3894 sane
373 3859 461 3894 aeram
478 3842 630 3893 Bacchidurn
647 3842 686 3890 nel
701 3857 717 3889 a
735 3840 840 3891 librario
857 3843 895 3891 aet
913 3856 930 3889 a
943 3841 1102 3906 manuatim
1116 3841 1221 3889 onmsus
1237 3843 1282 3887 est.
1302 3837 1366 3885 Ara-

83 3915 124 3966 bus
146 3924 228 3965 autern
251 3917 291 3964 oet
311 3916 401 3978 priore
424 3915 464 3963 cet
474 3913 592 3963 necundo
610 3915 663 3961 loco
682 3926 695 3960 e
712 3913 823 3976 maraine
839 3913 940 3960 inlutum
957 3925 1013 3960 essc
1029 3908 1125 3960 videtur
1209 3907 1241 3957 12
1260 3907 1285 3955 1ιι
1303 3906 1366 3955 Poe-

81 3983 146 4050 nulo]
165 3987 188 4034 V
208 3986 271 4042 bd
339 3984 464 4048 macrinus
483 3983 508 4031 N
577 3981 608 4033 13
627 3996 701 4043 quam
722 3982 753 4031 de
769 3980 893 4031 dolabella
911 3980 938 4030 N
1005 3979 1036 4029 15
1055 3973 1136 4042 hluto]
1156 3977 1221 4027 Aen.
1242 3976 1299 4025 Vlll
1315 3974 1365 4024 706

73 4044 80 4063 ⁸
144 4055 176 4105 17
194 4053 351 4103 Hadrianum
369 4070 390 4102 ω
410 4053 482 4103 hadr.
502 4053 528 4102 N
597 4051 629 4102 18
647 4051 707 4110 Bos,
727 4052 810 4108 bovis,
831 4067 879 4102 non
897 4060 926 4118 cn
942 4049 1030 4115 gloria,
1046 4049 1117 4103 roris,
1136 4047 1215 4110 lloris,
1233 4046 1300 4107 quod
1318 4043 1366 4093 boc

79 4134 132 4175 snte
152 4141 166 4176 s
181 4132 373 4181 consonantem,
391 4139 406 4173 o
423 4124 499 4174 unius
517 4123 637 4187 temporis
652 4121 743 4184 lmbet,
768 4121 826 4171 licut
844 4120 912 4186 apud
931 4120 1039 4171 Graecos
1054 4118 1200 4184 phthongos
1216 4114 1302 4180 plures
1321 4113 1366 4163 lm·

78 4196 145 4252 hest:
163 4195 240 4245 horis
256 4209 317 4243 vero
331 4194 432 4244 brevem
451 4200 546 4242 tantum
565 4190 677 4240 vocalem
696 4193 762 4255 gerit
779 4194 883 4242 coniecit
902 4191 1093 4241 Lindemannus.
1119 4203 1165 4252 epo
1182 4192 1325 4248 corncptarn
1343 4191 1368 4233 et

76 4265 240 4329 &pascnan
255 4264 349 4313 codicis
366 4265 517 4325 scriptuarum
540 4264 638 4327 reliqui.
670 4267 776 4310 ceter-mn
794 4264 831 4312 ud
846 4263 968 4325 diparrana
985 4263 1010 4311 in
1026 4261 1190 4310 declinatione
1206 4256 1275 4306 honis
1292 4256 1368 4305 inter-

73 4337 178 4400 positam
196 4341 222 4384 et
236 4335 416 4396 correptionem
435 4348 449 4382 o
464 4334 581 4391 litterae,
605 4329 692 4396 quidm
708 4331 741 4379 de
759 4331 835 4381 rebus
852 4333 973 4382 dataverunt
988 4331 1135 4380 Priscianus
1148 4342 1175 4389 p.
1195 4325 1246 4377 att
1264 4331 1290 4374 et
1306 4322 1367 4372 Ser-

75 4411 125 4458 sius
143 4407 169 4455 in
187 4404 269 4469 Ver-p.
289 4403 369 4452 bucol.
387 4404 417 4466 8,
433 4400 481 4465 86,
502 4402 564 4452 baec
577 4402 708 4464 pertinere
730 4400 852 4455 videntur.
882 4405 936 4452 eius
954 4408 1034 4450 autern
1050 4399 1189 4450 sententiae
1205 4395 1312 4459 nestipin
1329 4393 1368 4442 ita

70 4478 129 4541 sere
144 4477 247 4528 rasit&
259 4475 358 4537 possis,
376 4472 475 4536 quoda
494 4481 551 4523 aute
568 4489 584 4521 n
603 4476 782 4520 consonantem
800 4472 875 4520 unius
893 4471 1015 4536 temporis
1032 4468 1108 4518 habet
1125 4488 1139 4515 s
1156 4472 1182 4514 nt
1201 4463 1298 4529 Caper,
1316 4477 1365 4511 non

10 4551 13 4573 '
73 4548 155 4613 ansgis
169 4573 206 4583 -
222 4545 308 4595 littera
324 4559 342 4591 ιι
362 4542 466 4594 vocalis.
497 4543 570 4592 bovis
589 4555 658 4597 vero,
674 4541 774 4589 tametsi
793 4541 893 4591 breuem
914 4549 1009 4590 tantum
1028 4536 1143 4589 vocalem
1159 4542 1230 4599 gerat
1247 4550 1273 4591 ·;
1296 4539 1324 4582 ut
1340 4539 1366 4582 et

73 4618 152 4682 Capru·
163 4616 292 4668 mentia
307 4613 435 4663 eundern
451 4619 476 4662 et
493 4614 519 4660 in
532 4614 584 4674 fine
601 4611 633 4658 rie
646 4611 748 4659 diuersa
763 4613 789 4661 in
803 4612 906 4676 reliquis
923 4608 1022 4660 canon
1039 4606 1176 4673 quantitate
1189 4605 1279 4653 diction
1287 4603 1370 4666 sumt

139 4688 172 4740 tu
190 4686 287 4737 habent
311 4691 338 4731 nt
355 4692 432 4748 cnput
451 4682 582 4732 Fabricius
599 4680 643 4729 bot
661 4679 704 4744 (b.
722 4695 744 4729 e.
766 4680 860 4746 hahet)
879 4687 906 4731 nt
923 4681 971 4785 opp
988 4677 1024 4741 N,
1048 4679 1074 4726 in
1091 4673 1179 4742 qsn'dus
1193 4672 1300 4739 capnon
1316 4688 1366 4722 rae-

72 4810 126 4860 sn‘ai
142 4811 210 4859 atius
225 4820 280 4871 pro
296 4820 320 4855 n.
340 4810 417 4868 capot
430 4803 498 4865 poni,
516 4817 660 4868 quanquam
678 4803 711 4866 ap
725 4808 764 4851 est
782 4809 844 4868 aput
924 4808 1032 4866 ptongos
1050 4795 1076 4844 N
1155 4795 1190 4846 20
1205 4794 1267 4844 haec
1285 4793 1367 4856 litera,

71 4896 142 4945 qaam
163 4878 269 4930 uocales
289 4873 423 4923 Fabricius
1208 4898 1214 4911 .
