3114 5356
134 279 195 345 290
469 277 632 342 cunmstl
652 276 785 341 ntsntt.
808 277 919 340 amnt.
942 276 1014 338 LIB.
1038 276 1091 340 llll

296 466 455 546 inelyte,
478 482 589 545 parva
610 465 785 548 praedite
807 465 932 546 patria

298 567 447 630 nemine
469 565 612 628 celebri
635 567 818 646 claroque
840 576 976 649 patens

134 719 168 734 ..
192 680 221 733 et
241 672 299 733 hae
320 714 854 731 ..................
885 677 916 731 ut
944 688 979 729 ex
1010 670 1057 730 his
1084 668 1132 745 qni
1160 667 1365 727 fontanenses
1391 664 1429 724 in·

134 774 209 854 elyte
229 791 317 854 parva
338 789 392 850 ega
414 788 480 830 eom
500 816 626 832 .....
651 770 719 832 elem
736 790 787 832 ver
809 816 816 831 .
838 818 845 832 .
868 772 981 846 fecero,
1004 770 1086 831 euius
1110 777 1180 829 sant
1201 769 1250 829 itta
1273 771 1429 845 ‘quaenam

134 885 163 936 te
184 874 306 953 adigumt
328 874 438 953 hospes
465 870 607 952 inelyte,
636 873 765 935 manebit
791 872 885 934 isdem
914 872 1035 934 vocibus
1061 879 1091 930 et
1116 877 1159 930 est
1184 869 1288 930 eadem
1314 868 1385 928 tiene
1406 874 1450 926 ete

135 994 172 1037 ex
192 982 286 1035 metm
305 982 470 1036 removetur
491 982 520 1034 et
540 984 672 1038 mutatur
697 985 726 1037 et
753 977 786 1037 flt
814 974 907 1036 melas
935 976 1077 1055 protecta.
1123 981 1153 1033 et
1174 973 1199 1033 si
1221 970 1316 1031 melos
1337 977 1430 1030 exten·

134 1076 230 1149 deris,
265 1084 298 1136 ut
321 1076 352 1136 in
379 1076 463 1137 laune
485 1078 583 1137 veniat
603 1076 795 1153 quantitatem
818 1094 937 1150 versem,
961 1075 1085 1154 ‘inelyte
1104 1073 1219 1151 ttaepee
1241 1089 1330 1152 parva
1352 1087 1430 1149 pme·

135 1177 195 1239 dite
214 1177 336 1258 patria'‚
358 1185 388 1237 et
406 1177 464 1238 elue
487 1185 629 1239 commata
652 1178 697 1237 vel
719 1176 904 1238 hemistichia
924 1177 1070 1251 inniteris,
1095 1185 1126 1238 nt
1146 1172 1237 1237 iacies
1257 1173 1317 1246 sie,
1338 1174 1430 1248 ‘quae

134 1295 203 1339 nam
221 1285 251 1338 te
273 1276 409 1356 adigunt,
431 1278 559 1360 hospes,
582 1287 685 1358 stagna
707 1280 824 1359 capacis
845 1278 939 1340 visam
959 1279 1083 1341 Avemi’

735 1424 836 1462 *ξ*

302 1653 397 1717 inelyte
412 1666 494 1717 paena
517 1651 588 1718 pdite
883 1669 968 1704 nemea
1240 1667 1272 1703 au

303 1754 357 1801 req.
378 1738 476 1802 patenti
560 1748 585 1786 et
604 1736 653 1788 hae
854 1748 928 1789 netur
1134 1747 1162 1789 nt
1181 1753 1212 1787 ex
1231 1738 1273 1788 hie

304 1825 347 1887 qui
366 1821 431 1872 torte
449 1837 541 1872 uersus
557 1823 651 1889 inelyte
674 1839 691 1888 p
857 1840 905 1891 ega
924 1840 979 1875 eam
1146 1824 1275 1874 damnante

304 1927 388 1977 fecero
418 1926 490 1974 euius
520 1909 545 1975 {t
575 1927 618 1976 illa
642 1926 717 1989 qnam
750 1934 774 1975 te
806 1927 914 1994 adigunt
943 1929 990 1978 hos
1199 1942 1273 1977 ema

303 2013 396 2062 nebitis
414 2012 472 2063 dem
487 2013 618 2064 uocibus:
642 2019 667 2061 et
689 2025 746 2060 esse
769 2013 859 2063 eadem
885 2015 957 2064 [taret
976 2029 1008 2064 ex
1033 2020 1112 2064 metra
1130 2020 1274 2064 remanetur

302 2107 413 2149 mutatur
438 2109 463 2148 et
486 2100 514 2148 ttt
536 2099 617 2150 melos
640 2097 727 2163 pteeta
750 2133 758 2148 .
785 2096 809 2146 ἀ
832 2099 855 2148 ai
876 2100 957 2149 metas
980 2101 1125 2151 extenderis
1148 2108 1176 2149 nt
1201 2101 1227 2150 tn
1255 2098 1272 2148 h

303 2186 420 2237 ueniatnr
443 2187 608 2248 quantitatem
631 2199 724 2235 namus
748 2182 825 2251 inetpt
1111 2188 1166 2236 enin
1200 2185 1273 2253 fidite

304 2273 388 2337 patria
430 2279 455 2322 et
500 2272 550 2322 duo
597 2279 723 2322 commata
770 2271 786 2320 ῐι
834 2270 975 2322 emistichia
1021 2272 1139 2328 inniteris,
1179 2279 1207 2320 ut
1246 2270 1271 2320 tu

304 2360 357 2408 eina
385 2360 423 2408 eie
454 2360 529 2421 qnam
556 2366 580 2407 te
610 2347 718 2424 adigunt
745 2357 839 2422 hospes
869 2364 960 2423 stagna
985 2359 1087 2422 capacis
1114 2359 1198 2407 uisere
1225 2357 1286 2406 ainai

207 2495 365 2560 2p0tenti..
387 2496 429 2546 aet
445 2503 522 2559 poten
543 2495 584 2560 poi
609 2497 660 2561 tepi
681 2510 759 2558 pesae
773 2495 905 2546 uidebatur
922 2499 948 2546 in
967 2495 991 2544 N
1075 2493 1091 2544 3
1112 2494 1197 2545 inclite
1212 2508 1294 2560 parua
1312 2509 1372 2559 erga
1389 2491 1431 2543 Ca·

140 2564 200 2612 miei
219 2564 296 2614 iidem
313 2580 403 2615 nemus
420 2564 503 2614 secere
519 2581 550 2615 a:
566 2564 650 2615 iecere
669 2573 750 2615 tamea
769 2581 824 2617 eme
842 2568 867 2616 ta
885 2566 911 2615 N
923 2573 1016 2616 eertmn
1035 2573 1073 2616 eet
1146 2568 1162 2614 5
1181 2565 1276 2631 hospes
1294 2584 1308 2615 a
1328 2561 1432 2612 aaanebit

137 2632 355 2753 webm‘uoeibua
373 2649 390 2682 u
473 2634 536 2683 tut
550 2634 692 2684 inueniatur
708 2652 724 2683 a
813 2633 898 2685 inclite
916 2650 996 2702 pamm
1016 2635 1114 2701 predita
1136 2651 1166 2684 a:
1195 2634 1254 2686 mut
1274 2637 1333 2698 ptus
1350 2633 1432 2683 deeset

180 2716 280 2755 eaur.

210 2940 221 2989 l
245 2938 346 3006 inelyte]
366 2958 401 2990 ex
412 2942 477 2991 Attii
486 2940 625 2991 Philocteta
640 2945 781 2992 mouerunt
790 2941 931 3005 Appuleius
949 2942 980 2991 de
999 2943 1045 2993 deo
1061 2942 1177 2992 Socratis
1192 2957 1220 3005 p.
1234 2944 1267 2994 55
1280 2946 1321 2994 eet.
1336 2943 1398 2994 aaa.
1411 2950 1432 2992 et

141 3008 246 3060 Mariua
267 3011 412 3061 Victorinus
426 3026 454 3073 p.
473 3013 542 3062 2522
630 3012 728 3076 prodite
747 3012 829 3076 patria
848 3013 949 3060 nemine
972 3013 1066 3061 eelebei
1089 3012 1208 3075 clareque
1226 3023 1318 3077 patene
1337 3021 1432 3079 pectere

142 3079 281 3142 Appuleius
299 3089 323 3130 et
344 3080 415 3131 Mar.
439 3081 583 3131 Victorinus
601 3083 619 3133 t.
639 3097 662 3134 a.
732 3081 866 3131 itdiaaide‘a
881 3081 940 3144 sere
956 3091 1032 3143 parte
1049 3081 1158 3131 schedae
1176 3085 1202 3131 in
1220 3083 1246 3132 N
1261 3085 1373 3145 abscisa,
1389 3098 1432 3148 qua

140 3164 170 3199 re
188 3150 253 3199 duae
266 3152 376 3215 papiuae
394 3152 493 3200 deletae
511 3158 574 3208 aunt,
592 3153 691 3216 reliqua
706 3166 772 3214 pare
790 3151 880 3214 capitia
894 3152 981 3212 periit.
1008 3168 1062 3201 eam
1080 3160 1160 3200 autem
1173 3153 1329 3216 sequebatur
1346 3153 1434 3203 ‘Marii

140 3216 223 3267 Serm'i
237 3223 393 3283 pranunatici
410 3221 551 3270 decentum
569 3225 669 3271 metris’
689 3220 767 3283 tiber,
790 3223 859 3269 cetius
873 3220 1018 3284 [repetente
1036 3230 1060 3271 et
1080 3223 1103 3269 in
1129 3224 1227 3271 laetatu
1244 3224 1433 3272 membranarum

140 3285 172 3336 de
189 3290 265 3337 tertia
280 3289 373 3339 eeteeda
390 3291 484 3340 retietie
501 3298 525 3339 et
542 3291 567 3339 in
584 3291 682 3339 duabus
697 3291 797 3353 pupinia
820 3289 928 3339 actaeae
946 3298 1054 3354 quartae
1070 3297 1175 3340 restant.
1210 3291 1250 3341 tte
1268 3296 1365 3343 omissis
1383 3293 1432 3342 auh·

139 3357 188 3407 ieet
200 3358 345 3423 srapmeata
363 3359 422 3410 tetra·
437 3361 528 3424 quinti,
549 3375 613 3423 quae
627 3367 688 3425 poet
703 3357 787 3409 Semta·
803 3358 908 3409 libettmn
925 3364 950 3409 iu
970 3361 1055 3410 codiee
1068 3362 1235 3423 pauitantem.
