3114 5356
134 265 174 329 24
705 260 866 327 cutalsu

204 409 209 422 .
252 407 258 421 .
329 407 336 421 .
1215 376 1298 418 ,.u.
1314 374 1340 416 n
1353 372 1378 415 n

137 378 373 534 qiiiioiintiaee
401 457 494 511 mater
519 450 606 511 huius
633 450 751 522 matris,
777 448 917 511 neutralia
938 468 1023 522 veru,
1045 448 1103 510 lroc
1124 383 1250 529 papavii
1270 446 1358 508 buius
1379 466 1431 527 pa·

137 553 266 636 paveris,
292 549 415 612 cadaver
440 549 598 613 cadaveris.
641 551 802 614 masculina
830 560 927 613 autem
954 551 1027 612 baec
1054 568 1128 629 quae
1155 568 1172 610 a
1195 548 1314 610 Graecis
1341 552 1431 629 prod-

137 657 295 719 ciscuntur.
340 651 436 712 omnia
459 652 536 713 enim
558 672 632 732 quae
654 654 730 734 apud
753 654 881 714 Graecos
903 662 953 714 aut
978 672 1031 734 per
1051 671 1121 731 γρος
1141 659 1191 712 aut
1209 668 1270 729 per
1290 670 1359 729 προς
1379 659 1430 712 aut

137 776 190 837 per
212 751 281 831 ὄρος
307 759 357 813 aut
382 771 436 833 per
460 773 530 832 κρος
557 756 733 830 eMemutur,
766 755 839 816 haec
866 754 963 816 omnia
985 754 1092 816 anrissa
1115 754 1225 816 Graeca
1247 753 1429 815 extremitate

137 867 167 920 et
193 876 246 938 per
275 873 308 916 er
337 853 413 916 elata
439 862 472 915 ut
499 854 645 916 secundae
675 855 875 919 declinationis
905 856 1103 930 declinantur,
1136 854 1215 916 velut
1240 844 1331 934 ἀγρός
1359 875 1454 933 agers

138 959 215 1039 agri,
231 949 423 1034 Ἀντίπατρος
441 957 592 1037 Antipater
610 957 767 1037 Antipatri,
789 956 968 1037 Μένανδρος
989 957 1147 1019 Menander
1164 956 1330 1032 Menandri,
1355 959 1429 1018 Τεῦ-

137 1081 208 1141 κρος
235 1060 347 1120 Teucer
372 1058 490 1121 Teucri:
520 1076 696 1138 quamquam
722 1057 863 1135 Vergilius
889 1059 990 1122 extulit
1021 1059 1152 1120 Teucrus
1183 1067 1212 1119 et
1240 1056 1424 1142 Elluandrus.

137 1163 195 1224 duo
217 1163 290 1223 haec
311 1160 429 1222 nomina
457 1181 512 1223 suo
530 1167 608 1221 statu
627 1166 816 1238 permanent,
842 1158 955 1220 Codrus
976 1170 1006 1222 et
1026 1180 1170 1241 gongrus:
1200 1180 1260 1224 nou
1284 1163 1362 1223 enirn
1385 1162 1428 1223 di·

137 1264 213 1327 citur
235 1263 330 1325 Coder
349 1280 403 1323 nec
426 1281 545 1342 gunger.
595 1261 664 1321 itcm
682 1279 716 1320 ea
737 1257 855 1321 uomina
874 1265 950 1338 quae
971 1280 1023 1341 per
1043 1264 1087 1325 ler
1108 1272 1158 1325 aut
1179 1283 1232 1345 per
1252 1282 1305 1343 ger
1318 1284 1427 1344 conpo

137 1374 247 1428 nuutur
274 1361 438 1443 genetivum
466 1363 577 1424 faciunt
605 1379 659 1442 per
679 1359 688 1420 i
707 1359 848 1435 litteram,
873 1368 904 1422 ut
930 1359 1032 1423 lucifer
1053 1365 1176 1445 armiger
1202 1364 1314 1428 luciferi
1341 1366 1452 1426 arani-1

137 1465 208 1548 geri.
252 1466 321 1526 item
350 1484 384 1526 ea
403 1463 520 1526 nomina
541 1480 633 1542 quae,
659 1469 691 1522 ut
712 1462 929 1542 supradictum
951 1472 1011 1537 est,
1039 1465 1208 1529 femininum
1230 1469 1296 1529 ina
1318 1467 1428 1529 faciunt

137 1569 201 1631 sine
226 1566 314 1629 dubio
344 1567 490 1628 secundae
518 1573 586 1627 suut
612 1562 829 1638 declinationis,
856 1564 935 1626 velut
957 1565 1040 1646 piger
1063 1567 1144 1646 pigra
1171 1577 1201 1630 et
1226 1571 1309 1649 niger
1334 1570 1426 1648 nigra.

136 1670 247 1750 reliqua
269 1687 337 1729 vero
360 1667 518 1730 masculina
536 1684 610 1745 quae
631 1683 726 1744 noque
754 1685 771 1727 a
793 1666 912 1755 Graecis
934 1668 1160 1748 proficiscuntur
1182 1690 1274 1750 neque
1302 1693 1337 1734 ex
1358 1692 1428 1733 con·

137 1771 283 1854 positione
303 1768 423 1831 veniunt
447 1788 543 1848 neque
565 1769 734 1831 femininum
758 1769 868 1832 faciunt
888 1769 918 1830 in
940 1789 973 1842 a,
1001 1770 1075 1831 baec
1096 1771 1192 1831 omnia
1211 1767 1217 1853 Ι
1236 1775 1336 1835 tertiae
1357 1783 1429 1835 suut

137 1872 355 1947 declinationis,
377 1879 410 1933 ut
430 1878 513 1952 pater
534 1872 641 1952 patris,
664 1873 753 1933 frater
771 1870 885 1947 lratris;
907 1870 1036 1951 exceptis
1058 1872 1104 1933 his
1126 1872 1211 1945 solis,
1233 1891 1338 1934 cancer
1354 1876 1450 1937 liberi

110 1972 114 1979 ’
137 1995 227 2056 gener
246 1993 331 2037 socer
353 1982 452 2035 auster
475 1992 546 2054 aper
566 1993 639 2055 puer
660 1993 729 2052 ager
752 1992 839 2054 caper
867 1972 1008 2047 oleaster,
1038 1992 1112 2052 quae
1138 1974 1238 2052 utique
1264 1977 1428 2051 genetivum

136 2078 167 2140 in
189 2078 199 2140 i
220 2077 347 2139 litteram
369 2076 488 2138 faciunt.
533 2075 664 2156 exempla
688 2075 834 2137 secundae
856 2074 1056 2137 declinationis
1077 2075 1107 2137 in
1129 2095 1176 2150 er,
1204 2076 1252 2136 hic
1272 2076 1356 2155 piger
1375 2079 1429 2140 bu-

135 2179 181 2240 ius
206 2178 281 2260 pigri
302 2177 371 2239 huic
392 2176 475 2256 pigro
497 2185 526 2238 et
546 2178 665 2257 reliqua.

221 2279 255 2340 lu
280 2279 305 2339 ir
325 2298 393 2340 vero
416 2298 490 2358 quae
505 2280 651 2354 ¹ssniuntur
672 2280 744 2339 baec
767 2286 878 2340 tautum
901 2279 988 2340 modo
1010 2279 1195 2340 inveuivmtur
1216 2288 1245 2340 et
1266 2280 1329 2360 ipsa
1351 2300 1430 2344 mas·

136 2382 249 2457 culina,
277 2381 320 2442 vir
348 2380 420 2442 levir
445 2380 504 2441 bir.
549 2391 579 2444 et
605 2381 652 2443 hir
672 2383 789 2460 quidem
810 2380 1029 2455 indeclinabile,
1050 2381 1121 2441 levir
1143 2388 1239 2441 autem
1262 2382 1342 2444 leviri
1360 2385 1449 2447 lacit:

137 2492 166 2544 et
187 2484 230 2544 vir
248 2482 315 2557 viri,
344 2491 374 2543 ct
391 2501 465 2561 quae
487 2482 524 2543 ab
546 2502 581 2545 eo
604 2492 827 2564 conponuntur,
854 2482 931 2545 velut
957 2482 1089 2545 duumvir
1116 2481 1274 2557 duumviri,
1300 2485 1432 2548 triumvir

137 2584 278 2647 triumviri
301 2593 330 2645 et
352 2584 465 2647 similia.
1099 2592 1102 2600 ‘

222 2687 332 2747 Graeca
355 2704 429 2766 qnae
451 2685 583 2765 genetivo
604 2686 715 2747 Graeco
738 2695 789 2747 aut
807 2695 945 2750 crescunt
965 2696 1015 2749 aut
1036 2705 1089 2767 per
1110 2706 1143 2759 ος
1165 2688 1336 2764 efferuntur,
1357 2690 1432 2752 haec

136 2808 154 2848 o
176 2786 301 2847 litteram
323 2785 352 2847 in
374 2787 383 2846 i
404 2795 574 2849 conmutant
592 2793 621 2848 et
638 2786 822 2849 declinantur
843 2798 874 2849 ut
896 2790 998 2850 tertiae
1019 2787 1236 2862 declinationis,
1260 2797 1292 2850 ut
1312 2790 1433 2852 Melam·

136 2907 193 2967 pus
215 2886 415 2967 Melampodis

222 2988 301 3050 Scito
327 2997 424 3050 autem
445 2990 474 3050 in
496 2990 552 3052 bac
574 2989 768 3051 declinatione
787 2992 948 3054 vocativum
967 2993 1143 3072 singularem
1162 2994 1367 3073 quadrifariam
1390 2997 1433 3056 el-

136 3088 220 3165 ferri,
244 3109 297 3169 por
320 3110 351 3165 e,
378 3110 496 3172 perer,
527 3093 635 3172 perir,
662 3111 716 3174 per
733 3092 752 3153 i.
798 3102 827 3155 et
854 3093 970 3172 quidem
999 3115 1051 3176 per
1079 3116 1216 3158 ecorum
1247 3098 1372 3174 quaein
1397 3119 1433 3160 us

137 3192 346 3268 terminantur,
380 3193 459 3255 velut
485 3194 600 3256 Marcus
628 3213 645 3254 o
670 3194 782 3271 Marce;
817 3216 870 3277 per
892 3216 924 3258 er
953 3216 1055 3259 eurum
1083 3216 1207 3276 qaromm
1235 3199 1432 3262 nominativus

138 3312 192 3375 per
218 3295 335 3355 easdem
363 3294 475 3359 litteras
501 3299 663 3378 profertur,
698 3296 775 3359 velut
799 3297 848 3359 hic
876 3300 958 3378 niger
987 3321 1005 3362 u
1037 3299 1128 3378 niger.
1173 3299 1305 3361 similiter
1330 3311 1359 3362 et
1380 3323 1435 3383 per

136 3396 177 3472 ir,
212 3397 287 3459 velut
310 3397 359 3458 hic
386 3398 429 3460 vir
454 3420 471 3461 u
499 3400 550 3461 vir.
594 3401 664 3461 item
692 3419 746 3480 per
775 3400 785 3460 i
811 3419 912 3461 eorum
944 3419 1068 3479 quomru
1092 3402 1269 3464 nominativo
1297 3412 1364 3463 ante
1396 3425 1432 3465 us

137 3498 276 3578 syllabam
302 3500 312 3560 i
336 3500 431 3563 littera
459 3502 629 3584 interposita
652 3510 711 3575 est,
741 3501 819 3563 velut
846 3502 894 3563 hic
922 3501 1037 3564 Caelius
1065 3523 1083 3564 u
1106 3505 1200 3579 Caeli,
1230 3505 1278 3565 hic
1301 3507 1434 3568 Concor-

138 3600 204 3662 dius
225 3623 242 3662 o
263 3603 416 3665 Concordi.

222 3704 362 3785 Exempla
392 3704 538 3768 secundae
566 3706 767 3769 declinationis
795 3707 824 3768 in
852 3705 893 3780 ir,
926 3707 975 3768 hic
999 3706 1043 3767 vir
1069 3706 1156 3767 huius
1190 3707 1242 3768 viri
1274 3708 1342 3769 huic
1370 3710 1433 3772 viro

138 3812 168 3868 ct
189 3813 295 3868 cetera.

653 3942 784 3993 ocultus
802 3943 912 3993 TERTM

116 4068 119 4075 ·
222 4046 337 4108 Tertiae
364 4044 566 4106 declinationis
597 4043 763 4106 nominativi
799 4054 868 4107 sunt
895 4045 925 4106 hi
954 4063 1076 4124 qaromm
1113 4048 1263 4126 genetivus
1298 4050 1324 4111 is
1352 4052 1431 4114 lacit.

140 4176 474 4190 μ*-

138 4236 307 4292 9ΝΙ3,1
345 4235 406 4283 ltem

141 4345 476 4360 -,,,,.-..-..

206 4409 348 4476 3perec'vd
370 4409 385 4458 ti
407 4402 692 4471 rrmsperaffmrv
777 4404 811 4455 20
833 4404 874 4453 hir
889 4407 979 4469 priore
996 4407 1050 4457 loeo
1065 4406 1167 4459 'oruN
1187 4408 1209 4456 ir
1232 4409 1257 4458 B
1343 4418 1369 4460 et
1393 4412 1434 4461 hir

138 4498 241 4562 quidem
258 4493 441 4546 indeclinabili!
456 4492 521 4541 leuir
536 4491 563 4540 Ν
580 4499 604 4540 et
622 4492 643 4540 ir
660 4490 763 4554 quidem
782 4491 961 4542 indeclinabile
975 4492 1000 4543 B
1083 4494 1117 4545 23
1136 4510 1180 4559 per
1199 4509 1230 4544 oc
1250 4496 1390 4548 efferuntur
1407 4500 1434 4549 B

137 4583 184 4634 per
202 4582 232 4615 us
250 4566 387 4616 efferuntur
404 4562 431 4613 Ν
515 4563 548 4613 24
568 4560 616 4611 mel
623 4595 785 4610 ..........
792 4561 867 4626 podis
884 4562 909 4610 N
934 4562 1071 4628 Melampus
1091 4564 1259 4629 melampodis
1279 4584 1300 4617 ω
1327 4569 1433 4619 lucium-

137 4652 186 4704 pus
205 4635 372 4703 melampodis
388 4635 415 4686 B
482 4632 516 4683 26
534 4630 602 4681 Scito
621 4631 646 4681 B
664 4631 722 4680 Scio
742 4630 766 4678 Ν
782 4658 788 4669 ·
840 4630 873 4682 30
891 4648 998 4694 quorum
1016 4634 1170 4683 nominatiuo
1189 4634 1214 4683 B
1232 4653 1341 4698 quorum
1360 4641 1433 4689 simi.

138 4707 195 4755 liter
219 4720 235 4755 n
253 4706 407 4758 nominatiuo
423 4704 450 4754 Ν
518 4700 550 4753 33
569 4700 691 4767 Exempla
703 4709 830 4750 -cetcm
845 4703 946 4764 peselo
959 4701 1127 4768 Melampodis
1144 4706 1182 4754 vel
1194 4715 1255 4766 post
1263 4711 1297 4759 ‘22
1305 4709 1431 4760 triumviri

137 4783 161 4828 ct
177 4775 272 4826 similia
285 4776 474 4839 transponenda
494 4774 592 4824 cenauit
604 4771 748 4822 Boudomus
766 4773 790 4820 r'n
808 4774 871 4822 notis
890 4788 947 4820 mes.
