3114 5348
214 316 254 379 20
777 306 937 371 CllAlllSll

1327 444 1333 454 .
1347 415 1368 457 a.
1385 416 1411 456 m
1425 413 1448 456 ι.

215 429 384 567 helchelh
409 496 579 560 Aristotelis.
625 496 803 557 incusatims
825 502 921 556 autem
943 492 1055 574 primae
1077 487 1279 551 declinationis
1301 429 1350 548 alut
1374 505 1428 567 per
1455 506 1503 548 am

217 606 274 666 erit
292 611 341 665 aut
365 620 417 683 per
439 620 485 662 au.
525 619 578 680 per
599 618 635 659 an
656 598 710 658 erit
730 617 764 658 ex
784 595 951 659 nominibus
973 594 1107 667 Graecis,
1131 591 1209 681 velut
1228 590 1276 651 hic
1297 588 1402 652 Callias
1424 589 1503 650 hunc

217 706 336 780 Callian,
360 723 414 786 per
436 722 483 764 arn
505 722 540 764 ex
555 701 681 776 Latinis,
704 719 779 780 qnae
800 699 900 760 autin
922 716 939 758 a
960 704 1010 758 aut
1032 695 1062 756 in
1080 714 1112 756 es
1133 700 1254 768 exeunt,
1277 699 1308 754 ut
1325 692 1374 753 hic
1390 693 1502 753 Seneca

216 810 295 869 hunc
316 808 467 868 Senecam.
511 805 559 865 hic
579 802 704 877 Oronta,
727 820 793 863 cum
815 799 917 863 Latine
936 801 1126 871 reformatur,
1149 804 1178 856 et
1198 795 1277 856 lrunc
1298 794 1440 855 Orontam
1461 793 1504 853 di-

216 911 319 971 cimus.
363 925 430 968 nam
452 907 477 969 si
495 925 555 970 non
576 908 765 979 reformetur,
795 903 926 965 Oronten
948 900 1108 982 poterimus
1130 899 1242 973 dicore,
1265 905 1297 959 ut
1318 895 1470 974 Vergilius,
1516 914 1530 956 a

727 1005 919 1084 fidumque
943 1003 1102 1064 vehebat
1123 1001 1299 1063 Oronten.

299 1112 438 1193 Exempla
465 1111 574 1192 primae
604 1109 806 1171 declinationis
833 1105 984 1168 masculini
1014 1106 1138 1183 generis.
1183 1105 1212 1165 in
1244 1124 1276 1166 as
1308 1103 1503 1182 singulariter,

217 1217 265 1278 hic
288 1218 400 1276 Aeneas
425 1213 511 1275 lituus
536 1214 658 1273 Aeneae.
709 1210 841 1272 similiter
866 1210 896 1270 in
928 1228 960 1282 a,
993 1207 1041 1268 hic
1063 1214 1149 1287 poeta
1173 1205 1260 1267 huius
1289 1214 1402 1286 poetae.
1447 1204 1506 1267 hoc

215 1335 325 1379 aoruca
344 1315 465 1394 pariter
490 1314 664 1375 declinatur
685 1331 753 1383 cram
773 1329 873 1390 sopra
894 1308 1049 1371 declinato
1069 1308 1191 1369 acuriae
1209 1314 1338 1386 praeter
1363 1309 1502 1370 nomiae·

217 1421 321 1481 tieem.
365 1417 415 1478 liic
437 1434 512 1479 cero
535 1413 686 1477 Anchises
706 1418 740 1473 ut
761 1409 892 1473 Oroates
914 1410 1065 1490 duplicem
1087 1409 1200 1471 dicitur
1222 1409 1329 1471 hahere
1349 1410 1504 1471 nominati·
1520 1423 1543 1464 tt

218 1542 301 1596 urm,
332 1520 411 1581 velut
437 1519 485 1580 hic
504 1516 628 1579 Anchisa
656 1523 685 1575 ot
710 1514 758 1575 hic
778 1513 929 1575 Anchises.
974 1522 1004 1574 et
1033 1513 1057 1574 si
1084 1510 1200 1590 quidem
1228 1512 1283 1572 erit
1310 1512 1504 1574 nominativus

219 1625 266 1685 hic
287 1622 430 1695 Anchisa,
461 1619 622 1680 ‹lechnatur
640 1611 645 1700 Ι
665 1625 697 1677 ut
714 1615 763 1676 hic
784 1624 879 1695 poeta.
923 1616 948 1677 si
976 1635 1044 1677 vero
1066 1613 1113 1675 hic
1133 1611 1275 1675 Anchises
1296 1614 1432 1676 hahuerit
1453 1633 1506 1675 no-
1543 1650 1547 1655 ·

219 1724 396 1798 minativum,
419 1721 502 1783 aliter
523 1717 684 1779 declinatur
704 1734 792 1795 quam
812 1717 869 1778 duo
892 1718 1009 1778 nomina
1030 1735 1118 1798 supra
1137 1717 1255 1797 scripta.
1299 1716 1346 1777 illa
1363 1717 1440 1778 enim
1457 1725 1506 1777 aut

219 1829 300 1891 inas
322 1835 372 1890 aut
392 1827 421 1887 in
444 1842 461 1884 a
482 1822 656 1893 alienantur,
676 1819 732 1880 hoc
753 1826 850 1879 autem
872 1819 902 1879 in
922 1837 963 1879 es.
998 1817 1054 1878 hoc
1077 1817 1107 1877 ai
1127 1818 1169 1879 sic
1188 1817 1358 1892 cler-hnatur,
1380 1818 1428 1879 hie
1448 1819 1506 1878 An·

220 1931 333 2003 chiscs,
363 1930 487 1991 inmutat
506 1930 643 2002 quattuor
664 1939 750 1982 casus
774 1918 953 1998 singulares,
984 1918 1110 1980 cladium
1131 1919 1322 1981 incusativum
1346 1920 1505 1980 vocativum
1520 1931 1542 1971 ιι

220 2032 389 2105 ablativum,
404 2028 417 2110 ΙΙ
433 2025 520 2089 veluti
547 2024 614 2085 huic
636 2022 761 2084 Anchise
782 2022 861 2081 liunc
882 2019 1028 2081 Anchisen
1052 2040 1070 2079 o
1090 2022 1215 2083 Anchise
1238 2021 1274 2082 ah
1296 2021 1352 2080 hoc
1369 2017 1504 2085 Anchisa,

221 2143 252 2194 ut
280 2141 391 2193 mittum
420 2129 506 2190 ruodo
534 2127 698 2207 genetivum
725 2123 901 2202 singularem
928 2141 1015 2202 snpra
1043 2123 1161 2202 scriptis
1186 2121 1351 2183 nominihus
1380 2120 1504 2181 similem

229 2298 289 2305 -.-.-
300 2296 453 2304 .-.—.——
468 2293 556 2300 ——.

224 2389 248 2437 ll'
718 2384 734 2432 ιί
744 2394 819 2447 p⁴am
837 2381 889 2430 exit
907 2382 922 2432 is
937 2394 962 2447 1¹¹
975 2397 1006 2430 an
1024 2392 1089 2447 p¹an
1103 2383 1151 2432 erit
1168 2396 1201 2432 ex
1220 2379 1288 2430 mit:
1305 2377 1388 2445 grecis
1405 2375 1438 2427 ιῖῐι

719 2485 750 2519 ex
781 2468 866 2518 latinis
893 2472 908 2532 ιΙ
936 2472 952 2518 a
980 2470 1003 2518 iu
1032 2485 1047 2518 a
1074 2471 1089 2518 a
1118 2470 1143 2518 in
1170 2484 1197 2517 es
1225 2475 1316 2517 exeant
1343 2472 1369 2511 ut
1395 2461 1438 2511 hic

702 2572 732 2605 ac
767 2555 844 2605 lutiue
879 2555 1029 2604 reformatur
1063 2565 1088 2605 et
1122 2555 1189 2606 liunc
1228 2562 1340 2605 arontam
1382 2549 1439 2601 cluss

701 2644 840 2708 poterimus
857 2643 941 2717 dicere
960 2650 987 2692 ut
1003 2658 1066 2708 trerg
1088 2642 1192 2705 sstlumq,
1208 2641 1315 2691 uehebat
1334 2649 1437 2689 oronteu
1484 2639 1507 2687 ξι

830 2731 860 2778 ni
873 2731 898 2779 iu
911 2746 939 2781 as
952 2731 1116 2797 singulariter
1126 2726 1196 2797 lshic
1205 2728 1322 2778 anchises
1333 2729 1438 2776 inmittat

770 2831 804 2867 a.
828 2816 965 2866 efferuntur
990 2816 1006 2865 h
1036 2819 1066 2867 W
1091 2818 1117 2865 in
1140 2830 1167 2865 es
1189 2814 1215 2866 h.
1240 2816 1277 2864 sie
1299 2814 1439 2864 declinatur

771 2901 790 2948 ti
837 2903 925 2953 iucusi
978 2904 1060 2953 uocati
1113 2903 1171 2952 nhla'a
1224 2903 1240 2952 ιί
1292 2905 1328 2952 uti
1381 2901 1441 2952 hnic
1478 2901 1508 2949 is)

994 2989 1098 3040 anchise
1112 2990 1143 3039 ab
1157 2989 1172 3038 h
1185 2988 1289 3038 anchise
1302 2998 1327 3037 ut
1346 2989 1381 3039 tm
1399 2992 1440 3038 mi»

993 3081 1026 3128 tis
1069 3070 1145 3127 nomb'
1194 3076 1303 3126 similem
1350 3076 1439 3126 habeat

315 3249 325 3299 l
356 3207 509 3296 Aristot'elis.
549 3246 708 3296 lucusatiuus
736 3246 811 3298 liuius
841 3250 939 3314 primae
970 3250 1162 3308 declinationis,
1197 3258 1239 3298 aut
1262 3266 1284 3298 ω
1378 3252 1439 3300 2ut
1468 3249 1509 3299 hic

226 3316 313 3367 callias
338 3317 403 3366 laune
427 3314 528 3368 callian.
558 3316 606 3365 Per
627 3331 667 3365 am
688 3331 720 3366 ex
745 3333 766 3366 ω
869 3319 946 3369 3hic
968 3317 1079 3382 Seneca,
1104 3319 1170 3369 lrnnc
1196 3318 1331 3383 Senecam,
1358 3319 1400 3369 hic
1423 3330 1510 3371 orouta

226 3404 302 3451 ιμιιιιιι
334 3387 408 3436 latine
438 3400 472 3434 to:
502 3402 531 3436 ae
558 3386 625 3451 quod
645 3387 771 3451 descripsi
791 3389 887 3439 videtur
904 3391 989 3453 potins
1011 3405 1026 3438 ιι
1048 3381 1068 3439 c’
1089 3391 1171 3453 faisse
1271 3392 1287 3440 4
1312 3390 1428 3441 dicimus.
1453 3406 1510 3440 uam

226 3460 249 3509 si
277 3473 325 3508 uon
354 3456 503 3506 reformetur
531 3465 634 3506 oronteu
664 3459 802 3522 poterimus
832 3474 853 3506 ω
954 3460 971 3510 {t
1001 3466 1114 3509 orontem
1154 3459 1276 3525 Exempla
1310 3461 1405 3525 primae
1432 3461 1509 3509 ‹lecti-

226 3529 336 3577 uationis
366 3525 499 3577 masculini
533 3527 634 3592 generis
660 3527 686 3576 in
713 3544 757 3588 as,
787 3528 957 3594 singulariter.
990 3527 1031 3577 hic
1056 3530 1166 3582 Aeneas.
1199 3544 1238 3581 ae.
1267 3545 1316 3581 am.
1341 3546 1365 3580 a.
1391 3545 1415 3582 a.
1452 3530 1512 3580 Plu-

225 3597 312 3648 raliter
340 3613 377 3647 ae.
407 3611 492 3662 arum,
523 3598 555 3647 is.
586 3611 624 3646 aa.
651 3612 690 3650 se.
719 3599 750 3649 is.
792 3597 913 3649 Similiter
938 3600 963 3648 in
986 3613 1002 3648 a
1024 3609 1097 3660 sunt,
1124 3599 1165 3649 hie
1186 3599 1271 3648 Poeta.
1297 3609 1345 3653 tae.
1374 3607 1422 3648 tae.
1449 3609 1509 3648 tam.

226 3678 260 3716 ta.
281 3675 314 3720 ta.
344 3667 477 3717 Pluraliter
493 3675 535 3716 tae
554 3676 635 3716 tarum
659 3669 701 3716 tis.
725 3676 773 3719 tas.
799 3679 847 3720 tae.
870 3671 912 3719 tis.
938 3668 1031 3718 habere
1055 3671 1247 3720 nominativum.
1277 3679 1304 3719 ut
1325 3669 1366 3718 hic
1390 3669 1511 3723 Auclrisa.

228 3745 252 3787 ct
275 3737 317 3786 iric
341 3737 473 3786 Anchises.
501 3744 525 3786 et
542 3737 668 3800 siquidem
689 3739 736 3788 erit
753 3740 933 3791 nominatione.
956 3738 998 3788 hic
1021 3739 1133 3790 Anchisa
1155 3738 1306 3799 declinatur,
1331 3747 1357 3787 ut
1375 3738 1417 3789 hie
1435 3750 1512 3805 poeta

227 3809 283 3857 siue
301 3806 343 3856 hic
359 3806 485 3856 Anchises
507 3805 624 3857 habuerit
647 3809 829 3859 nominatiunm
854 3810 926 3860 aliter
947 3809 1101 3867 declinatur,
1127 3825 1201 3873 quam
1224 3809 1274 3858 duo
1298 3810 1400 3859 nomina
1422 3824 1512 3874 supra-

227 3879 337 3942 scripta,
365 3876 410 3926 illa
428 3878 496 3926 enim
522 3885 565 3928 aut
587 3879 612 3927 iu
637 3893 675 3932 as,
709 3887 752 3927 aut
774 3882 799 3928 in
824 3895 847 3929 a.
870 3880 1008 3931 eilertmtur
1030 3895 1060 3931 ω.
1086 3883 1113 3930 in
1141 3881 1244 3942 coallaio
1272 3879 1375 3928 ιιιιονιιιιι
1399 3895 1513 3929 amanum

225 3955 284 4011 post
301 3947 317 3997 7
334 3946 496 4012 singulariter
511 3947 631 3998 librarius
647 3948 768 4014 quaedam
790 3952 918 4009 caruerat,
942 3966 1006 4015 quae
1022 3950 1112 4000 deirrde
1128 3952 1154 4000 ia
1171 3952 1282 4014 margine
1299 3949 1404 3999 addidit.
1421 3965 1456 3998 ear
1476 3953 1513 4000 eis

227 4017 253 4066 ta·
269 4018 386 4066 uersiculi
401 4015 458 4065 nrild
473 4016 646 4081 coperuerunt
662 4018 708 4069 sub
721 4019 793 4080 ficem
815 4023 925 4084 paginae
947 4028 1006 4069 aute
1028 4021 1136 4082 ipsorum
1158 4036 1270 4070 oereuaoa
1288 4021 1358 4068 initia
1380 4019 1513 4082 adscripti,

230 4086 332 4135 haberet
348 4086 352 4153 Ι
367 4085 472 4135 nomitit‘r
489 4083 493 4151 Ι
508 4088 541 4137 nit
560 4086 602 4137 hic
618 4085 622 4154 Ι
637 4087 741 4137 anchisa
756 4087 760 4152 Ι
776 4097 799 4138 ct
817 4087 858 4137 hic
875 4086 879 4155 Ι
895 4091 1010 4139 anchises
1025 4087 1031 4156 Ι
1046 4099 1070 4139 ct
1090 4086 1235 4156 siquidem!
1342 4090 1438 4139 iromiv'r.
1467 4105 1514 4140 aec

229 4160 327 4222 integra
350 4159 430 4206 carnia
453 4160 542 4222 legisse
561 4158 660 4208 uidetur
674 4159 775 4208 Pierius
863 4159 893 4211 15
919 4161 1033 4210 immutat
1055 4169 1163 4223 quatuor
1182 4176 1256 4210 casus
1279 4159 1422 4225 singulares
1446 4159 1512 4208 clati·

231 4242 289 4276 uam
306 4242 328 4275 ω
414 4226 445 4277 te
465 4225 525 4277 hnic
543 4227 671 4277 Anchisae
688 4227 754 4278 liunc
772 4229 915 4292 Anchisen,
932 4244 947 4279 o
964 4231 1106 4281 Anchisem
1196 4230 1224 4279 17
1245 4231 1416 4281 tantummodo
1440 4230 1512 4295 geui-

230 4298 310 4348 tiuum
334 4295 488 4363 singularem
511 4296 691 4363 suprascriptis
713 4310 734 4346 ω

301 4536 318 4588 3
334 4545 426 4588 exeunt
446 4534 471 4585 B
539 4536 555 4585 5
574 4530 718 4601 Vergilius]
737 4534 803 4585 Aea.
825 4537 835 4586 Ι
855 4536 903 4589 113
972 4537 1048 4590 Bhic
1065 4541 1164 4590 Aeneas
1179 4564 1211 4574 -
1223 4537 1256 4590 13
1273 4553 1352 4605 supra
1374 4539 1469 4606 scripta
1487 4540 1513 4592 ia

232 4609 342 4671 margine
365 4607 457 4657 codicis
477 4605 608 4668 adscripto
628 4605 739 4668 sumat.
775 4621 790 4655 e
812 4607 899 4670 quidm
921 4622 973 4658 cion
990 4624 1088 4673 pauca,
1112 4623 1177 4674 quae
1195 4623 1275 4671 cupra
1295 4609 1426 4671 ιιιὶιιοισοί,
1449 4626 1515 4660 ane

230 4690 309 4738 saper
323 4681 387 4735 dat,
404 4676 481 4739 plura
497 4676 552 4726 oliva
564 4675 650 4725 Pierio
663 4676 844 4739 adpameriat,
861 4692 892 4726 eo
909 4694 973 4741 quoe
988 4688 1125 4742 praeterea
1140 4681 1289 4741 interposui,
1307 4678 1356 4731 hoc
1371 4694 1463 4731 nomen
1480 4706 1515 4717 -

232 4745 333 4802 dicitur,
349 4747 428 4808 petivi
442 4760 478 4794 ea
494 4744 520 4794 B
536 4751 562 4795 et
576 4745 695 4795 Diomede
711 4760 740 4808 p.
757 4746 809 4797 280
893 4746 925 4796 tt
951 4749 983 4799 ml
1007 4749 1054 4799 hoe
1077 4757 1101 4799 et
1124 4748 1162 4798 sic
1179 4748 1320 4799 declinatur
1340 4748 1365 4799 B
1382 4750 1516 4801 Diomedes

302 4812 335 4864 tt
352 4813 410 4864 huic
428 4813 555 4865 Anchisae
573 4814 613 4865 B.-
627 4815 662 4876 σι’.
682 4814 808 4866 Ptr‘aeian.
823 4833 851 4880 p.
871 4813 920 4867 tet
