3114 5356
146 285 206 346 114
321 291 328 304 ’
656 217 673 262 0
708 278 870 343 diuulsa

211 427 218 440 .
262 427 268 439 .
340 421 347 436 .
1295 390 1344 431 ‚os
1357 389 1383 432 1..

145 395 394 534 uodadusaedbro
419 466 455 527 dc
483 464 615 544 analogia
642 465 682 527 ita
710 465 820 544 inquit,
844 464 982 538 ‘Alacris,
1012 463 1081 524 licet
1107 403 1306 536 consuetudd,
1336 471 1368 524 ut
1395 463 1435 524 ait

146 572 256 634 Plinius
282 571 357 633 libro
376 569 412 629 l'l
440 567 518 629 dubii
543 567 701 642 sermonis,
730 567 827 629 alacer
850 567 942 642 dicat,
971 574 1002 627 ut
1028 574 1165 644 equester
1191 564 1272 625 ordo.
1317 582 1386 624 nam
1407 573 1437 626 et

107 676 111 685 '
146 676 219 737 baec
240 673 347 736 alacris
373 680 407 733 ut
432 670 576 749 equestria
605 677 730 749 possunt
758 679 862 733 benuo
890 669 956 731 dici.
984 667 1068 747 'quia
1087 675 1184 728 tamen
1205 663 1434 745 superlationem

147 777 322 858 concapit,
351 782 383 835 ut
407 790 482 834 ocor
508 771 684 848 acerrimus,
709 771 766 833 dici
793 791 854 834 nou
875 771 962 833 debet
986 771 1090 834 alacer.
1134 769 1186 831 sed
1207 775 1238 829 et
1251 764 1265 852 ΙΙ
1279 768 1435 830 Terentius

147 876 177 939 in
198 875 342 938 Eunucho
832 896 837 905 ·
1449 885 1462 926 s

729 975 862 1054 quidve
881 986 939 1040 est
956 972 1134 1039 alacrisl'

149 1082 201 1144 sed
229 1090 259 1143 et
286 1079 383 1144 omnia
406 1079 524 1141 uomina
546 1095 621 1156 quac
642 1096 697 1158 per
717 1097 750 1139 er
772 1079 963 1140 tenninantur
984 1079 1014 1139 iu
1034 1075 1280 1159 superlationibus
1302 1077 1345 1137 sic
1367 1096 1438 1157 pro·

149 1185 296 1258 teruntur,
317 1183 395 1245 velut
413 1180 535 1262 pulcher
554 1180 785 1260 pidcberrimus,
808 1201 869 1243 nou
888 1180 1145 1262 pulcberissiruus;
1172 1181 1240 1241 item
1263 1199 1330 1241 acer
1354 1200 1437 1241 acer·

55 1330 58 1337 -
148 1287 255 1362 rimus,
275 1304 334 1348 non
356 1282 559 1356 acuissimus,
581 1289 612 1343 et
631 1290 736 1345 cetera.
780 1283 849 1372 ium
872 1291 902 1344 et
923 1301 997 1361 quae
1018 1301 1072 1363 per
1089 1283 1114 1344 is
1134 1282 1341 1356 terminantur,
1362 1282 1437 1343 baec

149 1387 295 1449 dumtaxat
316 1385 390 1465 quae
410 1383 587 1447 subiecimus
606 1385 636 1444 in
655 1384 900 1465 superlationibus
919 1384 1051 1447 similiter
1072 1386 1273 1466 proteruntur,
1294 1384 1374 1447 velut
1395 1385 1436 1445 si·
1451 1404 1474 1444 n

149 1488 226 1551 milis
253 1487 432 1562 simillimus,
466 1485 559 1547 facilis
587 1486 757 1564 facillimus,
790 1487 907 1550 humilis
941 1487 1134 1562 bmnilbnrus,
1170 1487 1253 1566 agilis
1280 1486 1436 1566 agillimus,

149 1589 265 1671 gracilis
287 1590 471 1669 gracilbmus.
495 1578 625 1666 ‘reliqua
650 1587 767 1651 nomina
792 1608 846 1670 per
874 1590 993 1652 issimus
1017 1590 1135 1652 iaciunt.
1181 1608 1271 1668 aeque
1300 1589 1436 1651 adverbia

150 1693 254 1755 borum
282 1692 412 1754 omnium
440 1709 514 1770 quae
538 1689 739 1753 adnotavimus
766 1691 870 1753 similia
896 1699 978 1766 suut,
1008 1703 1040 1754 ut
1067 1692 1262 1773 pulcherrime
1284 1692 1438 1753 acerrime

150 1793 294 1858 simillime
314 1792 449 1855 facillime
470 1790 631 1853 brunillime
652 1792 788 1872 opillimc
809 1801 838 1855 et
852 1793 1018 1873 gracillime.
1063 1794 1225 1855 invenimus
1247 1801 1343 1854 tamen
1359 1793 1435 1873 apud

150 1906 285 1960 aue-tores
308 1896 394 1958 etiarn
418 1892 588 1957 maturrime
608 1896 824 1972 adverbialiter,
842 1916 910 1958 curn
931 1896 1036 1959 debeat
1051 1897 1256 1959 matruissime.
1452 1908 1475 1948 ¹⁵

235 1997 461 2061 Observabimus
493 1995 523 2058 in
556 1996 750 2061 declinatione
782 1999 1031 2080 comparationum
1067 1998 1234 2060 adverbium
1269 1999 1326 2060 boc
1359 1997 1436 2078 quod

151 2104 230 2165 venit
256 2121 291 2163 en
318 2120 353 2162 eo
380 2100 457 2180 quod
486 2109 531 2161 ost
559 2099 652 2162 facilis
683 2110 712 2163 et
737 2101 872 2166 difficibs.
917 2103 1040 2163 dicimus
1058 2101 1136 2162 enim
1158 2120 1217 2161 nou
1236 2100 1360 2162 laciliter
1382 2119 1437 2160 nec

151 2204 321 2279 difficiliter,
347 2201 464 2263 tametsi
489 2208 602 2263 veteres
629 2201 777 2279 dixerunt,
806 2205 858 2266 sed
881 2204 965 2266 facile
985 2202 1097 2265 facilius
1114 2201 1251 2264 facillime
1269 2211 1298 2263 et
1319 2202 1437 2263 difficile

150 2308 295 2370 difficilius
316 2303 492 2367 difficillime.
536 2303 589 2365 sic.
601 2304 688 2367 etiam
702 2325 737 2367 ex
756 2326 792 2368 eo
814 2305 891 2385 quod
910 2313 955 2367 est
971 2324 1077 2385 repens
1092 2313 1229 2384 repenter
1247 2305 1347 2366 debuit
1369 2304 1435 2378 dici,

151 2416 180 2471 ct
207 2428 310 2471 recens
338 2413 487 2482 recenter3
514 2405 572 2465 acd
596 2407 719 2471 dicimus
747 2415 869 2490 repente
895 2407 1045 2489 repentius
1066 2406 1280 2486 repentissbne.
1323 2406 1381 2467 scd
1401 2426 1435 2467 er
1448 2421 1477 2462 nn

152 2532 187 2573 eo
215 2511 291 2591 quod
315 2517 360 2571 est
384 2526 488 2570 recens
515 2507 581 2586 quia
609 2510 718 2572 malum
747 2520 792 2573 ost
818 2512 915 2573 dicere
941 2517 1059 2572 recente
1088 2508 1134 2568 vel
1155 2519 1304 2584 recenter,
1329 2509 1439 2571 utimur

152 2613 211 2689 sic,
234 2615 356 2675 ‘roccus
377 2610 483 2684 veuit’,
505 2608 582 2687 quod
604 2619 649 2671 est
668 2630 721 2691 pro
743 2614 879 2675 adverbio
900 2632 1022 2688 nomeu,
1049 2620 1082 2673 ut
1103 2611 1214 2673 ‘libens
1232 2610 1330 2673 dixit'.

236 2714 341 2775 Omnia
360 2731 435 2792 quae
455 2730 508 2793 per
529 2729 564 2772 or
585 2701 777 2777 tenuinantnr
804 2717 833 2777 in
855 2715 1102 2797 comparationem
1123 2733 1182 2775 uon
1205 2714 1333 2775 veniunt.
1377 2734 1439 2776 me

153 2815 272 2878 moriter
300 2834 334 2875 ex
362 2834 396 2875 eo
424 2816 457 2876 sit
483 2813 560 2892 qnod
589 2822 634 2874 est
660 2834 786 2878 memor:
813 2819 987 2880 memoriosc
1014 2837 1073 2878 non
1101 2816 1224 2877 dicimus
1250 2836 1306 2877 nec
1327 2836 1438 2877 memo-

154 2919 269 2980 riosius.
319 2936 377 2976 nou
406 2916 495 2978 babet
521 2916 599 2976 euim
628 2920 882 2998 comparationem.
935 2922 1035 2983 Cicero
1069 2921 1099 2981 in
1132 2918 1230 2980 Laelio
1256 2919 1437 2989 ‘Quintus
1451 2941 1479 2982 ss

154 3019 296 3081 blucius
325 3036 442 3096 augur
469 3017 584 3079 multa
613 3037 766 3083 narrare
792 3023 834 3084 de
857 3024 943 3085 Gaio
964 3023 1091 3085 Laelio
1122 3041 1254 3082 socero
1282 3042 1347 3084 suo
1368 3042 1440 3082 me·

133 3092 312 3185 doritor
330 3128 365 3180 et
386 3118 547 3180 iucunde
568 3123 746 3201 solebat’,
770 3135 801 3187 et
820 3125 954 3188 Alrauius
973 3126 1003 3186 in
1026 3124 1148 3204 Vopisro
1178 3125 1343 3186 ‘memini
1364 3144 1440 3185 me·

153 3223 335 3296 moritcr',
356 3231 389 3283 ut
408 3223 556 3284 llomauus
574 3227 663 3287 relert
684 3226 713 3288 in
736 3226 810 3289 libro
833 3228 869 3288 do
888 3227 1030 3289 adverbiis
1054 3226 1108 3288 sub
1129 3227 1231 3287 eudem
1261 3227 1353 3289 titulo.
1401 3228 1441 3288 vi-

155 3325 241 3386 detur
261 3315 506 3405 comparationem
528 3326 623 3389 lacere
643 3329 728 3390 etiam
753 3329 842 3390 dictio
862 3330 933 3403 ista,
959 3329 1030 3390 satis
1047 3328 1147 3389 satius.

238 3427 307 3488 Aliis
333 3427 371 3488 ita
398 3427 506 3509 placuit
534 3429 662 3491 delinire.
707 3431 854 3510 portiones
881 3431 1020 3492 orationis
1042 3449 1116 3510 quae
1143 3431 1326 3512 appellantur
1347 3433 1480 3511 quali-u

156 3536 229 3590 tates
254 3529 311 3591 boc
339 3530 425 3592 modo
451 3530 671 3594 observandum.
715 3552 784 3593 nam
811 3533 933 3612 qualitas
955 3541 1049 3594 estet
1076 3533 1199 3613 speciei,
1223 3541 1253 3593 ut
1275 3534 1441 3611 uigertae·

158 3642 216 3706 ter,
236 3641 268 3693 ot
286 3633 470 3712 quantitatis,
493 3642 524 3695 ut
545 3654 668 3714 magnus
684 3636 797 3714 ingens.
841 3636 896 3696 hae
922 3634 1070 3715 portiones
1090 3634 1228 3697 trifariam
1245 3636 1440 3711 declinantur,

157 3734 185 3794 id
220 3744 264 3796 est
293 3734 452 3796 absolutive
480 3736 665 3817 eoriporative
693 3736 882 3819 superlative,
920 3756 953 3797 ex
987 3739 1116 3799 secundo
1152 3747 1179 3798 et
1209 3739 1292 3799 tertio
1323 3737 1442 3814 ordine3

156 3941 190 3994 30
225 3941 251 3992 Ν
266 3947 285 3989 11
302 3946 337 3999 δ’,
354 3946 368 3989 t
401 3939 466 3991 Aliis

225 4134 317 4184 dacer
334 4145 378 4180 orn.
399 4129 426 4178 N
473 4125 715 4234 ¹5iulliiuuolro]
736 4127 801 4193 113,
822 4130 853 4182 13
940 4129 1055 4212 Ῑθιιιιιιιο
1073 4130 1228 4183 subiecimus
1245 4119 1273 4181 B¹
1287 4131 1443 4181 subiecimus

158 4253 265 4374 ‘libi
278 4321 327 4372 ιιι
345 4251 545 4385 {diffidi
560 4250 609 4371 l,
626 4251 905 4385 ,dissidet
924 4253 1039 4375 ‘biii'
1053 4253 1099 4373 0¹22.
1119 4322 1144 4370 n
1165 4251 1445 4386 ,ttl⁸¹'¹¹¹¹td”,;d

159 4401 272 4443 recenter
286 4407 333 4443 orn.
353 4392 392 4456 N,
409 4391 470 4444 cdd.
489 4390 514 4441 B
600 4391 646 4441 sed
661 4407 693 4441 ex
712 4408 741 4441 eo
757 4393 825 4455 quod
843 4401 880 4442 est
900 4408 988 4444 recens
1003 4392 1029 4443 B
1058 4407 1137 4443 exeo
1156 4391 1224 4454 quod
1242 4406 1329 4441 recens
1346 4392 1373 4440 N

160 4466 194 4515 22
211 4471 238 4513 ut
255 4462 336 4512 libens
353 4461 378 4511 B
395 4461 431 4511 uti
450 4460 531 4512 libens
551 4459 577 4510 N
658 4461 692 4512 23
710 4477 756 4527 per
774 4477 802 4512 or
819 4465 984 4515 tenninautur
1000 4462 1027 4513 B
1049 4478 1096 4528 per
1113 4469 1152 4511 tor
1170 4463 1331 4512 nominantur
1349 4462 1376 4510 N

159 4535 193 4584 et
210 4533 361 4583 memoriose
377 4530 404 4581 B
421 4532 554 4581 memorior
572 4530 608 4579 N:
628 4533 763 4582 memorlor
780 4547 829 4584 nou
847 4532 955 4584 dicimus
973 4549 1020 4584 uec
1036 4531 1237 4582 memorissimus
1256 4532 1444 4582 Lindemannua

229 4603 262 4653 25
282 4603 307 4651 iu
326 4597 430 4666 Laelio]
453 4601 513 4666 l,l
602 4600 636 4651 28
654 4598 800 4666 Romulius]
827 4601 925 4654 Choma.
943 4620 970 4667 p.
992 4603 1042 4655 184
1123 4609 1181 4662 post
1200 4601 1271 4651 titulo
1289 4618 1338 4651 ona
1356 4606 1444 4653 littere

160 4675 256 4722 extrita
273 4673 353 4723 estin
369 4671 406 4727 N,
421 4684 485 4736 quae
501 4686 550 4721 non
566 4672 631 4720 satu
648 4673 782 4735 corporate:
807 4674 894 4736 qease
910 4673 1048 4725 videbatur.
1083 4672 1139 4720 item
1157 4674 1257 4721 uidetur
1275 4688 1323 4722 non
1337 4688 1446 4735 prorsam

161 4742 294 4803 adparuit,
311 4749 338 4791 nt
354 4741 424 4791 uidet
442 4757 472 4804 qs
487 4755 565 4807 reaper
579 4743 676 4805 scripto
694 4743 710 4797 i,
726 4742 750 4790 Ιι.
771 4757 793 4794 o.
814 4743 881 4803 quie,
898 4745 949 4809 ispi
963 4758 1038 4807 posse
1054 4741 1188 4791 videretur.
1224 4741 1325 4791 uidetur
1342 4744 1367 4792 B
1385 4746 1445 4806 quin

161 4810 225 4860 uidit
243 4825 319 4875 quere
335 4823 356 4861 tu
424 4808 456 4861 31
475 4821 503 4861 ut
526 4810 626 4876 ÷utger
642 4810 667 4860 N
682 4818 708 4859 ut
725 4819 763 4861 est
780 4810 885 4876 ulgerio
