3114 5356
136 272 177 335 ac
570 232 575 246 ’
620 224 623 232 ’
699 275 861 338 eatnrsn

204 389 256 434 ,ιι
275 389 299 431 ιι
313 388 337 432 e.
1287 423 1292 434 .
1349 393 1372 434 ι.

135 403 202 525 bos¹¹
211 463 337 538 Pansae,
363 462 411 524 hic
430 461 549 525 Catilina
578 464 632 524 bos
654 462 802 526 Catilinas.
846 473 877 525 et
902 481 1105 542 quaecumque
1138 463 1254 525 nomina
1270 396 1425 543 pgeiiretivis

136 564 332 644 singularibus
358 565 384 628 is
403 563 512 627 litteras
534 565 714 646 acceperint,
743 584 777 627 ea
799 585 957 645 numquam
978 566 1142 628 accusativo
1169 565 1272 646 plurali
1295 585 1328 628 as
1348 569 1425 631 litte-

135 685 184 729 ras
212 667 367 747 accipiunt.
416 675 446 729 et
472 685 668 747 quaecumque
695 666 819 753 ablativo
846 688 915 731 casu
944 669 974 729 in
996 687 1013 728 e
1032 668 1165 729 venerint
1186 686 1309 729 necesse
1328 678 1375 731 est
1393 690 1423 732 ιιι

63 784 65 789 ’
135 767 280 848 adquisita
297 767 493 833 accusativum
513 769 633 844 iaciant,
654 777 685 830 nt
703 757 740 831 ab
753 752 827 850 ¹lege
849 771 958 850 legem,
982 768 1018 830 ab
1040 788 1109 848 rege
1126 787 1235 848 regem.
1262 788 1332 850 ergo
1354 791 1424 852 pae-

136 891 221 934 anem
248 880 278 934 et
298 872 431 933 Titanum
456 871 599 946 dicemus,
627 891 694 933 cum
722 888 782 932 uon
806 871 922 952 possint
944 890 1072 950 paeanas
1097 879 1127 932 et
1146 871 1264 933 Titanas
1287 874 1448 953 proferres

136 994 204 1037 nam
223 992 298 1053 quae
319 972 443 1036 ablativo
464 991 480 1034 a
501 973 661 1053 accipiunt,
682 992 715 1034 ea
737 993 790 1054 per
809 993 842 1036 as
859 973 1056 1035 accusativum
1078 973 1203 1047 indunt,
1231 980 1263 1034 ut
1284 993 1301 1034 a
1324 976 1424 1036 Caeci-

136 1077 172 1138 lia
193 1077 246 1138 has
266 1075 422 1150 Caecilias,
449 1095 466 1137 a
491 1075 660 1155 Sempronia
681 1075 735 1136 bas
759 1076 956 1156 Sempronius.
1002 1094 1071 1153 ergo
1092 1075 1147 1136 hos
1169 1094 1297 1154 paeanes
1319 1085 1349 1138 et
1368 1078 1424 1140 bos

137 1178 271 1251 Titanes,
294 1186 327 1240 ut
346 1180 401 1240 bos
422 1197 506 1259 reges
528 1185 557 1238 et
576 1178 630 1239 has
651 1177 740 1255 leges.

220 1283 280 1342 dns
313 1298 467 1342 commune
498 1278 583 1341 trium
614 1297 755 1357 generum
783 1279 944 1354 invenitur,
976 1279 1054 1340 velut
1082 1279 1131 1339 liic
1158 1287 1188 1340 et
1213 1279 1287 1340 baec
1313 1288 1344 1341 el
1367 1281 1424 1343 hcc

137 1389 218 1443 stans
237 1381 350 1443 stantis.
1438 1401 1444 1442 ι

220 1486 259 1545 br
277 1482 437 1545 masculina
458 1490 567 1543 tantum
589 1490 619 1544 et
639 1483 780 1545 neutralia
801 1483 1002 1558 inveniuntur3
1030 1481 1207 1559 masculina,
1230 1491 1262 1544 ut
1280 1485 1329 1546 hie
1352 1487 1423 1546 Cae-

137 1605 186 1648 sar
208 1585 358 1660 Caesaris,
381 1585 425 1646 lar
442 1583 524 1659 laris3
546 1584 704 1664 neutralia,
726 1596 759 1648 ut
777 1586 834 1647 boc
853 1585 935 1647 lucar
961 1575 1010 1663 [τὸ
1027 1577 1193 1663 landoari.
1237 1571 1424 1648 inveniuntur

136 1686 343 1750 etcommunia
357 1687 445 1748 trium
458 1704 605 1765 generum,
629 1695 660 1748 ut
680 1706 735 1768 par
752 1690 845 1770 inpar.
882 1688 993 1750 iaciunt
1008 1686 1084 1748 enim
1106 1687 1155 1748 liic
1175 1688 1296 1749 ethaeo
1316 1696 1346 1749 et
1366 1689 1423 1751 boc

137 1810 198 1872 par.
242 1789 347 1851 horum
368 1796 464 1850 autern
483 1788 621 1863 duorum,
644 1791 722 1870 paris
744 1801 774 1853 et
795 1790 924 1872 inparis,
952 1789 1094 1850 ablativus
1119 1788 1273 1869 dupliciter
1293 1792 1423 1867 ellertur,

135 1892 213 1953 velut
242 1891 279 1952 ab
307 1892 364 1952 boc
384 1909 453 1971 pare
476 1898 505 1952 et
532 1886 617 1970 paris
648 1895 805 1975 praecipue
826 1902 924 1954 autem
946 1891 1094 1971 quaeritur
1114 1891 1145 1952 in
1166 1893 1349 1955 neutralibus
1372 1913 1424 1955 cur

112 2004 117 2013 '
136 1995 264 2057 torcular
285 1991 438 2055 torcvdaris
456 1992 587 2072 pulvinar
606 1993 764 2074 pulvinaris
785 1995 926 2076 producta
943 2014 958 2054 a
981 1993 1091 2065 littera,
1115 1999 1145 2054 at
1163 1994 1245 2055 lucar
1266 1995 1387 2057 lucarie
1408 2016 1426 2058 a

136 2096 230 2158 littera
252 2104 385 2176 correpta
405 2096 547 2156 efferatur.
592 2096 702 2157 scilicet
722 2096 848 2158 torcular
866 2094 930 2156 ideo
946 2094 1131 2175 producitur,
1152 2096 1230 2172 quod
1249 2097 1425 2176 quibusdam

63 2255 74 2272 ,
136 2197 245 2279 placuit
265 2198 322 2259 boc
348 2197 488 2259 torculare
511 2198 583 2271 dici,
613 2217 673 2258 non
697 2198 840 2271 torcular,
869 2205 897 2258 et
924 2198 981 2258 hoc
1002 2195 1166 2275 prdvinare,
1195 2217 1254 2259 non
1280 2198 1424 2278 pedrinar.

136 2300 267 2380 exempla
288 2300 439 2362 masculini
457 2299 572 2378 generis
593 2299 624 2359 in
642 2318 690 2373 ar,
717 2299 765 2360 bic
780 2300 887 2361 Caesar
904 2298 1038 2359 Caesaris
1052 2307 1081 2359 et
1094 2307 1207 2372 cetera,
1230 2308 1259 2361 et
1272 2298 1426 2379 pluraliter

135 2400 165 2462 hi
192 2402 332 2463 Caesares
353 2401 507 2463 Caesamm
534 2399 715 2463 Caesaribus.
768 2401 932 2463 communia
961 2400 1048 2462 trium
1074 2419 1214 2480 generum
1235 2397 1249 2479 Η
1271 2399 1300 2461 in
1325 2420 1358 2462 ar
1381 2403 1425 2464 sic

136 2503 334 2577 declinantur,
363 2503 411 2564 hic
438 2514 466 2565 et
485 2504 558 2564 baec
584 2511 613 2564 et
634 2503 692 2565 boc
716 2523 768 2584 par
793 2503 880 2564 huius
898 2502 978 2583 paris
1000 2511 1030 2563 et
1054 2502 1165 2580 reliqua
1189 2520 1281 2580 usquc
1305 2502 1343 2562 ab
1368 2503 1427 2566 boc

137 2613 167 2666 et
186 2606 223 2666 ab
245 2607 300 2667 bac
322 2603 411 2666 etab
430 2605 486 2667 boc
506 2624 576 2685 pare
596 2612 625 2667 et
645 2607 723 2686 pari,
750 2605 902 2687 pluraliter
923 2604 953 2664 hi
972 2613 1001 2665 et
1019 2604 1073 2665 bae
1096 2623 1182 2683 pares
1203 2612 1233 2664 el
1252 2605 1325 2665 baec
1343 2606 1426 2685 paria

136 2707 241 2769 horum
262 2715 291 2767 et
312 2707 416 2767 barum
435 2713 463 2766 et
480 2706 589 2766 bomem
614 2727 716 2787 parum
742 2715 771 2766 et
792 2707 904 2787 parium
926 2715 954 2768 et
978 2714 1083 2767 cetera.
1129 2707 1198 2767 item
1219 2708 1315 2768 neutri
1337 2727 1428 2786 gene-

138 2808 179 2870 ris
197 2807 352 2886 singulare,
375 2808 431 2869 hoc
452 2808 577 2868 torcular
596 2817 626 2868 et
646 2808 758 2887 reliqua
778 2828 871 2888 usquo
889 2809 925 2870 ab
944 2809 990 2870 bis
1009 2809 1214 2870 torcularibus.

221 2912 275 2970 Ars
299 2909 427 2970 seminini
450 2910 563 2989 generis
582 2910 743 2986 invenitur,
767 2920 798 2973 ut
818 2913 891 2973 haec
911 2931 959 2972 ars
980 2911 1067 2972 buius
1089 2911 1160 2972 artis
1181 2921 1209 2971 et
1233 2918 1339 2972 cetera.

222 3013 261 3072 ds
277 3009 436 3072 masculina
457 3018 567 3073 tantum
589 3019 619 3073 et
637 3012 775 3074 leminina
797 3013 944 3087 invenies,
966 3013 1045 3075 volut
1067 3013 1114 3073 bic
1137 3013 1290 3074 Maecenas
1312 3014 1428 3075 Maece-

137 3115 229 3190 natis,
251 3114 324 3175 baec
347 3113 469 3192 dignitas
490 3113 637 3192 dignitatis
659 3124 688 3176 et
709 3123 814 3177 cetera.
860 3116 930 3177 item
957 3116 1066 3178 Graeca
1090 3135 1164 3195 qliae
1186 3116 1351 3194 genetivum
1374 3136 1428 3197 per

138 3306 154 3358 ³
190 3308 214 3357 Ν
231 3316 239 3356 t
257 3315 307 3364 :tt
341 3315 366 3356 et
380 3305 463 3370 deniq,
481 3304 592 3355 ablatiuc

139 3412 241 3464 25-27
262 3411 287 3460 N

206 3501 254 3548 Ars
273 3498 388 3548 seminini
405 3499 469 3564 geni
489 3497 614 3546 inuenitur
633 3504 660 3545 ut
676 3494 739 3544 lraec
746 3527 942 3542 ............
966 3499 990 3540 et
1006 3474 1061 3542 ecia
1071 3491 1095 3559 sl
1107 3495 1140 3544 tis
1159 3500 1183 3541 et
1204 3501 1288 3542 cetera

208 3586 244 3634 bs
254 3587 339 3635 marcii
350 3593 443 3634 tantum
454 3592 478 3634 et
488 3583 548 3634 semi
559 3583 673 3633 inuenies
687 3581 747 3631 ιἰῖιὶι
752 3614 1001 3631 ...............
1023 3577 1039 3627 lt
1059 3578 1170 3644 dignitas
1188 3578 1287 3644 dignita

207 3724 306 3774 Prome
321 3740 409 3775 verena
428 3731 480 3773 tres
496 3725 606 3788 irrtepree
621 3724 680 3786 legit
698 3721 812 3778 Pieriae,
835 3721 859 3770 in
877 3723 981 3785 reliquis
996 3735 1095 3783 paneae
1114 3721 1215 3769 litterae
1231 3726 1290 3781 poet
1310 3735 1341 3767 ea
1361 3735 1421 3783 puae

138 3808 202 3843 aare
218 3801 316 3844 restant
334 3795 359 3843 ei
373 3793 544 3856 adporaeruat
614 3793 648 3842 25
660 3791 723 3842 lroee
741 3807 782 3842 ars
801 3791 877 3842 huius
892 3792 953 3840 ortis
972 3799 995 3840 et
1007 3806 1028 3839 ω
1098 3790 1132 3840 26
1150 3788 1191 3838 liic
1205 3804 1339 3838 moecenas
1358 3805 1419 3838 inae·

137 3864 241 3913 renatis.
262 3862 363 3912 haecce

143 3975 234 3982 *a
377 3975 422 3982 ...ι
429 3976 473 3983 -ι

204 4037 221 4086 2
238 4032 376 4097 acciperint
394 4034 419 4082 N
502 4033 709 4084 succussionem
728 4033 820 4082 iaciant
835 4031 1004 4097 singularem,
1025 4039 1052 4079 ut
1068 4030 1099 4080 ab
1119 4031 1175 4097 lego
1195 4030 1294 4094 legem,
1313 4030 1345 4079 ab
1366 4045 1416 4097 rege

137 4119 232 4170 regem.
270 4102 332 4152 liam
350 4104 373 4152 si
387 4106 510 4154 Paeanem
529 4112 553 4153 et
573 4103 686 4153 Titanem
704 4103 831 4162 dicemus,
855 4115 905 4151 uon
926 4102 1018 4168 poterit
1042 4101 1154 4150 Paeonas
1173 4101 1319 4152 Patrelrier:
1344 4117 1415 4151 nexu

136 4174 315 4225 sententiamve
330 4176 367 4223 ita
384 4175 479 4238 corrigi
493 4181 592 4237 potest,
617 4189 630 4222 s
649 4173 776 4236 adquisita
794 4173 966 4223 aecusatiuum
986 4172 1095 4235 iaciant,
1117 4180 1145 4221 ut
1162 4171 1193 4220 ab
1212 4170 1269 4236 lege
1288 4170 1374 4236 leges,
1393 4171 1415 4219 nl

137 4260 196 4310 rege
215 4258 298 4309 reges.
334 4256 395 4308 crgo
413 4257 523 4308 paeones
541 4251 567 4291 et
583 4242 686 4292 Titanes
702 4243 824 4304 dicemus,
844 4259 899 4292 cum
919 4256 969 4290 non
987 4243 1086 4305 possint
1104 4255 1201 4305 paeana
1220 4251 1245 4289 et
1262 4239 1354 4290 Titana
1367 4256 1413 4306 pro

136 4314 207 4369 ferri.
241 4311 395 4377 probabilius
418 4320 498 4363 tamea
520 4321 560 4363 eat
577 4314 668 4363 cadara
691 4329 747 4362 erre
769 4316 890 4378 quaedam
913 4315 965 4363 aiae
986 4312 1087 4361 librarii
1107 4312 1160 4360 sine
1180 4313 1337 4374 praerimatica'
1358 4313 1413 4360 vitio

1091 4397 1122 4431 ro
1136 4390 1257 4444 Λιιιιφοο

135 4454 223 4520 ambria
245 4453 278 4504 de
300 4453 441 4504 motivo
460 4454 584 4517 singulari
606 4451 777 4516 merebatur
860 4450 892 4500 12
915 4453 1004 4502 nentrir
1030 4459 1057 4500 ut
1077 4451 1101 4501 h.
1122 4450 1191 4500 ltvcnr
1208 4451 1370 4500 inueniuntur
1388 4450 1412 4499 N

134 4515 166 4572 τὸ
185 4514 312 4585 λιῖιιαφος
329 4539 363 4574 ωε
382 4521 486 4574 raidida
502 4526 586 4573 littera
603 4537 622 4570 α
639 4538 689 4573 aon
705 4520 837 4571 constabat
854 4512 886 4570 τὸ
903 4512 1035 4584 laudumo
1053 4521 1240 4571 Liaderaanaac
1257 4528 1282 4570 et
1299 4529 1359 4570 arete
1373 4537 1411 4570 era

134 4593 170 4643 H.
188 4592 330 4656 Stepllaaava
346 4596 372 4644 ire
388 4594 518 4657 eeeerprta
535 4609 557 4642 v.
580 4594 665 4650 lucar,
687 4593 752 4642 mede
771 4592 843 4653 solea
863 4593 1038 4654 interpretatio
1060 4598 1162 4653 recepta
1186 4598 1225 4640 est
1249 4593 1274 4640 ia
1296 4592 1411 4654 glossari

136 4661 260 4712 Labdaci·
280 4664 315 4726 ef.
335 4664 434 4717 Charta.
453 4678 479 4726 p.
498 4665 531 4715 25
556 4663 630 4726 Lipa.
650 4662 676 4709 ia
698 4662 757 4711 Tac.
777 4662 862 4710 annal.
882 4663 943 4711 177
970 4660 1065 4724 Seolip.
1083 4664 1108 4710 ia
1123 4661 1191 4710 Fert.
1210 4676 1232 4709 a.
1252 4663 1326 4709 luem*
1398 4661 1410 4711 l

135 4730 228 4781 lucaris
245 4748 291 4785 om.
310 4733 343 4797 N,
362 4735 422 4786 add.
441 4733 539 4786 Ultoris.
557 4747 584 4796 p·
603 4732 637 4782 65
709 4731 740 4782 18
757 4746 790 4779 aa
807 4733 858 4782 diei
877 4733 1010 4797 oportere?
1028 4730 1181 4795 ef..Cbaris.
1198 4746 1226 4792 p.
1247 4730 1281 4782 65
1352 4732 1410 4781 22«

135 4801 167 4849 ab
183 4798 232 4850 hoc
246 4816 292 4854 om.
311 4802 336 4850 N
404 4804 438 4856 23
454 4812 479 4854 et
496 4802 585 4853 horum
604 4817 650 4854 om.
670 4803 697 4852 N
763 4800 798 4852 26
817 4798 864 4866 Aa]
883 4801 982 4854 Olearia.
998 4816 1026 4865 p.
1047 4799 1081 4851 50
