3114 5356
599 280 681 341 ΛΒΤ.
706 277 847 342 Gllffl.
875 278 948 341 ltu.
971 278 1012 341 111
1397 279 1456 341 521

153 408 227 528 hoc.»
236 393 367 527 mli
392 464 430 526 ab
457 464 580 527 Horatio
606 466 792 546 conpositum
816 464 876 527 elio
903 483 1011 545 genere
1038 465 1205 538 scanditur,
1225 396 1335 545 md-
1343 396 1459 530 tdelibet

153 588 188 630 ex
215 569 309 630 tribus
330 566 463 628 Alcaicis.
508 566 621 646 primus
653 576 682 629 el
708 567 857 629 secundus
887 586 990 629 versus
1019 585 1055 628 ex
1083 566 1315 647 penthemimere
1342 579 1459 633 constat

153 668 280 731 iambico
302 675 333 730 et
360 666 476 729 duobus
502 667 641 747 dactylis,
673 670 776 731 tertius
803 688 840 730 ex
864 667 991 749 epitritis
1020 668 1113 729 tertiis
1142 667 1257 730 duobus
1284 678 1314 729 et
1339 670 1458 751 syllaba,

153 777 275 849 quartm
307 788 342 830 cx
373 770 499 832 dimetro
528 770 621 832 heroo
651 779 682 833 et
715 771 842 833 dimetro
868 770 1027 833 trochaico.
1072 770 1185 831 decima
1217 771 1274 833 ode
1300 775 1458 836 leunculos

127 872 333 953 ¹sSappbicum
351 880 477 933 metrum
497 871 776 952 hendecasyllabum
802 872 892 935 babet
911 881 940 933 et
962 890 1016 952 per
1035 881 1195 950 quaternos
1216 892 1321 938 sersus
1342 877 1458 938 scandi·

153 983 202 1035 tur
229 983 258 1035 et
286 973 374 1036 hebet
400 983 461 1037 tres
487 974 613 1047 similes,
641 991 676 1033 ex
703 973 810 1052 quibus
831 993 910 1037 unus
938 981 1054 1035 constat
1080 993 1115 1034 ex
1142 974 1260 1037 duobus
1280 976 1457 1039 choriambis

153 1085 184 1138 et
202 1076 327 1138 bacchio
349 1076 403 1150 sic,

318 1177 482 1239 blercuri
505 1176 672 1265 la‘cunde
693 1194 819 1268 nepos
840 1178 1019 1240 Atlantis.

153 1281 183 1341 in
205 1280 286 1341 bunc
306 1279 428 1341 modum
447 1285 518 1340 sunt
536 1287 696 1357 sequentes
715 1279 783 1341 duo.
829 1278 922 1341 versu
941 1289 1046 1358 quarto
1072 1281 1178 1360 recipit
1199 1281 1341 1360 stropben
1359 1282 1457 1345 beroi-

116 1405 140 1444 m
154 1400 209 1442 cen
233 1381 337 1443 tehcen
358 1379 504 1442 dimetron
524 1380 577 1455 sic,
600 1380 732 1460 dactylus
753 1381 913 1462 spondeus,

319 1501 418 1543 more
443 1481 675 1570 palaestrae.

155 1584 309 1646 undecima
329 1584 385 1645 ode
407 1583 593 1647 Phalaecium
613 1591 741 1645 metrum
762 1583 852 1645 babet
873 1590 904 1644 et
925 1592 1041 1646 constat
1070 1585 1202 1648 versibus
1230 1587 1280 1664 qui
1310 1588 1458 1649 scandun·

155 1692 202 1746 tur
224 1685 284 1759 sic,
311 1685 460 1766 spondeus
482 1684 614 1764 dactylus
636 1685 766 1765 semipes
782 1684 914 1763 dactylus
933 1685 1061 1766 semipes
1084 1687 1216 1767 dactylus
1239 1687 1393 1768 dactylus,
1414 1688 1418 1771 l

320 1795 359 1848 tu
380 1806 434 1876 nel
453 1786 681 1876 quoesiepis‘
701 1787 803 1848 scire
822 1786 942 1875 nelias!
962 1806 1071 1866 quem
1095 1789 1191 1875 mihi,
1210 1807 1298 1868 pum
1317 1791 1383 1853 tibi.
1400 1792 1414 1877 ΙΙ

117 1914 140 1952 u
154 1888 329 1951 duodmima
349 1889 405 1951 ode
433 1887 591 1950 tetracolos
617 1889 798 1969 sapphicum
820 1896 946 1950 metrum
969 1888 1074 1961 hebet,
1100 1890 1180 1967 qnod
1210 1900 1242 1951 ut
1265 1912 1356 1972 supra
1382 1895 1456 1956 dini-

154 2010 222 2052 mus
244 1991 404 2063 scanditur,

323 2110 427 2170 quem
450 2090 567 2178 ripum
591 2098 653 2151 aut
671 2091 799 2180 be‘roa‘
818 2091 906 2181 lyra!
924 2091 981 2152 rel
1005 2093 1091 2153 acri.

155 2192 372 2254 tertiadecima
399 2192 454 2253 ode
476 2191 699 2273 bsclepiacleum
723 2200 850 2254 metrum
871 2193 962 2255 babet
986 2205 1016 2254 et
1037 2212 1091 2274 per
1112 2194 1199 2256 binos
1219 2214 1321 2258 rusius
1339 2198 1456 2258 scandi·

155 2303 217 2368 tur,
251 2311 296 2355 ec
311 2292 424 2374 quibus
441 2311 523 2355 sous
542 2293 684 2374 tripedw
705 2293 876 2374 dactylice,
910 2294 985 2356 slter
1005 2295 1252 2374 penthemimeres
1274 2297 1454 2377 appellatum

112 2412 140 2452 ru
155 2394 306 2476 spondeus
329 2394 461 2476 dactylus
483 2396 638 2476 dactylus,

322 2516 402 2558 cum
425 2505 472 2586 lu.
494 2498 618 2587 Lydia,
638 2496 806 2578 Telephi.

153 2606 258 2678 quarto
286 2598 400 2659 decime
427 2599 483 2659 ode
507 2599 728 2679 Asclepiadeuur
757 2605 882 2660 metrum
910 2597 997 2658 babet
1027 2607 1057 2660 et
1082 2619 1136 2680 per
1163 2609 1323 2678 quaternos
1351 2621 1453 2665 versus

155 2698 324 2772 scanditur,
346 2700 405 2761 duo
424 2700 473 2778 qui
495 2700 745 2780 penthemimeres
760 2699 948 2780 appellantur
966 2707 997 2760 ct
1018 2701 1076 2762 duo
1097 2701 1147 2779 qui
1167 2702 1293 2781 tripodis
1314 2702 1454 2784 dactylice

155 2802 296 2862 dicuutur
318 2802 371 2876 sic,
394 2802 544 2883 spondens
567 2800 699 2881 dactylus
721 2801 849 2882 semipes
870 2799 1001 2879 dactylus
1023 2801 1164 2880 dactylus,
1305 2792 1308 2799 ’

113 2934 141 2974 2,
323 2921 340 2962 o
363 2903 471 2991 napis
494 2905 674 2993 rele‘rent‘
695 2903 732 2963 in
754 2920 863 2990 merel
885 2909 920 2964 te
943 2901 1036 2962 nori.

156 3002 258 3080 quinta
280 3003 392 3064 decima
414 3005 470 3066 ode
489 3006 566 3066 idem
588 3014 714 3067 metrum
740 3003 879 3066 habetet
905 3006 960 3084 p'cr
980 3010 1139 3082 quaternos
1167 3020 1269 3064 uersus
1294 3005 1454 3077 scanditur,

156 3103 208 3164 sed
230 3111 293 3164 tres
314 3107 579 3185 penthemimeres,
609 3127 700 3170 unum
723 3108 772 3186 qni
795 3106 920 3186 tripodia
942 3104 1082 3182 dactylice
1102 3103 1281 3183 appellatum
1312 3107 1456 3186 spondius

154 3205 288 3284 dactylus
309 3207 437 3287 semipes
456 3208 587 3287 dactylus
604 3207 751 3287 dactylus,

322 3316 462 3398 postor‘
480 3328 561 3371 curu
584 3309 769 3397 trabepct‘
790 3326 856 3388 per
879 3309 987 3395 freta,
1007 3304 1176 3366 naribus.

114 3436 141 3476 ao
155 3418 236 3470 sexta
257 3408 370 3470 decima
395 3409 451 3470 ode
471 3409 619 3471 bicuicum
639 3417 765 3469 metrum
788 3409 890 3481 babet,
920 3407 999 3485 quod
1022 3415 1167 3485 utsupra
1191 3404 1319 3468 diximus
1337 3407 1454 3468 scondi-

139 3505 203 3571 ‘tur
222 3511 282 3585 sic,
300 3511 421 3592 hippius
442 3510 545 3571 tertius
566 3538 586 3574 s
609 3509 796 3571 choriambus
820 3508 970 3582 bacchius,

323 3623 480 3674 omntre
503 3611 663 3700 purpura
686 3610 778 3699 filia,
798 3609 1006 3690 pulchrior.
1111 3664 1114 3670 .

155 3713 203 3774 alii
225 3711 270 3773 sic
293 3714 452 3787 scandunt,
475 3733 509 3774 ex
526 3713 650 3775 blcaicis
669 3712 781 3786 tribus3
801 3720 831 3772 et
848 3718 964 3772 constet
984 3729 1061 3771 unus
1083 3728 1118 3770 ex
1137 3710 1368 3788 penthemimere
1382 3711 1454 3771 iam·

154 3815 222 3876 bico
251 3823 281 3874 et
308 3815 431 3877 chmetro
458 3815 558 3876 heroo.
604 3814 707 3876 eodem
739 3814 827 3875 modo
858 3820 889 3873 et
920 3812 1002 3873 ulter.
1048 3811 1150 3872 tertius
1176 3830 1244 3872 vero
1272 3830 1306 3871 ex
1336 3810 1452 3873 duobus

115 3936 142 3977 ss
156 3915 284 3996 epitritis
305 3915 407 3998 teritiis
429 3925 459 3976 et
480 3935 537 3976 una
560 3915 677 3994 syllaba.
723 3922 864 3992 qtrartus,
894 3914 945 3992 epti
970 3913 1112 3991 stropbeu
1138 3911 1245 3985 cludit,
1274 3919 1390 3973 constat
1418 3930 1452 3971 eu

223 4155 241 4203 5
259 4170 305 4219 per
324 4164 460 4217 tyrioternos
476 4170 568 4205 trersus
586 4153 718 4218 procurrit.
741 4154 821 4203 tribus
839 4153 966 4218 prioribus
984 4151 1114 4200 succiditur
1132 4148 1251 4199 trochaeo
1269 4146 1383 4214 spondeo
1401 4158 1452 4196 tro-

153 4222 234 4272 cbneo
253 4224 337 4273 iambo
354 4233 379 4272 et
396 4223 500 4273 bacchio
515 4239 532 4280 ς
619 4223 636 4271 u
654 4238 686 4271 ex
701 4222 801 4289 epitrito
820 4223 932 4272 secrundo
951 4220 1094 4270 choriambo
1113 4227 1138 4268 et
1157 4219 1259 4269 bacchio
1279 4217 1450 4280 Gurbscrdius.

151 4293 275 4344 librom
293 4296 446 4359 mipbtrarrt
462 4293 575 4356 dcl'eudit
590 4295 807 4359 promotorem
823 4291 966 4344 clematio
984 4291 1017 4340 dc
1030 4292 1114 4355 primo
1131 4288 1274 4340 cdorimbo
1291 4286 1324 4337 ab
1340 4288 1452 4337 Horatio

152 4370 257 4422 mato,
280 4380 331 4429 quc
354 4364 387 4413 de
403 4381 434 4414 re
455 4364 578 4415 discerem
595 4364 700 4414 Caesius
717 4362 817 4413 Bassus
832 4377 860 4425 p.
879 4360 948 4412 ’2665
963 4369 987 4411 et
1004 4358 1098 4410 Atilius
1116 4359 1313 4410 lbrtunatr'cm
1328 4371 1354 4419 p.
1374 4352 1451 4406 2083.

152 4427 243 4482 2703.-
258 4432 293 4495 ἤ.
311 4434 393 4484 Dion.
407 4450 436 4498 p.
455 4432 509 4484 509
523 4433 556 4482 de
574 4431 743 4482 choriambico
824 4430 841 4479 ll
860 4431 955 4495 recepit
970 4429 995 4479 A
1074 4427 1107 4479 13
1123 4428 1240 4491 dactylus
1253 4432 1381 4491 poem
1397 4429 1453 4476 loco

153 4516 201 4552 αι.
221 4500 296 4553 An.-
313 4501 348 4565 εἰ.
367 4502 434 4554 Ptol.
454 4518 480 4567 p.
499 4501 569 4553 2650
641 4502 673 4554 ll
691 4500 833 4565 quaesieris
850 4517 868 4550 o
885 4497 1044 4564 quaesiueris
1058 4497 1117 4548 ΑΜ
1185 4510 1259 4560 quem
1275 4494 1321 4545 tibi
1338 4510 1384 4546 our.
1397 4492 1455 4542 AM

226 4569 260 4621 lb
278 4569 434 4623 tetrecbolon
448 4572 509 4622 ΑΜ
584 4570 618 4623 19
634 4586 666 4621 ex
685 4570 776 4634 quibus
794 4584 861 4620 unus
879 4567 988 4634 tripodis
1005 4566 1128 4630 dactylice
1143 4582 1190 4617 on.
1207 4564 1266 4614 AM
1343 4562 1378 4613 ’ὶο
1395 4562 1455 4613 dac-

152 4638 225 4705 tylus
240 4644 318 4693 met
336 4639 426 4692 baben
445 4639 506 4689 AM
591 4640 626 4692 20
649 4655 705 4690 cnm
723 4649 811 4704 postor
827 4653 885 4687 cum
903 4637 963 4687 AM
1047 4635 1079 4684 :ll
1107 4634 1211 4701 hippius
1237 4633 1326 4683 tertius
1343 4633 1455 4698 semipes

153 4707 317 4760 choriambus
335 4710 434 4760 lumbus
450 4724 467 4759 o
482 4717 561 4760 mutre
578 4724 604 4767 ς.
622 4714 738 4761 lacum
755 4710 874 4767 iudicavi,
892 4724 942 4772 pua
957 4714 1011 4757 toto
1028 4707 1097 4756 tertii
1112 4712 1200 4756 cerem
1217 4704 1364 4768 descriptio,
1379 4703 1458 4767 prisci

152 4788 178 4828 et
195 4782 283 4843 quarti
295 4795 362 4845 pars
379 4779 508 4831 ccccidr'ese
523 4780 624 4831 ridetur
1450 4822 1454 4828 .

209 4882 417 4925 cnsuuarrcr
440 4883 552 4925 nusum
575 4884 595 4923 1.
1206 4859 1246 4920 34
