3114 5356
189 286 250 351 iss
294 292 297 297 ·
591 248 594 253 ’
752 282 915 347 cusmsu

186 400 452 551 miiliorduifqui
473 471 511 533 ab
537 490 573 531 ao
595 415 674 549 quod
695 478 741 531 est
762 470 908 533 bumauus
929 460 1096 531 humanitei
1116 469 1251 532 dixemut
1277 392 1429 530 etpmffiti
1441 470 1482 531 si·

186 578 281 655 miiia,
309 594 403 656 usque
424 574 462 636 ad
483 590 539 635 uos
560 579 640 636 certe
662 572 843 634 consuetudo
866 569 1028 652 permansit
1048 579 1081 631 ut
1101 569 1138 631 ab
1161 590 1198 631 co
1212 566 1226 655 ΙΙ
1240 571 1319 650 quod
1337 579 1384 642 est
1407 571 1481 633 diri·

187 698 245 743 uus
266 677 404 741 divinitis
422 674 537 738 dicatur
557 684 587 738 et
609 674 646 736 ab
668 692 704 736 eo
724 674 803 752 quod
824 681 870 735 est
891 673 1029 752 antiquus
1054 671 1229 751 antiquitus,
1265 692 1334 737 cum
1362 672 1479 735 iuterim

187 783 219 845 in
241 782 288 845 bis
314 785 452 841 maneant
479 776 566 845 etiam
591 777 698 860 prioris
727 775 800 856 iegis
826 773 971 837 adverbia.
1015 792 1084 835 nam
1110 793 1170 836 non
1197 773 1295 838 minus
1322 794 1376 856 per
1403 776 1480 837 banc

188 879 430 963 significationem
448 878 543 940 divine
564 887 595 941 et
614 881 733 961 antique
754 878 887 940 dicimm
931 876 1001 937 item
1020 875 1057 937 ab
1082 894 1118 938 eo
1140 877 1219 955 quod
1242 887 1289 940 est
1311 877 1412 957 iargire
1432 896 1506 943 res

187 981 295 1046 mansit
324 980 355 1043 in
379 980 590 1043 consuetudine
617 990 649 1043 ut
676 981 795 1061 largiter
814 979 994 1054 diceremus,
1027 979 1053 1041 si
1080 978 1198 1058 quidem
1227 980 1259 1042 in
1285 979 1479 1042 daemonem

186 1085 266 1149 venit
285 1083 366 1163 large
388 1082 425 1144 ab
446 1101 482 1144 eo
504 1084 583 1162 quod
602 1092 648 1145 est
662 1082 801 1162 dargiter,
828 1081 907 1160 quod
934 1080 1013 1161 large
1035 1081 1152 1161 quidem
1170 1082 1316 1162 siguificat
1337 1083 1432 1144 eiiase
1450 1091 1480 1144 et
1546 1084 1550 1089 ’

186 1187 385 1261 abundanter,
406 1192 438 1246 ut
458 1182 584 1247 dicimus
605 1186 703 1263 ‘large
725 1190 755 1244 et
775 1181 934 1245 liberaliter
952 1182 1127 1263 patrimonio
1147 1203 1220 1246 usus
1239 1186 1312 1259 est’,
1341 1194 1373 1246 et
1392 1183 1479 1264 iargi-

189 1296 235 1351 ter
251 1286 390 1363 muitum,
412 1285 551 1366 ‘largiter
568 1284 710 1369 pecuniae
731 1283 861 1345 babuit'.

272 1388 315 1450 Ns
342 1387 447 1449 litteris
475 1388 629 1451 terminata
649 1406 709 1450 uno
730 1385 819 1448 modo
839 1405 875 1448 ex
900 1405 934 1449 se
959 1388 1070 1449 iaciunt
1092 1387 1229 1449 adverbia
1240 1396 1295 1450 'ter
1315 1389 1477 1465 terminata
1495 1412 1521 1453 vs

188 1498 222 1555 ιιι
242 1490 352 1552 decens
371 1488 517 1550 decenter.
560 1508 621 1551 non
639 1487 711 1551 uuili
730 1486 817 1549 etiam
838 1506 873 1550 es
894 1488 1054 1570 participiis
1075 1498 1249 1570 putaverunt
1268 1491 1335 1553 talia
1348 1492 1477 1571 figurari,

189 1602 221 1655 ut
242 1590 360 1653 Verrius
379 1588 517 1664 Flaccus,
550 1590 599 1669 qni
620 1591 656 1654 ab
679 1610 715 1654 eo
735 1591 813 1672 quod
835 1598 882 1653 est
901 1590 1013 1653 audens
1034 1592 1176 1654 audenter
1196 1591 1289 1654 dicit:
1322 1602 1374 1655 aut
1398 1602 1478 1656 certa

186 1680 356 1775 'superiores
378 1691 527 1766 dixerunt,
560 1699 704 1772 quatenus
731 1694 762 1779 iu
788 1693 899 1756 recenti
924 1693 1137 1755 consuetudine
1157 1713 1219 1756 non
1236 1695 1366 1774 perinde
1389 1697 1478 1760 usita-

188 1804 250 1858 tum
270 1802 324 1858 est
368 1791 426 1854 sed
441 1799 543 1855 tannen
562 1793 673 1859 audeus
695 1804 759 1858 tam
777 1794 924 1858 coecbnii
944 1812 1036 1876 qaam
1057 1797 1206 1878 participii
1224 1797 1479 1878 siqnidcctionen

75 1900 80 1909 '
187 1893 303 1968 baben·
324 1904 440 1958 etcum
461 1916 496 1959 ex
516 1916 549 1959 se
570 1897 738 1961 adverbium
758 1898 843 1974 iacit,
865 1896 998 1959 vocabuli
1019 1897 1110 1959 vicem
1130 1898 1257 1974 obtinet,
1276 1908 1335 1962 tam
1354 1903 1480 1965 hercule
1495 1924 1520 1965 vs

189 2017 276 2078 quam
298 2017 365 2060 cum
383 1999 487 2082 recipit
509 1998 766 2081 comparationem.
800 2017 869 2061 uam
889 1998 967 2062 sicut
987 2000 1234 2080 comparationem
1257 2022 1316 2065 non
1333 2005 1480 2086 recipiunt

188 2100 355 2182 participia,
382 2101 423 2162 ita
448 2120 487 2163 ue
514 2099 547 2162 in
574 2102 710 2164 adverbia
734 2102 853 2181 quidem
880 2109 1043 2164 transeunt
1086 2102 1213 2183 alioquin
1235 2104 1260 2166 si
1281 2104 1318 2166 ab
1339 2109 1481 2187 eoquod

189 2208 237 2263 est
256 2201 368 2264 audens
390 2202 603 2283 significatione
624 2204 769 2287 participii
789 2205 930 2267 audenter
951 2202 1111 2281 diceretur,
1140 2207 1241 2286 procvd
1269 2206 1359 2270 dubio
1387 2220 1417 2271 et
1443 2230 1479 2272 cx

190 2322 225 2365 eo
253 2303 332 2382 quod
355 2312 401 2367 est
430 2306 541 2369 iaciens
569 2316 599 2368 et
623 2306 757 2369 scribens
783 2307 916 2370 similiter
944 2307 1081 2387 quiddam
1109 2308 1348 2388 exprimeremus.
1397 2319 1429 2373 at
1453 2312 1478 2374 si

189 2405 319 2468 dicemus
341 2408 482 2470 audenter
503 2416 562 2470 tam
583 2427 670 2488 quam
688 2410 851 2490 sapienter,
879 2410 987 2484 iateor,
1013 2407 1039 2471 si
1060 2408 1176 2487 quidem
1198 2411 1316 2491 sapiens
1338 2430 1397 2473 non
1419 2432 1477 2493 ipra
1491 2434 1520 2473 ao

188 2507 374 2589 participium
393 2511 445 2572 sed
466 2530 523 2590 qua
542 2512 715 2574 vocabulum
736 2520 797 2586 est,
833 2529 891 2590 quo
913 2510 979 2589 quis
999 2511 1085 2572 etiam
1111 2512 1270 2592 sapientior
1293 2512 1414 2588 dicitur,
1448 2516 1478 2576 in

189 2608 358 2672 adverbium
375 2612 501 2689 transit,
527 2613 689 2694 sapienter,
719 2622 751 2675 ut
773 2632 840 2674 cum
857 2612 1014 2693 sapientia,
1042 2613 1198 2690 audenter,
1230 2616 1319 2693 quari
1338 2635 1407 2677 cnm
1428 2636 1480 2678 au-

189 2710 297 2773 dentia.
341 2720 371 2772 et
391 2733 429 2774 ue
451 2734 506 2777 uos
524 2716 603 2777 fallat
626 2716 718 2795 figura
741 2714 924 2793 quorundam
950 2714 1180 2791 vocabulorum„
1203 2735 1277 2795 quae
1304 2717 1406 2778 eadem
1435 2730 1482 2782 est

189 2812 423 2892 participiorum,
455 2806 531 2878 banc
555 2817 649 2896 legem
670 2816 845 2878 advertimus
872 2835 931 2877 uon
953 2816 1040 2878 aliubi
1068 2818 1237 2880 inventuros
1263 2838 1318 2882 nos
1343 2821 1479 2884 adverbia

193 3029 269 3082 10-
282 3031 313 3083 18
328 3031 354 3081 N

292 3117 333 3168 NS
348 3117 439 3168 litteris
452 3118 645 3168 terminatauuo
656 3115 732 3169 modo
744 3132 777 3167 ex
791 3133 820 3168 se
836 3116 933 3169 iaciunt
947 3118 1070 3171 aduerbia
1086 3130 1124 3172 ter
1128 3158 1256 3173 ........

292 3213 321 3259 ut
330 3206 423 3255 decens
432 3205 550 3256 decenter
560 3205 640 3256 riuulii
650 3204 770 3256 etiam'ex
784 3205 927 3273 participiis
938 3214 1033 3270 putaue

294 3293 354 3342 talia
361 3292 465 3359 tigurari
473 3276 701 3344 rvtvrerriusiisccus
708 3293 751 3357 qui
761 3293 792 3342 ab
801 3293 904 3356 eoquod
913 3294 927 3342 c
937 3292 1033 3342 audens
1041 3309 1073 3342 au

293 3380 354 3430 aete
364 3379 508 3446 superiores
520 3380 638 3431 dixcmnt
647 3389 771 3445 quatenus
779 3379 908 3430 iureceuti
920 3380 1097 3430 consuetudine

293 3466 351 3517 iude
370 3467 489 3519 usitatum
507 3471 522 3519 d
537 3504 560 3520 ..
578 3470 607 3519 dt
617 3505 642 3520 ..
656 3469 752 3520 audens
770 3476 795 3518 te
805 3504 812 3518 .
822 3503 829 3517 .
839 3501 847 3518 .
856 3466 949 3517 αὸιιιιίι.
960 3503 965 3516 .
972 3467 1082 3531 parvioip

190 3556 260 3610 111141,
271 3561 279 3601 ι
294 3561 318 3604 et
328 3568 384 3603 cum
398 3569 430 3604 ex
439 3570 468 3606 se
479 3555 627 3607 aduerbium
638 3556 699 3607 iacit
709 3552 825 3605 uocabuii
835 3554 917 3604 uicem
928 3552 1129 3604 obtinettamhe.
1140 3592 1146 3604 .
1158 3571 1199 3605 ,νε
1212 3559 1261 3620 qua
1271 3573 1327 3606 cum
1337 3561 1429 3626 recipit
1448 3563 1481 3614 15

294 3644 508 3705 comparationem
531 3656 589 3691 aem
612 3643 679 3694 sicat
701 3641 915 3710 comparationem
944 3640 976 3690 nri
1003 3640 1083 3707 recipi
1106 3643 1428 3709 ...participialteoead

294 3781 381 3830 uerbis
397 3780 499 3843 quidem
516 3787 646 3829 transeunt
662 3737 825 3844 alioquiuuab
843 3795 873 3830 eo
894 3780 909 3828 ie
927 3777 1023 3829 audeus
1047 3779 1100 3846 sig.
1111 3816 1117 3829 .
1128 3816 1135 3828 .
1145 3780 1430 3848 ‚catioueparticipiiau

294 3867 381 3917 deuter
399 3867 524 3917 diceretur
731 3896 736 3907 .
1311 3900 1335 3965 t

241 4004 275 4057 10
293 4014 331 4055 ter
348 4006 481 4056 terminata
499 4013 526 4055 ut
539 4020 561 4055 ω
631 4006 661 4056 ll
681 4013 832 4071 putauerunt
850 4005 910 4055 talia
921 4020 952 4059 ω.
971 4011 997 4054 et
1014 4007 1038 4054 in
1053 4005 1101 4055 boo
1117 4014 1142 4056 et
1158 4008 1183 4056 in
1200 4005 1423 4060 bedriacensibus
1440 4013 1484 4076 qai

186 4079 304 4140 pressae
325 4085 445 4127 remeatur
465 4085 572 4140 propter
592 4077 673 4125 eitiunt
695 4076 818 4140 quoddam
838 4076 1035 4125 neensdranarnrn
1057 4077 1148 4125 lacuna
1170 4093 1186 4125 a
1209 4075 1316 4126 librario
1335 4078 1381 4128 sud
1406 4083 1483 4143 finem

190 4162 277 4197 verm
296 4147 385 4195 relicta
403 4155 469 4199 erat.
486 4163 551 4211 quae
568 4148 659 4194 incana
677 4162 731 4195 nam
748 4146 784 4194 ad
800 4148 904 4197 aitirnsen
922 4160 1017 4212 quoque
1029 4147 1140 4209 popinae
1155 4162 1250 4195 nevam
1265 4149 1410 4209 pertineret
1419 4169 1482 4216 pev-

190 4218 288 4279 spicere
305 4231 353 4265 non
368 4219 439 4279 potui
507 4217 539 4266 12
557 4215 654 4266 arideus
669 4216 797 4276 audenter,
816 4226 859 4266 aut
876 4227 943 4267 certe
960 4231 982 4265 ω
1054 4216 1085 4268 13
1098 4216 1125 4265 iu
1143 4217 1237 4265 receuti
1254 4236 1268 4266 a
1286 4217 1344 4266 iude
1358 4221 1481 4271 usitatum

190 4293 238 4350 est,
257 4293 282 4334 at
297 4287 393 4337 audens
410 4286 597 4351 *participium
613 4294 638 4334 et
655 4301 713 4335 cum
730 4301 752 4335 ω
823 4286 854 4337 15
876 4294 927 4335 mm
945 4285 1009 4334 baec
1027 4300 1102 4348 quam
1120 4285 1174 4343 iiie,
1192 4289 1266 4348 quain
1283 4302 1339 4337 cum
1356 4302 1378 4338 ω
1449 4292 1481 4345 16

192 4356 391 4421 comparationes
409 4371 457 4405 non
477 4357 601 4421 recipiunt
618 4356 761 4421 participia,
781 4357 816 4405 ite
833 4371 864 4406 ne
882 4371 904 4405 ω
975 4355 1007 4406 18
1023 4356 1208 4422 significatione
1226 4371 1247 4405 ω

260 4529 275 4577 7
292 4531 378 4578 ueniat
393 4527 419 4578 N
486 4528 556 4595 large
574 4529 648 4592 qui..
670 4528 797 4594 significat
814 4528 851 4577 N:
869 4528 971 4592 quidem
989 4546 1004 4578 e
1019 4529 1104 4578 codice
1123 4529 1317 4590 Lindemannur,
1336 4546 1384 4587 orn.
1402 4548 1424 4582 ω

192 4598 223 4649 17
242 4598 310 4661 quod
327 4599 386 4648 add.
408 4613 430 4647 ω
501 4598 534 4649 19
551 4596 587 4665 at]
608 4607 652 4649 aut
665 4599 702 4649 N:
722 4607 747 4647 at
764 4599 786 4648 si
804 4598 919 4648 dicemus
936 4599 1058 4649 audenter
1075 4607 1203 4661 tamquam
1222 4601 1365 4667 sapienter,
1385 4602 1482 4655 fatebor

189 4676 256 4718 reete
273 4669 339 4731 dici,
357 4668 483 4730 siquidem
501 4696 534 4704 -
552 4669 578 4718 iu
594 4669 741 4719 adverbium
761 4670 848 4718 transit
865 4670 969 4720 coniecit
982 4669 1167 4721 Lindemannns
1237 4671 1400 4732 insertasse
1417 4683 1481 4724 ιιιιιι·

189 4752 265 4800 quam
282 4741 411 4806 sapienter
432 4737 507 4788 iaciat
588 4740 621 4790 22
639 4734 739 4803 transit]
759 4748 841 4791 tamen
857 4752 907 4789 uou
927 4739 954 4788 N
1040 4740 1113 4803 quasi
1130 4736 1195 4805 cum]
1217 4756 1266 4804 qua
1285 4740 1310 4789 N
1396 4743 1480 4812 2321]

189 4815 233 4856 aut
250 4807 276 4856 N
343 4807 509 4871 quorumdam
528 4807 555 4857 N
621 4872 625 4881 Ι
