3114 5356
142 274 205 340 250
354 318 359 328 ·
709 274 873 337 crttutstl

138 407 214 528 utu:
227 391 320 539 {pl-nt?
333 390 612 543 ¹pilusquourperfecti
634 462 738 525 solitus
760 482 856 539 emm,
879 464 968 526 futuri
989 464 1099 526 soleba,
1132 392 1302 545 impeiatii:
1315 391 1420 528 inultm

140 569 178 630 tis
208 566 287 641 sole,
323 566 411 628 futuri
440 565 544 627 solitus
574 572 646 626 esto.
690 566 817 645 optativa
844 566 980 629 instantis
1002 575 1032 627 ct
1057 567 1209 648 inperfecti
1238 575 1271 628 ut
1295 568 1421 641 solerem,

139 669 262 752 perfecti
287 676 319 729 ut
340 668 444 730 solitus
466 667 537 741 sim,
558 666 836 747 plusquamperfecti
853 676 885 730 ut
905 669 1008 731 solitus
1026 688 1138 741 essem,
1159 670 1248 732 futun'
1264 678 1298 731 ut
1310 670 1421 733 soleam.

140 772 322 835 subiunctiva
346 768 482 832 instantis
509 788 576 831 curn
600 769 727 844 soleam,
765 770 916 850 inperfecti
944 790 1011 832 cum
1040 770 1182 845 solerem,
1215 772 1339 850 perfecti
1363 790 1422 834 cum

140 874 243 937 solitus
263 874 334 948 sim,
370 871 647 962 plusquamperfecti
670 891 738 933 cum
759 873 863 935 solitus
886 893 1000 948 essem,
1033 873 1122 935 futuri
1151 892 1219 934 cum
1245 873 1350 936 solitus
1369 894 1441 938 erum

139 976 277 1038 influitiva
298 974 435 1036 instantis
452 973 565 1048 solere,
587 973 708 1053 perfecti
727 984 758 1035 ct
772 974 1049 1056 plusquamperfecti
1067 974 1185 1036 solitum
1202 994 1270 1037 esse
1284 983 1315 1037 et
1330 977 1423 1049 fuisse,

140 1079 228 1141 futuri
251 1077 368 1140 solitum
390 1078 432 1139 ire
454 1076 498 1137 vel
521 1075 675 1137 soliturum
698 1094 773 1137 esse.
810 1073 960 1156 participia
983 1075 1118 1137 instantis
1139 1075 1188 1137 bic
1210 1077 1312 1139 solens
1335 1086 1366 1140 et
1383 1097 1424 1139 ce

140 1190 217 1254 tera,
252 1178 374 1261 perfecti
395 1179 442 1241 bic
466 1178 571 1241 solitus
599 1182 629 1237 et
651 1184 763 1251 cetera,
801 1179 890 1239 futuri
913 1178 961 1239 bic
982 1177 1120 1239 soliturus
1143 1186 1171 1238 et
1193 1187 1301 1240 cetera.
1346 1180 1424 1242 buius

140 1284 219 1345 verbi
240 1282 370 1361 qviamvis
392 1284 487 1343 futura
510 1278 653 1340 declinata
671 1278 745 1352 sint,
777 1287 875 1341 tamen
900 1279 956 1342 dici
978 1300 1037 1342 nou
1059 1288 1200 1360 possunt,
1229 1281 1297 1360 quia
1319 1289 1425 1361 praete

139 1385 219 1459 ritis,
241 1403 301 1445 nou
320 1383 442 1456 futuris,
464 1389 562 1462 potest
582 1379 686 1459 abquis
707 1398 876 1456 consuesse,
899 1381 939 1443 ita
961 1390 992 1443 ut
1010 1382 1146 1462 superius
1165 1390 1362 1444 memoratum
1375 1390 1452 1445 estu

130 1486 136 1495 '
224 1486 297 1546 ltem
319 1483 406 1545 aliud.
450 1482 557 1544 finitiva
578 1481 714 1544 instantis
737 1484 829 1545 audeo
854 1460 946 1546 addes
973 1485 1074 1557 audet,
1110 1483 1265 1563 inperfecti
1287 1484 1425 1546 audebam

140 1588 267 1650 audebas
289 1586 430 1659 audebat,
451 1582 572 1664 perfecti
595 1602 685 1645 ausus
707 1603 787 1659 sum,
810 1586 1087 1667 plusquamperfecti
1108 1604 1197 1647 ausus
1219 1604 1316 1659 eram,
1342 1585 1424 1647 futuri

139 1690 261 1752 audebo.
305 1687 474 1770 imperativa
494 1686 630 1747 instantis
651 1688 741 1762 audc,
762 1688 851 1749 farturi
872 1706 961 1748 ausus
983 1697 1055 1750 esto.
1099 1687 1228 1766 optativa·
1243 1688 1382 1750 instantis
1401 1696 1426 1749 et

138 1793 291 1875 inperfecti
312 1800 346 1853 ut
364 1790 518 1863 auderem,
551 1789 672 1868 perfecti
700 1797 732 1850 ut
754 1810 843 1851 ausus
872 1791 944 1863 sim,
978 1791 1258 1870 plusquamperfecti
1281 1800 1313 1853 ut
1342 1811 1426 1855 ausus

138 1915 250 1971 essem,
284 1894 373 1957 futuri
404 1899 435 1953 ut
465 1890 595 1952 audeam.
640 1890 821 1953 subiunctiva
847 1892 982 1955 instantis
1011 1912 1078 1955 cum
1104 1892 1241 1967 audeam,
1277 1893 1457 1973 inperfectis

138 2017 205 2061 cunr
226 1996 378 2070 auderem,
400 1992 521 2075 perfecti
544 2010 609 2053 cum
632 2011 721 2054 ansuis
744 1994 815 2068 sim,
837 1995 1114 2076 plusquamperfecti
1132 2014 1199 2057 cum
1215 2014 1306 2058 ausus
1323 2014 1427 2071 essem,

138 2101 227 2163 futuri
248 2119 315 2161 cum
334 2118 424 2161 ausus
447 2117 505 2159 ero.
551 2094 688 2156 infinitiva
708 2096 844 2157 instantis
863 2098 987 2169 avrdere,
1010 2097 1130 2178 perfecti
1156 2106 1185 2157 et
1206 2097 1429 2179 plusquamper-

138 2203 205 2265 fecti
225 2220 329 2264 ausum
351 2218 417 2262 esse
438 2208 468 2260 et
488 2198 594 2271 fuisse,
626 2197 714 2259 futuri
738 2216 842 2259 ausum
869 2199 912 2259 ire
937 2208 966 2259 et
993 2219 1130 2261 ausurum
1157 2218 1232 2261 esse.
1278 2201 1430 2281 participia

138 2303 273 2367 instantis
294 2302 343 2363 hic
364 2300 475 2362 audens
497 2307 525 2360 et
547 2308 658 2373 cetera,
685 2300 805 2380 perfecti
828 2300 876 2361 bic
897 2321 986 2363 ausus
1006 2310 1034 2362 et
1057 2310 1168 2375 cetera,
1201 2303 1291 2366 futuri
1309 2305 1359 2366 hic
1381 2324 1431 2367 au·

138 2427 225 2471 surus
249 2413 278 2466 et
300 2411 405 2465 cetera.
1441 2436 1466 2477 φ

206 2508 295 2569 ,ltem
315 2505 402 2566 aliud.
447 2505 554 2566 finitiva
577 2505 712 2567 instantis
731 2507 844 2585 gaudeo
866 2507 975 2585 gaudes
998 2505 1119 2585 gaudet,
1148 2506 1300 2586 inperfecti
1322 2508 1433 2586 gaude·

137 2613 219 2685 bam,
242 2607 362 2691 perfecti
383 2604 498 2684 gavisus
517 2625 599 2678 suru,
621 2607 898 2687 plusquamperfecti
919 2609 1035 2687 gavisus
1058 2626 1153 2680 eram,
1176 2609 1264 2670 futmi
1286 2611 1432 2688 gaudebo.

138 2711 305 2793 imperativa
329 2709 464 2769 instantis
486 2708 594 2786 gaude,
617 2708 705 2767 arturi
724 2709 839 2785 gavisus
859 2720 931 2773 esto.
976 2710 1101 2790 optativa
1127 2708 1172 2792 *ll

222 2810 309 2872 Tertii
339 2808 448 2869 urdiuis
475 2809 560 2869 simili
590 2809 675 2869 rrrodo
698 2809 881 2870 declinantur
907 2811 1013 2871 finitiva
1039 2813 1175 2875 instantis
1199 2813 1271 2887 llelo,
1308 2815 1432 2893 perfecti

138 2919 209 2976 fisus
232 2933 312 2986 stuu3
346 2919 374 2971 et
394 2930 468 2988 quiae
488 2930 522 2972 eu
544 2911 609 2990 ipso
632 2911 798 2971 derivantur
823 2911 921 2971 diffido
948 2912 1061 2975 diffisus
1084 2935 1165 2989 surm,
1199 2917 1315 2976 coufrdo
1338 2923 1471 2981 couti-‘m

139 3036 189 3077 sus
208 3010 306 3095 sumi

222 3115 321 3186 Quincti
351 3113 460 3175 ordinis
482 3114 567 3175 simili
593 3116 679 3178 rrrodo
702 3116 884 3177 declinantur
904 3117 1010 3178 finitiva
1032 3117 1168 3178 instantis
1190 3120 1228 3178 fro
1247 3122 1283 3182 lis
1304 3124 1353 3195 fit,
1387 3123 1433 3183 iu-

137 3219 256 3300 perfecti
282 3217 385 3278 fiebam
405 3216 495 3277 liebus
516 3216 618 3291 fiebat,
658 3219 779 3298 perfecti
801 3220 896 3280 fartus
919 3239 984 3280 sum
1007 3229 1034 3280 et
1058 3221 1113 3293 fui,
1150 3221 1432 3302 plusquanrperfecti

137 3325 230 3383 factrus
251 3340 329 3382 erauu
352 3327 381 3378 et
403 3321 529 3391 fueram,
558 3320 647 3380 futuri
673 3322 749 3380 franr.
794 3320 962 3400 iruperativa
991 3322 1125 3382 instantis
1154 3325 1172 3384 fl
1200 3328 1256 3384 fiat.
1301 3328 1432 3406 optativa

49 3438 56 3449 ‘
135 3423 270 3486 instantis
291 3433 319 3483 ut
341 3422 492 3501 inperfecti
515 3430 547 3482 ut
567 3425 680 3494 liorem,
717 3423 839 3501 perfecti
863 3432 894 3483 ut
923 3423 1016 3485 fae-tus
1040 3423 1111 3497 siru,
1148 3424 1471 3507 plusquamperfeetisr

136 3534 169 3587 ut
189 3527 283 3586 factrus
305 3544 415 3599 essem,
440 3525 528 3586 futuri
551 3533 581 3585 ut
604 3527 679 3585 fram
724 3524 904 3585 sulriuuctiva
927 3524 1061 3586 instantis
1080 3545 1146 3586 earm
1169 3529 1250 3602 fretur,
1274 3529 1432 3609 inperfecti

135 3647 201 3690 cuur
223 3630 340 3699 flerem,
367 3626 488 3706 perfecti
512 3646 579 3687 cum
601 3629 694 3688 factus
713 3627 768 3688 sim
791 3626 910 3700 fuerim,
943 3627 1219 3707 plusquamperfecti
1242 3650 1310 3691 cum
1334 3634 1433 3696 factrus

135 3750 232 3793 essem
251 3732 388 3804 fuissem,
413 3730 498 3791 futuri
522 3749 588 3790 eum
611 3731 704 3791 factrus
728 3749 786 3790 ero.
831 3728 969 3791 infinitiva
991 3730 1127 3792 instantis
1146 3732 1224 3806 lieri,
1254 3734 1380 3812 perfecti
1402 3747 1434 3798 et

202 4014 219 4064 6
237 4012 327 4062 solitus
344 4028 400 4063 esse
418 4021 442 4062 et
461 4011 542 4062 fuisse
560 3994 604 4061 rui
613 4011 716 4062 solitum
727 4013 763 4061 ire
773 4013 797 4061 Ρ
844 4012 990 4063 Bsoliturus
1000 4016 1047 4063 ete.
1060 4013 1135 4063 huius
1145 4014 1216 4063 uerbi
1230 4019 1348 4079 quamuis
1359 4020 1385 4069 Ρ

136 4098 169 4151 10
183 4097 275 4160 aliquis
294 4114 430 4150 consuesse
449 4100 485 4149 ita
503 4105 530 4148 ut
547 4100 664 4165 superius
682 4108 845 4149 memoratum
866 4108 913 4153 est.
931 4100 967 4149 ltd
984 4101 1054 4150 aliud
1072 4086 1119 4151 frui
1134 4103 1230 4151 lustaus
1248 4104 1330 4155 audeo
1350 4108 1432 4158 audes

134 4186 211 4236 audet
229 4186 305 4250 inpei
320 4186 444 4236 audebam
463 4186 550 4251 perfed
567 4202 646 4237 ausus
664 4201 728 4235 svam.
754 4172 886 4237 fut—ausus
904 4194 968 4238 esto,
987 4186 1105 4252 llptetiua
1124 4190 1221 4240 instan‘s
1239 4197 1264 4240 et
1281 4192 1370 4256 inpe‘rf
1385 4210 1431 4244 au-

134 4273 220 4322 derem
238 4273 298 4338 pe‘vf
311 4289 389 4324 ausus
407 4276 455 4323 sim
473 4273 593 4339 pluspe‘rf
609 4282 636 4323 ut
654 4288 732 4323 ausus
750 4290 832 4324 essem
852 4259 891 4323 fut
907 4282 934 4323 ut
951 4273 1065 4324 audeam.
1086 4276 1253 4328 Subiunetiua
1272 4280 1358 4331 iustmi
1372 4297 1430 4332 cum

135 4361 243 4417 audeam
261 4360 375 4425 inperfee‘·
393 4376 450 4412 errrn
469 4361 589 4411 auderem
607 4361 668 4426 perf
684 4377 740 4410 cum
758 4375 835 4411 aursus
858 4374 914 4409 sum
932 4360 1056 4428 plusdper
1073 4379 1130 4412 euru
1149 4380 1192 4414 sus
1211 4381 1294 4416 essem
1314 4352 1354 4417 tui
1371 4385 1431 4420 eum

135 4462 213 4497 ausus
229 4464 280 4497 ero.
302 4447 376 4497 tufini
393 4432 488 4497 instant
503 4449 597 4499 audere
615 4448 675 4513 prff
688 4457 712 4497 et
730 4447 808 4513 plusq'
824 4462 901 4497 ausus
919 4463 976 4498 esse
994 4458 1019 4499 et
1038 4435 1074 4499 ful
1095 4454 1204 4502 avrsurr'rs
1220 4468 1285 4504 esse.
1312 4439 1373 4506 Part
1391 4459 1431 4507 iu-

135 4536 225 4584 stantis
245 4535 286 4583 bic
303 4535 400 4586 audens
418 4543 443 4585 et
460 4539 500 4585 eet
519 4536 578 4602 peif
592 4535 634 4584 luc
654 4550 732 4584 ansus
750 4542 774 4583 et
790 4536 829 4584 cet
847 4534 889 4584 bie
907 4552 1017 4587 ausurus
1040 4547 1064 4587 et
1085 4542 1131 4590 cet.
1160 4540 1222 4588 Item
1239 4539 1311 4591 aliud
1328 4530 1377 4593 fini
1390 4545 1430 4594 in-

135 4628 204 4670 stans
223 4621 323 4688 gaudeo
337 4622 453 4688 gaudeus
472 4625 575 4690 gaudet,
600 4621 689 4688 Iupeif
710 4621 862 4687 gaudebam.
886 4623 947 4688 perf
958 4626 1063 4690 gauisus
1082 4641 1137 4675 snm
1153 4623 1212 4691 plu-s
1233 4628 1341 4692 gauisus
1360 4646 1430 4680 eram

135 4692 176 4757 fut
190 4709 306 4774 gaudebo
325 4710 422 4774 imperi
441 4711 526 4759 instari
544 4709 636 4775 gaude.
659 4693 695 4758 ful
714 4704 901 4775 garrisus'estc.
923 4710 1041 4777 Optatiua
1058 4712 1083 4761 P
1165 4715 1199 4764 ‘25
1224 4712 1368 4767 dirimantur
1391 4718 1431 4767 di-

137 4793 188 4844 fulo
208 4794 296 4843 dinsus
314 4810 369 4844 sum
388 4797 414 4844 P
481 4794 515 4846 29
533 4796 607 4862 lupe?
625 4797 691 4846 insta
708 4796 734 4845 fri
751 4794 795 4846 flat
808 4798 834 4845 P
