3114 5348
387 907 622 1002 llBllll
680 908 1031 1014 aviariis·

111 1287 132 1328 r·
146 1272 194 1316 ¹1⁶⁶·
209 1276 237 1319 ω
251 1273 274 1315 P·
1191 1298 1213 1339 p.
1232 1285 1269 1326 nc
1283 1284 1306 1327 n.

551 1381 600 1441 DE
629 1382 870 1447 IDIOMATIBVS

144 1496 285 1561 ldiemata
307 1516 384 1576 quac
406 1507 477 1562 sunt
500 1500 593 1562 nostri
609 1503 755 1565 sermonis
772 1504 995 1566 innumerabilia
1017 1506 1135 1583 quidem
1157 1505 1267 1568 debent
1283 1527 1359 1571 esse.

61 1619 94 1660 ea
117 1599 195 1662 enim
215 1608 285 1663 sunt
300 1601 399 1663 amnia
422 1620 497 1680 qnae
518 1622 572 1682 pre
591 1611 693 1664 nostru
714 1624 796 1665 more
811 1606 960 1668 cllerimus
976 1615 1004 1667 et
1018 1626 1078 1667 nun
1093 1607 1256 1669 secundum
1272 1609 1361 1672 Grae-

60 1721 119 1764 cos.
164 1702 217 1765 sed
242 1710 273 1764 ut
293 1703 420 1764 breviter
440 1703 588 1778 dicamus,
611 1711 660 1764 aut
679 1723 713 1765 ex
734 1706 892 1784 generibus
915 1708 1066 1769 nominum
1082 1709 1170 1782 liunt,
1192 1727 1267 1785 quae
1290 1729 1361 1771 con·

35 1809 102 1863 atra
121 1821 235 1892 merem
261 1804 439 1867 Graecorum
462 1825 516 1868 nes
537 1806 680 1868 habemus
708 1807 789 1881 (nam
809 1825 877 1867 cum
899 1807 1023 1870 dicimus
1051 1809 1098 1868 hic
1120 1809 1216 1870 honor
1236 1799 1257 1885 ἡ
1278 1803 1360 1887 τιμή,

58 1906 91 1966 iit
117 1903 197 1985 apud
230 1924 286 1968 nos
311 1907 482 1983 masculini,
516 1909 593 1989 apud
626 1908 693 1969 ilios
721 1906 852 1968 feminini
881 1909 1026 1987 generis),
1057 1917 1108 1969 aut
1133 1928 1168 1969 ex
1202 1910 1357 1971 verberum

58 2005 322 2084 significationibus
350 2010 520 2085 contrariis,
548 2009 626 2071 velut
654 2007 750 2070 luctor
774 2009 898 2068 muta.
942 2008 999 2068 hoc
1029 2008 1107 2068 euim
1135 2009 1256 2070 verbum
1281 2010 1360 2089 apud

58 2126 113 2170 nos
131 2107 250 2189 passive
273 2111 409 2187 effertur,
432 2112 510 2190 apud
530 2112 657 2173 Graecos
676 2110 778 2172 active.
823 2109 866 2172 sic
889 2109 976 2171 etiam
999 2117 1028 2170 et
1048 2127 1103 2188 per
1125 2119 1238 2172 ceteras
1260 2119 1359 2192 partes

59 2209 200 2272 erationis
227 2210 398 2272 idiomatum
426 2211 607 2274 dissonantia
635 2211 787 2291 multiplex
813 2211 968 2291 reperitur.
1014 2209 1091 2271 scire
1118 2220 1216 2274 autem
1245 2221 1274 2274 et
1297 2232 1360 2274 urc-

26 2311 180 2386 nminisse
205 2311 363 2388 debemus,
392 2314 520 2393 primum
548 2315 628 2393 quod
657 2312 842 2393 participium
871 2330 924 2392 per
952 2329 985 2371 se
1010 2311 1074 2371 fieri
1102 2330 1161 2374 nan
1180 2322 1278 2393 petest
1308 2316 1361 2376 sed

59 2432 97 2475 ex.
120 2411 228 2488 verbo,
255 2413 325 2475 dein
351 2415 430 2493 quod
458 2435 544 2478 omne
566 2415 753 2498 participium
780 2416 906 2477 eundem
934 2431 1035 2475 casnm
1059 2413 1146 2475 tralrit
1166 2433 1254 2494 quem
1273 2417 1359 2476 etiam

59 2514 180 2576 verbnm
208 2533 243 2576 ex
271 2532 330 2592 quo
358 2516 505 2592 nascitur;
532 2525 565 2577 ut
593 2535 659 2577 cum
686 2514 810 2578 dicimus
838 2536 891 2598 per
918 2515 1116 2577 accusativum
1137 2533 1246 2594 sequor
1266 2515 1360 2576 demi-

59 2635 145 2691 num,
174 2617 218 2679 sic
240 2624 270 2677 et
290 2616 442 2696 participia
465 2618 553 2681 huius
578 2618 658 2679 verbi
681 2637 734 2698 per
753 2618 878 2678 cundem
901 2635 1001 2678 casum
1026 2618 1202 2689 efferuntur,
1233 2634 1361 2695 sequens

59 2717 226 2792 deminum,
250 2725 405 2780 secuturus
426 2718 591 2795 dominum,
611 2727 731 2782 secutus
752 2719 910 2780 dominum.
956 2718 1009 2779 sed
1029 2717 1149 2779 nonina
1169 2717 1361 2798 participialia

28 2838 135 2898 requae
169 2821 245 2880 finnt
275 2839 311 2880 ex
339 2820 501 2900 participiis
527 2821 664 2882 instantis
699 2821 840 2900 temperis
872 2820 1037 2898 genetivum
1071 2837 1172 2881 casum
1206 2819 1359 2899 recipiunt

61 2940 149 3002 saepe
180 2922 258 2982 cuim
286 2921 439 3001 participia
472 2922 610 2984 instantis
639 2922 780 3001 temporis
808 2922 894 2982 etiam
923 2921 1041 2982 numina
1077 2922 1151 2981 liunt
1177 2917 1360 3001 appellativa,

59 3023 137 3084 velut
159 3042 263 3084 amans
289 3042 409 3084 servans
428 3031 563 3084 metucns
584 3023 678 3083 sidens
700 3041 790 3100 egens
812 3023 908 3085 sciens
934 3024 1059 3084 horrens
1081 3022 1249 3099 neglegens.
1295 3040 1361 3100 par-

60 3124 159 3204 ticipia
186 3123 287 3202 igitur,
318 3133 350 3186 ut
379 3143 468 3204 supra
497 3124 638 3197 diximuS,
669 3141 756 3183 casus
778 3123 924 3202 recipiunt
946 3143 1067 3186 suerum
1084 3123 1256 3196 verberum,
1283 3120 1362 3182 velut

61 3245 125 3288 amu
147 3244 268 3287 uxorem
288 3245 389 3288 amans
412 3244 549 3299 uxorem,
573 3244 656 3288 serva
680 3223 799 3284 domum
821 3242 943 3285 servans
968 3224 1102 3298 domum,
1124 3231 1224 3283 metue
1246 3230 1360 3302 patrem

30 3337 196 3390 ametuens
225 3338 347 3408 patrem.
393 3328 511 3389 numina
541 3345 609 3387 veru
630 3321 854 3404 parllticipialia‚
884 3343 959 3403 quac
981 3325 1098 3386 neniina
1121 3327 1195 3385 liunt
1215 3342 1249 3383 ex
1270 3323 1361 3402 parti-

63 3429 145 3508 cipiis
165 3429 302 3491 instantis
324 3430 480 3510 temporiS,
502 3429 673 3508 genetivum.
686 3425 856 3499 admittunt,
878 3427 956 3488 velut
977 3445 1079 3487 amans
1102 3425 1278 3496 amicorum,
1298 3442 1360 3484 ser-

66 3646 137 3698 l-ii
156 3647 183 3697 N
196 3643 284 3706 ΗΜ,
301 3654 311 3695 1
331 3649 400 3714 lncip
416 3648 451 3698 lib
469 3648 492 3697 V
512 3646 543 3697 de
560 3644 721 3695 laidicmatib:
788 3640 815 3708 ll
830 3645 863 3695 οἳ
881 3661 912 3695 ea

326 3750 472 3801 Hidiomata
502 3752 518 3813 ‘l
546 3733 570 3800 si
602 3750 628 3798 ni
657 3764 713 3798 eme
742 3745 781 3796 uis
819 3747 950 3796 innumere

326 3852 396 3886 more
419 3836 548 3886 efferimus
569 3844 593 3885 et
618 3836 633 3885 ri
657 3835 734 3885 secuir
756 3849 847 3900 grecos

328 3936 385 3971 mue
413 3924 428 3971 ῐι
456 3937 489 3971 ex
517 3923 631 3988 generib:
658 3922 762 3973 nominis
792 3919 855 3968 llunt
880 3923 897 3982 (l

327 4024 384 4058 rum
407 4023 454 4057 nos
477 4009 577 4059 habem:
602 4024 660 4058 nam
682 4010 714 4059 cir
740 4006 797 4057 dnTs
822 4005 864 4053 hic
893 4005 1008 4053 horrere
1029 4037 1173 4050 .....
1198 4000 1223 4049 lit

323 4097 356 4160 ap
383 4110 430 4145 nes
459 4098 514 4146 mai

129 4231 248 4296 Integroa
264 4249 353 4283 vereris
370 4235 429 4298 legit
446 4234 547 4283 Pierius
634 4234 650 4280 2
674 4239 732 4281 sunt
755 4233 781 4279 in
803 4242 918 4278 seminare
937 4235 1022 4275 runtro
1044 4224 1238 4275 innumerabilia
1257 4222 1360 4285 quidem

64 4300 153 4350 debent
170 4317 236 4351 esse.
274 4302 309 4351 lia
327 4303 392 4351 enim
410 4312 469 4351 sunt
485 4304 569 4351 omnia
586 4315 651 4364 quae
666 4316 713 4365 pro
731 4308 816 4349 nostro
835 4313 904 4347 incre
924 4297 1053 4346 efferimus
1072 4303 1166 4344 tautum
1186 4294 1266 4343 secuti
1284 4307 1359 4355 grae-

63 4384 113 4447 cos.
151 4370 202 4488 'beri
222 4378 249 4418 ut
266 4370 378 4421 breuiter
395 4372 510 4421 dieamus
527 4388 548 4421 ω
632 4375 731 4434 4quae
746 4378 833 4419 contra
851 4381 946 4416 morem
965 4380 1112 4430 graecorum
1130 4381 1152 4413 ω
1243 4361 1360 4412 elienor

62 4452 162 4504 ητιμη
198 4447 247 4489 tw

130 4637 197 4688 lus
216 4635 398 4702 rnronarrevs]
424 4636 502 4684 Diem
520 4652 548 4698 p.
567 4635 620 4685 290
637 4650 692 4697 sqq.
779 4631 999 4697 tirepPeriturN
1085 4629 1117 4680 16
1133 4644 1194 4694 sepe
1209 4626 1363 4688 N,utmidi

62 4706 200 4767 videbatur,
221 4720 356 4769 semperw
425 4704 508 4754 edun
527 4703 632 4752 duritN
650 4717 699 4753 uon
719 4702 819 4751 [luntre
1087 4779 1151 4840 19*
