3114 5356
214 298 274 361 132
781 294 948 358 (1111111811
1070 310 1074 317 ·

286 444 292 458 .
348 443 354 457 .
440 443 446 456 .
1112 397 1114 399 ’
1374 407 1422 448 ,τε
1436 404 1460 446 ι.

269 414 407 548 Ι,1111111
422 414 557 559 laebetis,
585 493 616 544 ut
642 481 741 544 militis
767 482 877 561 segetis
902 480 1017 543 comitis
1046 479 1166 554 teretis;
1194 486 1224 539 et
1252 420 1452 557 omniapquae
1480 496 1512 537 es

216 596 348 667 correpta
373 587 580 661 terminantur,
604 584 735 664 genetivo
759 583 796 644 tis
818 582 926 663 syllaba
944 583 1098 657 finientur,
1120 581 1248 661 exceptis
1270 579 1377 641 residis
1399 578 1511 641 obsidis

215 689 325 751 desidis
339 686 353 770 Η
367 689 551 761 nominibus,
578 688 645 766 quia
668 706 702 748 er
723 686 811 749 verbo
833 692 1017 764 generantur.

299 789 410 851 Hebem
433 789 576 853 Caecilius
599 779 882 871 in‘rmpottpatp,

382 891 510 954 subito
529 911 590 953 res
612 891 773 953 reddent
794 887 932 952 hobam.
1521 908 1536 950 a

216 993 328 1057 Ennius
348 992 410 1056 xvi
436 1022 455 1058 o
491 993 540 1056 uhi
566 993 608 1055 ll.
633 993 728 1073 Caper
755 995 831 1053 ‘non
859 999 892 1050 ut
920 989 1084 1050 adiunctiro
1112 989 1164 1050 sed
1191 987 1365 1068 appellativo
1394 992 1441 1047 est
1468 984 1511 1046 lo·

217 1101 324 1160 cutus’.

300 1196 393 1258 Homo
421 1196 547 1258 hominis
576 1205 605 1257 et
631 1214 699 1258 caro
728 1195 824 1256 carnis
852 1202 881 1255 et
902 1195 975 1257 Anio
995 1194 1129 1269 Anienis,
1159 1195 1224 1273 quia
1247 1199 1364 1274 praeter
1386 1192 1510 1252 tonnam

215 1316 271 1359 nec
291 1306 323 1359 ut
346 1297 400 1358 tiro
417 1296 484 1359 leno
506 1299 573 1361 Piso
595 1297 792 1371 declinantur,
812 1296 918 1358 debilia
938 1307 1154 1377 nuncupantur.

299 1399 392 1460 Heres
422 1400 539 1462 heredis
566 1400 677 1487 tacite
711 1398 806 1460 littera
828 1397 1004 1474 subindena,
1034 1406 1067 1460 ut
1089 1397 1238 1460 Pericletis
1260 1404 1289 1457 et
1312 1395 1506 1458 Stratocletis.
1523 1416 1548 1459 aa

216 1501 285 1581 quid
306 1501 393 1578 igitur
417 1509 463 1563 est
486 1501 564 1579 quod
587 1500 765 1580 grammatici
788 1500 931 1563 definiunt
955 1521 987 1564 es
1009 1501 1090 1564 finita
1108 1500 1226 1562 nomina
1248 1498 1428 1560 nominativo
1449 1500 1510 1560 sin·

216 1602 325 1682 gulari,
354 1603 379 1663 si
407 1601 466 1664 sint
487 1602 605 1675 Latina,
633 1603 662 1664 in
681 1603 814 1682 genetivo
836 1603 913 1665 deeti
934 1622 993 1665 non
1016 1599 1126 1684 posse?
1168 1600 1265 1663 ridere
1287 1619 1346 1661 non
1374 1619 1509 1681 possum,

215 1703 272 1766 nisi
299 1705 373 1765 forte
397 1723 432 1765 ea
457 1684 568 1765 tantum
595 1712 698 1784 putent
726 1722 800 1783 quae
827 1725 859 1767 es
890 1715 1023 1787 correpta
1048 1703 1222 1777 cluduntur,
1250 1708 1283 1761 ut
1304 1719 1394 1781 eques
1417 1702 1510 1783 pedes

216 1806 304 1867 obses
327 1804 444 1867 satelles
467 1811 553 1866 teres.
598 1813 675 1869 teres
695 1815 789 1868 antem
813 1809 913 1871 teretis
935 1809 1022 1872 debet
1040 1810 1144 1870 lacere.

299 1906 415 1970 Humile
432 1907 469 1969 de
492 1907 609 1968 homine
630 1907 742 1988 aliquo,
765 1918 796 1970 ut
816 1910 994 1992 Pomponius
1014 1909 1166 1973 Secundus
1188 1906 1218 1968 in
1242 1908 1338 1967 danea
1360 1908 1420 1966 ‘ex
1442 1904 1509 1966 hu·
1524 1923 1548 1968 u

214 2009 304 2072 mile
325 2011 448 2089 rege’3
472 2008 573 2070 humili
595 2009 732 2086 ablativo,
756 2013 782 2073 si
803 2031 851 2075 res
874 2023 927 2075 est.

299 2110 430 2174 ‘Herculi
451 2130 504 2191 pro
519 2104 663 2174 Herculfl
675 2123 704 2173 et
716 2113 788 2174 Vlixi
810 2135 863 2194 pro
883 2114 970 2176 huius
989 2113 1076 2175 Vlixis
1098 2112 1153 2173 dici
1177 2119 1312 2191 coeptum
1335 2114 1391 2172 est'
1414 2109 1511 2188 inquit

216 2213 326 2276 Plinius
346 2213 448 2275 eodem
470 2211 544 2273 libro
565 2213 617 2288 Vl,
640 2216 790 2293 ‘quoniam
811 2214 923 2293 regula'
945 2215 1039 2295 inquit
1062 2213 1138 2286 ‘illa,
1169 2213 1193 2273 si
1216 2213 1348 2292 genetivo
1368 2203 1510 2290 singulari
1552 2264 1556 2269 .

215 2336 268 2389 ους
293 2315 397 2377 litteris
427 2315 544 2376 nomina
568 2316 707 2377 finientur
735 2317 861 2392 Graeca,
890 2316 967 2378 reiut
995 2316 1048 2375 τοῦ
1070 2304 1225 2392 Εὐμένους
1251 2314 1304 2374 τοῦ
1335 2310 1511 2392 Διογένους,

216 2425 333 2479 nostros
353 2435 471 2496 quoque
489 2417 576 2478 huius
599 2417 739 2480 Eumenis
768 2419 856 2480 huius
875 2418 1013 2497 Diogenis
1032 2425 1149 2498 oportet
1170 2419 1332 2499 proterre’3
1354 2425 1383 2476 at
1407 2416 1432 2476 si
1455 2413 1550 2479 vorin

153 2594 157 2603 Ι
214 2510 381 2600 Εὐριπίδου
407 2519 462 2580 τοῦ
483 2511 623 2599 Χρύσου,
650 2529 720 2582 tunc
740 2521 856 2584 (lunum
874 2529 1030 2583 nostross
1057 2521 1228 2582 subtrahere
1249 2518 1365 2580 debere.
1411 2520 1510 2597 itaque

215 2621 302 2682 huius
335 2619 467 2700 Eruipidi
493 2623 595 2702 Chrysi
625 2622 730 2683 debere
763 2623 892 2696 censeri,
923 2630 954 2683 ut
986 2622 1116 2684 ‘tortis
1144 2621 1293 2683 Achati'
1328 2629 1357 2682 et
1388 2621 1510 2682 ‘acris

215 2721 374 2784 Oronti'.
418 2722 471 2784 sed
493 2732 609 2799 nostra,
631 2725 742 2802 inquit,
766 2734 844 2787 aetas
867 2725 895 2785 in
916 2732 1007 2785 totum
1029 2725 1115 2786 istam
1132 2723 1354 2786 declinationem
1374 2722 1509 2784 abolevit

214 2822 333 2885 dehillis
356 2822 434 2883 enirn
451 2823 549 2902 potius
571 2833 601 2885 et
625 2826 759 2889 Herculis
781 2837 810 2889 et
832 2827 878 2889 his
898 2826 978 2906 paria
1000 2847 1054 2907 per
1076 2847 1090 2888 s
1110 2827 1241 2888 dicimus.

299 2922 409 3002 Hepur
429 2921 561 3001 hepatis.
605 2907 686 3008 ἧπαρ
710 2912 789 3009 ἦμαρ
817 2927 868 3008 ἔαρ
895 2917 976 3006 ὕδωρ
1004 2926 1091 3008 κρέας
1120 2926 1208 3002 δέπας
1241 2926 1328 3008 κέρας
1356 2923 1444 3007 τέρας
1472 2939 1544 2987 nera

215 3026 291 3107 apud
313 3026 395 3106 ipsos
415 3023 531 3104 quidem
553 3026 680 3089 Graecos
700 3030 842 3093 rationem
864 3029 1065 3094 dominationis
1088 3040 1195 3093 certam
1217 3040 1316 3092 tenere
1339 3036 1507 3111 potueruut.

299 3126 366 3188 lrim
385 3146 439 3208 pro
460 3126 565 3190 lridem
590 3129 669 3193 Maro
691 3133 834 3194 Aeneidos
856 3131 948 3207 vllfl,

287 3296 291 3305 ¹
380 3229 466 3291 lrim
489 3231 530 3292 de
553 3232 657 3294 caelo
680 3233 783 3296 misit
803 3233 980 3296 Saturnia
1002 3235 1110 3311 luno,

215 3350 281 3393 eum
310 3340 425 3395 constet
452 3334 548 3395 omnia
575 3333 701 3397 Graecae
728 3336 838 3415 figurae
859 3335 1036 3398 nominativo
1061 3335 1200 3417 singulari
1231 3334 1255 3397 is
1278 3333 1388 3415 syllaba
1410 3334 1510 3397 termi-

215 3443 282 3497 nata
310 3436 442 3514 genetivo
469 3437 608 3516 singulari
635 3438 745 3518 syllaba
768 3458 918 3512 crescere,
940 3439 1007 3500 licet
1030 3442 1118 3502 Varro
1142 3449 1171 3502 et
1192 3438 1304 3500 Tullius
1327 3446 1356 3498 et
1379 3439 1508 3511 Cincius,
1521 3459 1546 3503 aa

215 3544 247 3598 ut
267 3535 303 3597 de
324 3539 470 3626 consortio
495 3559 615 3601 casuum
638 3539 777 3615 diximus,
803 3540 890 3602 huius
910 3540 1029 3623 Sarapis
1050 3551 1079 3603 et
1101 3542 1188 3603 huius
1210 3540 1266 3603 lsis
1285 3540 1430 3603 dmeriat.

215 3770 249 3823 20
282 3771 309 3820 Ν
323 3779 342 3820 u
358 3778 377 3829 a,
396 3777 410 3819 2
444 3782 544 3825 nostros
562 3788 660 3839 quoque

125 3961 128 3965 ’
214 3991 294 4026 nonos
314 3984 339 4026 et
359 3990 486 4029 cerumaoc
503 3976 527 4025 N
553 3980 612 4041 quia
636 3973 749 4042 μέμνων
772 3971 932 4042 μὲμνωνος,
964 3986 988 4028 et
1017 3973 1104 4027 σι’νων
1126 3975 1247 4034 σίνωνος
1271 3977 1414 4032 Fabricius.
1442 3981 1511 4029 maai

214 4062 279 4113 quae
294 4046 326 4096 ad
344 4049 399 4110 ipso
415 4049 576 4111 premandae
594 4050 726 4098 decurtata
742 4062 799 4097 ease
821 4048 936 4098 uidentar
957 4055 1066 4112 mutare,
1090 4064 1234 4114 paumannos
1251 4048 1287 4096 ita
1303 4046 1362 4111 sere
1379 4052 1404 4100 ia
1420 4049 1510 4099 meten

213 4119 336 4167 rationem
356 4116 434 4167 verba
457 4119 573 4167 revocari
593 4127 726 4183 poterant,
749 4118 808 4181 quia
829 4113 957 4182 Μέμνων
975 4111 1129 4182 Μέμνονος
1153 4127 1178 4168 et
1202 4115 1300 4166 Σίνων
1318 4115 1451 4176 Elaver
1469 4120 1509 4169 ai·

214 4195 271 4236 eunt
301 4201 347 4236 nos
365 4200 465 4250 quoque
484 4187 624 4239 Memnonis
643 4195 666 4236 et
683 4185 785 4237 Sinonis
801 4195 826 4237 et
843 4189 949 4238 eandem
965 4203 1021 4254 sqq.
1040 4188 1076 4251 cs.
1095 4190 1224 4239 Priaeiam
1241 4201 1269 4250 p.
1288 4186 1340 4237 aut)
1426 4188 1441 4239 1
1460 4187 1511 4239 fla-

214 4224 387 4322 boellcaaru.
405 4272 431 4320 p.
453 4256 493 4307 lii.
510 4256 543 4307 53
629 4271 743 4321 quaes.
762 4258 921 4322 eorreptaN
1005 4261 1022 4310 5
1045 4267 1112 4308 reste
1129 4259 1235 4308 reddent
1253 4257 1349 4308 liebem
1369 4238 1402 4309 Β
1423 4273 1467 4310 rea
1485 4268 1512 4310 te

214 4327 320 4376 reddent
336 4326 426 4377 hebent
443 4327 549 4377 Boura
564 4334 632 4390 poet.
649 4343 719 4377 acen.
736 4325 798 4377 Lat.
818 4329 842 4378 V
860 4330 876 4379 2
892 4344 920 4391 p.
936 4328 986 4379 138
1055 4329 1072 4379 8
1089 4326 1180 4394 Homo]
1198 4327 1232 4390 cs.
1253 4326 1352 4381 Clark.
1366 4342 1396 4392 p.
1412 4328 1448 4380 47

217 4397 249 4447 ta
267 4394 380 4462 satelles]
399 4395 466 4447 sales
485 4397 509 4447 N
597 4398 628 4448 15
647 4397 804 4448 incoenata
823 4398 848 4446 in
868 4397 952 4448 Caena
968 4398 1115 4462 murm,
1138 4399 1206 4463 quod
1219 4396 1339 4462 probavit
1359 4398 1514 4450 Welchm

215 4466 247 4515 de
264 4474 332 4530 trop.
353 4467 444 4517 Graec.
467 4468 624 4529 triptota
711 4467 742 4517 17
759 4465 836 4516 huius
853 4467 931 4517 ulixis
945 4469 1027 4532 inquit
1045 4469 1095 4519 diei
1113 4477 1230 4534 coeptum
1248 4475 1285 4517 eat
1303 4468 1400 4533 plinius
1416 4468 1445 4518 Ν

217 4534 250 4585 18
266 4534 397 4602 quoniam]
415 4537 463 4601 qr'ro
481 4537 506 4585 Ν
524 4535 651 4599 quomodo
668 4550 690 4584 ω
708 4536 809 4600 quondo
827 4536 1014 4588 Lindemann
1100 4538 1132 4589 21
1152 4535 1177 4602 s]
1199 4537 1240 4585 .1’.
1260 4536 1287 4585 N
1302 4553 1319 4587 u
1336 4553 1358 4588 ω
1376 4541 1513 4591 amada

214 4603 401 4656 Lindemanaua
480 4609 514 4657 22
531 4619 634 4657 censere
650 4605 677 4654 Ν
744 4613 771 4655 ut
789 4606 921 4658 a'aurimo
935 4617 959 4658 et
977 4608 1003 4658 Ν
1075 4603 1160 4670 sortis]
1184 4608 1262 4672 Vop.
1281 4607 1346 4657 Aen.
1365 4608 1513 4661 traciam

214 4672 287 4723 fortis
302 4675 413 4725 Achatae
500 4674 586 4742 aeris]
613 4675 693 4740 Verp.
712 4676 775 4724 Aen.
800 4676 879 4726 1220
898 4692 964 4728 uiroc
981 4679 1047 4728 aeris
1066 4677 1152 4729 Oronti
1240 4676 1274 4728 25
1297 4677 1384 4744 Hepar
1406 4677 1513 4745 hepatis

102 4799 107 4810 Ι
215 4757 261 4794 oar.
282 4742 309 4791 N
324 4760 385 4794 aooo
401 4748 472 4795 adulo
494 4761 564 4810 mear
589 4745 695 4795 ananau
717 4761 769 4795 eum
792 4749 924 4809 napertore
947 4750 1089 4798 continuato
1177 4747 1210 4796 27
1230 4760 1277 4813 pro
1299 4747 1392 4798 iridem
1414 4764 1439 4799 aa
1482 4764 1513 4800 ro

214 4810 279 4860 iride
297 4812 324 4861 N
392 4816 447 4864 aeri.
464 4814 544 4868 Villi.
563 4814 596 4863 Ν.
614 4818 671 4866 ν,2
742 4813 774 4866 dl
794 4815 826 4864 de
843 4818 970 4866 consortio
988 4812 1105 4883 manum]
1122 4815 1196 4879 aaa
1266 4816 1380 4868 dixerint
1392 4830 1440 4872 aa.
