3114 5356
629 308 836 371 PRAEFATIO
1323 331 1378 372 rvu

74 491 270 578 pronomine
293 498 326 552 et
348 480 449 555 verbo
456 539 465 571 ,
491 488 598 554 Servii
626 490 667 553 de
695 492 818 554 ultimis
847 491 983 578 syllabis
1011 491 1147 575 librum,
1178 491 1218 555 de
1246 490 1375 576 litteris,

76 592 117 656 de
140 589 321 677 generibus
337 593 520 672 nominum,
545 589 673 654 Phocae
688 600 789 655 artem
813 593 1069 677 grammaticam.
1115 615 1157 657 ex
1170 593 1222 656 his
1239 615 1375 680 eaquae

76 692 118 756 ad
138 692 329 756 Charisium
347 692 511 776 pertinent
533 690 647 754 eadem
668 711 768 754 manu
789 702 886 778 atque
906 693 1033 781 reliqua
1053 696 1088 758 in
1109 695 1222 780 primis
1244 692 1375 759 schedis

79 815 197 856 novem
225 791 348 876 scripta
374 799 466 870 sunt,
490 791 581 855 nulla
605 792 816 877 inscriptione
836 794 889 857 vel
909 796 949 858 iis
973 795 1105 859 indiciis
1130 795 1251 881 quibus
1279 797 1375 860 initia

77 895 227 957 codicum
252 893 362 957 ornari
383 889 489 953 solent
511 891 706 978 significata.
730 915 925 981 quamquam
950 895 1053 978 igitur
1076 894 1165 958 aliud
1188 895 1375 959 detrimenti

78 992 235 1057 indicium
258 1013 323 1056 non
349 988 506 1078 praebent
525 993 751 1075 membranae,
780 1004 888 1058 tamen
909 1019 974 1061 non
995 995 1105 1059 nullae
1127 994 1283 1076 schedae,
1305 997 1374 1081 qui-

78 1092 139 1155 bus
162 1115 248 1179 qnae
271 1092 312 1156 dc
334 1091 469 1177 reliquis
491 1093 639 1180 partibus
661 1096 816 1159 orationis
842 1096 876 1159 in
896 1099 999 1182 primo
1023 1103 1055 1159 et
1077 1094 1220 1175 secundo
1242 1092 1325 1157 libro
1353 1115 1374 1156 a

79 1192 229 1257 Charisio
251 1192 374 1257 tradita
397 1203 474 1255 sunt
495 1194 646 1259 similiter
668 1195 890 1282 conprehensa
912 1196 1049 1279 fuerint,
1072 1197 1187 1261 deesse
1209 1195 1373 1278 videntur,
1413 1254 1423 1266 ,

79 1314 181 1378 eaque
211 1315 312 1356 causa
341 1294 405 1357 fuit
436 1317 494 1357 cur
518 1294 737 1378 fragmentum
765 1296 888 1360 codicis
918 1319 989 1361 esse
1018 1297 1169 1362 dicerem.
1214 1297 1375 1383 scriptura

78 1391 153 1456 libri
184 1395 231 1456 ita
249 1416 323 1457 cum
345 1393 561 1481 Neapolitano
583 1397 746 1461 consentit
767 1407 818 1481 ut,
842 1419 916 1461 cum
937 1397 1042 1463 obiter
1061 1421 1128 1463 rem
1150 1396 1309 1461 iudicanti
1331 1418 1374 1460 ex
1487 1472 1490 1478 1

79 1516 116 1556 66
144 1495 216 1580 ipso
239 1494 410 1559 Parisinus
439 1495 621 1584 descriptus
651 1519 724 1561 esse
750 1496 855 1561 videri
877 1499 995 1582 possit,
1022 1498 1142 1562 habeat
1161 1506 1269 1560 tamen
1289 1519 1374 1584 quae

81 1595 199 1657 rectius
222 1618 263 1659 ex
287 1598 450 1660 communi
471 1599 641 1686 utriusque
661 1597 837 1683 archetypo
851 1607 982 1664 servato
998 1621 1070 1664 esse
1084 1599 1251 1700 adpareat.
1279 1599 1373 1662 cuius

79 1695 124 1758 rei
153 1715 254 1758 nnnrn
284 1695 579 1761 luculentissimum
607 1697 792 1783 exemplum
815 1698 946 1763 adferre
968 1699 1090 1763 sufficit
1112 1702 1372 1785 supplementum

79 1795 165 1882 qnod
186 1796 222 1859 in
243 1787 427 1881 fragmento
447 1799 543 1863 Calvi
559 1801 635 1881 229,
652 1803 754 1886 9sqq.
778 1800 955 1885 praestitit:
978 1798 1021 1862 cf.
1036 1810 1207 1885 praeterea
1225 1802 1302 1883 224,
1319 1803 1370 1864 27.

79 1897 155 1976 233,
182 1899 230 1959 ll.
252 1900 331 1980 236,
357 1901 407 1962 30.
433 1903 505 1980 248,
532 1903 580 1964 19.
621 1904 736 1966 berum
756 1910 863 1964 tamen
887 1909 924 1963 ut
945 1902 1085 1985 exiguus
1108 1901 1177 1965 eius
1196 1900 1273 1965 libri
1294 1922 1373 1965 usus

79 2007 164 2060 esset
182 1999 324 2083 insignis
339 1999 546 2085 neglegentia
563 2001 672 2065 effecit
687 2000 823 2065 librarii.
859 2020 934 2063 narn
949 2023 1015 2065 non
1036 2000 1139 2065 solum
1156 2002 1265 2065 omnia
1278 2002 1373 2067 vitio·

79 2099 206 2161 sissima
222 2099 345 2184 scripta
360 2110 392 2163 et
411 2100 518 2165 foedis
539 2101 704 2166 erroribus
722 2103 893 2188 inquinata
908 2101 967 2165 sed
981 2102 1137 2189 conplura
1152 2103 1250 2166 etiam
1269 2123 1372 2187 pravo

80 2199 214 2262 consilio
235 2199 356 2263 omissa
376 2210 462 2266 sunt.
494 2213 567 2287 post
589 2225 628 2266 ea
646 2205 732 2267 enim
752 2225 835 2289 quae
852 2202 893 2266 de
915 2202 1143 2267 coniunctione
1166 2210 1199 2266 et
1218 2199 1258 2265 de
1280 2224 1372 2288 prae·

79 2299 239 2382 positione
259 2301 378 2364 vitiose
399 2302 530 2387 quidem
538 2353 547 2386 ,
567 2312 601 2368 at
620 2301 715 2388 plene
727 2311 836 2365 tamen
849 2296 1047 2387 transcripta
1063 2311 1139 2365 sunt
1155 2302 1190 2366 in
1205 2300 1271 2366 illis
1288 2325 1372 2389 quae

81 2398 118 2461 de
141 2401 366 2466 interiectione
389 2424 409 2464 a
432 2400 516 2467 lulio
539 2404 687 2468 Romano
706 2411 843 2489 excepta
863 2411 1018 2468 secuntur
1044 2400 1154 2465 titulos
1177 2410 1304 2467 tantum
1325 2405 1372 2468 in-

80 2502 304 2564 teriectionum
325 2501 471 2566 breviter
487 2505 612 2568 rettulit
629 2504 802 2586 librarius,
824 2502 974 2587 exempla
996 2501 1190 2587 scriptorum
1210 2525 1293 2588 quae
1316 2503 1372 2568 ad·

80 2603 200 2686 scripta
222 2610 298 2665 sunt
311 2624 444 2687 prorsus
457 2603 619 2686 neglexit,
644 2604 762 2668 deindo
780 2605 815 2666 in
833 2604 929 2667 tertio
944 2602 1029 2666 libro
1047 2600 1088 2664 ad
1103 2605 1258 2666 maiorem
1273 2603 1372 2666 fidem

80 2725 114 2764 se
135 2703 320 2786 revocavit,
342 2703 453 2768 sedin
473 2703 538 2767 fine
554 2704 630 2768 libri
653 2709 771 2770 iterum
786 2703 928 2789 plurima
948 2702 1068 2768 omisit.
1101 2702 1135 2765 in
1156 2711 1249 2766 tanta
1270 2704 1372 2787 igitur

79 2802 152 2865 libri
175 2803 410 2889 depravatione
433 2827 474 2868 ne
501 2827 573 2870 cum
598 2827 724 2871 summa
742 2804 907 2886 molestia,
930 2826 991 2867 usu
1013 2812 1120 2868 autem
1144 2803 1251 2885 nullo,
1272 2806 1372 2890 scrip·

77 2913 169 2967 turae
188 2904 269 2966 vitia
284 2902 522 2987 exscriberem,
542 2927 614 2969 earn
630 2907 789 2970 rationem
808 2913 938 2969 secutus
957 2927 1028 2969 sum
1048 2914 1085 2968 ut
1103 2913 1277 2968 eatantum
1289 2926 1372 2992 quae

77 2999 220 3090 aliquam
243 3005 418 3070 utilitatem
439 3005 560 3070 hahere
582 3006 772 3072 viderentur
794 3007 1000 3086 adnotarem,
1024 3004 1152 3091 reliqua
1179 3007 1372 3069 omitterem.

77 3127 178 3191 quare
200 3105 241 3169 de
263 3105 313 3169 his
338 3104 508 3170 dumtaxat
531 3130 614 3194 quae
637 3129 733 3194 quem
757 3105 956 3172 admodum
986 3106 1020 3169 in
1048 3105 1160 3169 codice
1186 3105 1372 3190 legerentur

77 3205 158 3291 ipsis
179 3205 290 3270 verbis
309 3206 470 3293 adpositis
493 3208 672 3272 indicatum
695 3214 745 3270 est
766 3215 890 3271 certum
913 3227 985 3270 esse
1014 3204 1171 3270 iudicium
1194 3205 1314 3286 volui,
1330 3205 1372 3269 de

76 3307 312 3392 reliquissem
333 3308 367 3370 in
388 3307 506 3395 quibus
528 3308 609 3373 nihil
632 3309 822 3374 adnotatum
848 3318 899 3372 est
919 3304 1043 3370 nullam
1073 3326 1116 3369 ex
1142 3305 1272 3370 silentio
1295 3327 1371 3398 con·

77 3407 234 3470 iecturam
256 3408 346 3493 capi,
368 3418 499 3495 praeter
512 3409 603 3473 illam
624 3407 756 3495 quidem
763 3407 874 3491 ,nihil
894 3404 980 3495 quod
995 3404 1151 3469 memoria
1173 3406 1308 3489 dignum
1329 3408 1373 3471 sit

77 3510 113 3573 in
134 3531 173 3574 eo
193 3509 277 3573 libro
299 3509 451 3573 inveniri.

146 3607 241 3673 'Alia
266 3608 502 3673 emendationis
529 3607 695 3693 praesidia
723 3607 840 3671 studiis
871 3608 1052 3671 recentium
1076 3606 1372 3690 grammaticorum,

78 3710 134 3796 qui
156 3709 233 3773 inde
254 3708 297 3772 ab
319 3719 434 3774 octavo
457 3710 526 3773 lere
541 3709 671 3774 saeculo
693 3708 796 3773 libros
817 3706 958 3772 Charisii
982 3707 1242 3792 exscripserunt,
1257 3715 1373 3790 parata

78 3818 164 3874 sunt.
209 3830 287 3873 nam
321 3833 393 3875 cum
428 3812 569 3876 excitato
601 3813 635 3873 in
662 3809 864 3873 Francorum
896 3808 1032 3894 imperio
1069 3806 1208 3869 Latinae
1240 3805 1372 3891 linguae

78 3909 186 3972 studio
205 3919 237 3972 61
259 3918 387 3974 veteres
409 3911 616 3997 grammatici
633 3910 741 3973 acrius
756 3918 975 3976 tractarentur
989 3917 1022 3971 et
1042 3907 1119 3971 novi
1139 3905 1233 3989 libri,
1251 3907 1371 3992 quibus

77 4008 131 4073 vel
149 4009 345 4076 discentium
368 4010 421 4075 vel
443 4011 628 4075 docentium
643 4011 717 4073 usni
734 4009 974 4091 consuleretur,
991 4030 1011 4071 a
1025 4006 1135 4072 multis
1151 4027 1371 4092 conponeren-

77 4121 145 4191 tur,
169 4113 203 4174 in
223 4133 336 4175 eorum
359 4112 552 4199 scriptorum
573 4131 709 4175 numero
731 4110 876 4196 quitum
898 4111 1040 4174 maxime
1061 4094 1288 4174 tractabantur
1302 4105 1373 4168 -fuit

80 4210 260 4301 Charisius.
305 4234 369 4300 qno
391 4211 580 4276 factumest
599 4219 637 4274 ut
656 4212 691 4275 in
708 4199 928 4294 grammaticis
949 4209 1042 4274 libris
1059 4210 1115 4275 illo
1130 4219 1275 4293 tempore
1296 4226 1373 4267 con·

78 4312 174 4377 sectis
196 4314 299 4377 mnlta
320 4333 338 4374 6
357 4308 498 4374 Charisii
527 4317 597 4374 arte
625 4309 678 4374 vel
706 4309 869 4400 descripta
896 4309 950 4375 vel
973 4311 1006 4372 in
1028 4311 1214 4375 breviorem
1234 4306 1372 4370 formam

79 4413 212 4479 redacta
231 4413 465 4499 reciperentur.
499 4433 582 4497 qnae
603 4410 680 4496 quia
701 4409 797 4475 aliter
810 4409 852 4473 ab
873 4409 949 4475 aliis
965 4410 1142 4476 constituta
1155 4416 1246 4489 sunt,
1268 4405 1385 4471 nomi.

79 4513 174 4578 nibus
210 4514 360 4578 codicum
389 4512 508 4599 qnibns
533 4510 695 4575 debentur
728 4509 888 4598 adpositis
922 4519 1078 4596 excerpta
1105 4505 1272 4593 appellare
1296 4526 1372 4570 con·

80 4616 181 4680 suevi.
228 4613 381 4702 equibus
401 4614 564 4698 excerptis
579 4615 719 4699 primum
741 4610 847 4674 locum
867 4618 981 4675 tenent
1002 4629 1041 4672 ca
1062 4608 1201 4694 quaein
1215 4606 1373 4671 analectis

78 4717 301 4801 grammaticis
316 4713 359 4778 ab
376 4712 592 4782 Eichenfeldo
614 4723 646 4776 et
660 4711 860 4776 Endlichero
885 4709 1099 4775 Vindobonac
1120 4727 1150 4769 a.
1174 4707 1254 4771 1837
1275 4706 1375 4772 editis

77 4834 111 4901 p.
131 4820 279 4882 75-124
309 4838 328 4880 6
356 4813 469 4878 codice
490 4812 740 4878 Vindobonensi
773 4814 810 4874 16
837 4811 966 4876 saeculo
996 4808 1133 4895 septimo
1163 4806 1217 4871 vel
1242 4807 1375 4870 ineunte

127 4938 337 4989 murres
357 4937 471 4980 111111
494 4937 517 4979 1.
1150 4911 1167 4962 b
