<?xml version="1.0" encoding="UTF-8"?>
<!DOCTYPE html PUBLIC "-//W3C//DTD XHTML 1.0 Transitional//EN"
    "http://www.w3.org/TR/xhtml1/DTD/xhtml1-transitional.dtd">
<html xmlns="http://www.w3.org/1999/xhtml" xml:lang="en" lang="en">
 <head>
  <title>
</title>
<meta http-equiv="Content-Type" content="text/html;charset=utf-8" />
  <meta name='ocr-system' content='tesseract 3.04.00' />
  <meta name='ocr-capabilities' content='ocr_page ocr_carea ocr_par ocr_line ocrx_word'/>
</head>
<body>
  <div class='ocr_page' id='page_1' title='image "./grammaticilatin02keilgoog_0098.png"; bbox 0 0 3114 5356; ppageno 0'>
   <div class='ocr_carea' id='block_1_1' title="bbox 195 321 1429 498">
    <p class='ocr_par' dir='ltr' id='par_1_1' title="bbox 195 321 1429 498">
     <span class='ocr_line' id='line_1_1' title="bbox 597 321 1429 396; baseline -0.014 0"><span class='ocrx_word' id='word_1_1' title='bbox 597 334 731 396; x_wconf 86' lang='lat' dir='ltr'><strong>lNS&#39;ll&#39;l.</strong></span> <span class='ocrx_word' id='word_1_2' title='bbox 756 331 865 394; x_wconf 85' lang='lat' dir='ltr'><strong>Glhlld.</strong></span> <span class='ocrx_word' id='word_1_3' title='bbox 884 330 956 392; x_wconf 89' lang='lat' dir='ltr'><strong>LlB.</strong></span> <span class='ocrx_word' id='word_1_4' title='bbox 979 331 991 392; x_wconf 95' lang='lat' dir='ltr'><strong>l</strong></span> <span class='ocrx_word' id='word_1_5' title='bbox 1388 321 1429 384; x_wconf 77' lang='lat'><strong>29</strong></span> 
     </span>
     <span class='ocr_line' id='line_1_2' title="bbox 195 437 1378 498; baseline -0.004 -11"><span class='ocrx_word' id='word_1_6' title='bbox 195 445 348 498; x_wconf 62' lang='lat' dir='ltr'><strong>nmen</strong></span> <span class='ocrx_word' id='word_1_7' title='bbox 1275 437 1378 495; x_wconf 67' lang='lat' dir='ltr'><strong>pun</strong></span> 
     </span>
    </p>
   </div>
   <div class='ocr_carea' id='block_1_2' title="bbox 125 511 1436 2008">
    <p class='ocr_par' dir='ltr' id='par_1_2' title="bbox 125 511 1436 2008">
     <span class='ocr_line' id='line_1_3' title="bbox 144 511 1432 596; baseline -0.003 -21"><span class='ocrx_word' id='word_1_8' title='bbox 144 525 216 576; x_wconf 84' lang='lat' dir='ltr'><strong>sum</strong></span> <span class='ocrx_word' id='word_1_9' title='bbox 236 518 410 594; x_wconf 75' lang='lat' dir='ltr'><strong>masculina,</strong></span> <span class='ocrx_word' id='word_1_10' title='bbox 433 520 481 581; x_wconf 85' lang='lat' dir='ltr'><strong>hio</strong></span> <span class='ocrx_word' id='word_1_11' title='bbox 501 521 587 583; x_wconf 89' lang='lat' dir='ltr'><strong>miles</strong></span> <span class='ocrx_word' id='word_1_12' title='bbox 610 540 718 596; x_wconf 85' lang='lat' dir='ltr'><strong>comes,</strong></span> <span class='ocrx_word' id='word_1_13' title='bbox 741 519 887 593; x_wconf 78' lang='lat' dir='ltr'><strong>feminina,</strong></span> <span class='ocrx_word' id='word_1_14' title='bbox 906 518 979 579; x_wconf 84' lang='lat' dir='ltr'><strong>haee</strong></span> <span class='ocrx_word' id='word_1_15' title='bbox 1001 533 1094 594; x_wconf 83' lang='lat' dir='ltr'><strong>seges</strong></span> <span class='ocrx_word' id='word_1_16' title='bbox 1130 521 1260 593; x_wconf 87' lang='lat' dir='ltr'><strong>quattuor</strong></span> <span class='ocrx_word' id='word_1_17' title='bbox 1280 511 1432 573; x_wconf 76' lang='lat' dir='ltr'><strong>inveniun-</strong></span> 
     </span>
     <span class='ocr_line' id='line_1_4' title="bbox 146 613 1430 699; baseline -0.002 -22"><span class='ocrx_word' id='word_1_18' title='bbox 146 626 196 678; x_wconf 90' lang='lat' dir='ltr'><strong>tur</strong></span> <span class='ocrx_word' id='word_1_19' title='bbox 215 637 291 697; x_wconf 87' lang='lat' dir='ltr'><strong>quae</strong></span> <span class='ocrx_word' id='word_1_20' title='bbox 312 623 480 699; x_wconf 77' lang='lat' dir='ltr'><strong>genetivum</strong></span> <span class='ocrx_word' id='word_1_21' title='bbox 500 624 647 686; x_wconf 80' lang='lat' dir='ltr'><strong>diversum</strong></span> <span class='ocrx_word' id='word_1_22' title='bbox 674 623 791 685; x_wconf 83' lang='lat' dir='ltr'><strong>iaciunt</strong></span> <span class='ocrx_word' id='word_1_23' title='bbox 836 639 904 683; x_wconf 86' lang='lat' dir='ltr'><strong>nam</strong></span> <span class='ocrx_word' id='word_1_24' title='bbox 932 637 999 681; x_wconf 89' lang='lat' dir='ltr'><strong>oum</strong></span> <span class='ocrx_word' id='word_1_25' title='bbox 1021 617 1116 679; x_wconf 91' lang='lat' dir='ltr'><strong>omnia</strong></span> <span class='ocrx_word' id='word_1_26' title='bbox 1138 617 1289 677; x_wconf 87' lang='lat' dir='ltr'><strong>ellerantur</strong></span> <span class='ocrx_word' id='word_1_27' title='bbox 1310 633 1363 695; x_wconf 92' lang='lat' dir='ltr'><strong>per</strong></span> <span class='ocrx_word' id='word_1_28' title='bbox 1384 613 1430 687; x_wconf 86' lang='lat' dir='ltr'><strong>tis,</strong></span> 
     </span>
     <span class='ocr_line' id='line_1_5' title="bbox 149 717 1433 800; baseline -0.001 -23"><span class='ocrx_word' id='word_1_29' title='bbox 149 720 227 782; x_wconf 79' lang='lat' dir='ltr'><strong>rehu</strong></span> <span class='ocrx_word' id='word_1_30' title='bbox 247 722 332 785; x_wconf 88' lang='lat' dir='ltr'><strong>miles</strong></span> <span class='ocrx_word' id='word_1_31' title='bbox 355 723 464 797; x_wconf 88' lang='lat' dir='ltr'><strong>militis,</strong></span> <span class='ocrx_word' id='word_1_32' title='bbox 487 745 586 788; x_wconf 89' lang='lat' dir='ltr'><strong>eomes</strong></span> <span class='ocrx_word' id='word_1_33' title='bbox 608 726 738 799; x_wconf 74' lang='lat' dir='ltr'><strong>eomitiS,</strong></span> <span class='ocrx_word' id='word_1_34' title='bbox 761 725 834 785; x_wconf 87' lang='lat' dir='ltr'><strong>haec</strong></span> <span class='ocrx_word' id='word_1_35' title='bbox 856 721 918 783; x_wconf 87' lang='lat' dir='ltr'><strong>sola</strong></span> <span class='ocrx_word' id='word_1_36' title='bbox 939 719 1101 800; x_wconf 82' lang='lat' dir='ltr'>genetivum</span> <span class='ocrx_word' id='word_1_37' title='bbox 1121 718 1233 799; x_wconf 82' lang='lat' dir='ltr'><strong>perdis</strong></span> <span class='ocrx_word' id='word_1_38' title='bbox 1256 717 1381 790; x_wconf 82' lang='lat' dir='ltr'><strong>iaciunt,</strong></span> <span class='ocrx_word' id='word_1_39' title='bbox 1403 724 1433 776; x_wconf 91' lang='lat' dir='ltr'><strong>et</strong></span> 
     </span>
     <span class='ocr_line' id='line_1_6' title="bbox 149 816 1432 908; baseline -0.004 -25"><span class='ocrx_word' id='word_1_40' title='bbox 149 832 218 884; x_wconf 78' lang='lat' dir='ltr'><strong>stant</strong></span> <span class='ocrx_word' id='word_1_41' title='bbox 236 824 320 899; x_wconf 86' lang='lat' dir='ltr'><strong>haee,</strong></span> <span class='ocrx_word' id='word_1_42' title='bbox 340 845 461 906; x_wconf 79' lang='lat' dir='ltr'><strong>praeses</strong></span> <span class='ocrx_word' id='word_1_43' title='bbox 480 828 632 908; x_wconf 86' lang='lat' dir='ltr'><strong>praesidis,</strong></span> <span class='ocrx_word' id='word_1_44' title='bbox 655 847 736 890; x_wconf 89' lang='lat' dir='ltr'><strong>reses</strong></span> <span class='ocrx_word' id='word_1_45' title='bbox 756 816 846 905; x_wconf 77' lang='grc' dir='ltr'><em>ἀργός</em></span> <span class='ocrx_word' id='word_1_46' title='bbox 867 823 983 898; x_wconf 87' lang='lat' dir='ltr'><strong>residis,</strong></span> <span class='ocrx_word' id='word_1_47' title='bbox 1005 822 1090 883; x_wconf 87' lang='lat' dir='ltr'><strong>deses</strong></span> <span class='ocrx_word' id='word_1_48' title='bbox 1112 820 1225 894; x_wconf 86' lang='lat' dir='ltr'><strong>desidis,</strong></span> <span class='ocrx_word' id='word_1_49' title='bbox 1245 818 1332 879; x_wconf 86' lang='lat' dir='ltr'><strong>obses</strong></span> <span class='ocrx_word' id='word_1_50' title='bbox 1353 817 1432 879; x_wconf 76' lang='lat' dir='ltr'><strong>obsi·</strong></span> 
     </span>
     <span class='ocr_line' id='line_1_7' title="bbox 127 920 1432 1008; baseline -0.007 -19"><span class='ocrx_word' id='word_1_51' title='bbox 127 925 213 1000; x_wconf 76' lang='lat' dir='ltr'><strong>edis3</strong></span> <span class='ocrx_word' id='word_1_52' title='bbox 236 926 302 989; x_wconf 89' lang='lat' dir='ltr'><strong>ideo</strong></span> <span class='ocrx_word' id='word_1_53' title='bbox 330 947 384 1008; x_wconf 91' lang='lat' dir='ltr'><strong>per</strong></span> <span class='ocrx_word' id='word_1_54' title='bbox 411 928 472 1003; x_wconf 74' lang='lat' dir='ltr'><strong>die,</strong></span> <span class='ocrx_word' id='word_1_55' title='bbox 502 931 578 1008; x_wconf 86' lang='lat' dir='ltr'><strong>quod</strong></span> <span class='ocrx_word' id='word_1_56' title='bbox 605 949 639 991; x_wconf 81' lang='lat' dir='ltr'><strong>en</strong></span> <span class='ocrx_word' id='word_1_57' title='bbox 662 930 757 991; x_wconf 80' lang='lat' dir='ltr'><strong>verbis</strong></span> <span class='ocrx_word' id='word_1_58' title='bbox 775 920 938 989; x_wconf 80' lang='lat' dir='ltr'><strong>trahuntur.</strong></span> <span class='ocrx_word' id='word_1_59' title='bbox 983 923 1113 1004; x_wconf 85' lang='lat' dir='ltr'><strong>exempla</strong></span> <span class='ocrx_word' id='word_1_60' title='bbox 1132 922 1329 983; x_wconf 73' lang='lat' dir='ltr'><strong>declinationis</strong></span> <span class='ocrx_word' id='word_1_61' title='bbox 1348 921 1377 981; x_wconf 91' lang='lat' dir='ltr'><strong>in</strong></span> <span class='ocrx_word' id='word_1_62' title='bbox 1400 940 1432 980; x_wconf 88' lang='lat' dir='ltr'><strong>es</strong></span> 
     </span>
     <span class='ocr_line' id='line_1_8' title="bbox 151 1022 1434 1108; baseline -0.004 -20"><span class='ocrx_word' id='word_1_63' title='bbox 151 1036 330 1108; x_wconf 70' lang='lat' dir='ltr'><strong>uomentem,</strong></span> <span class='ocrx_word' id='word_1_64' title='bbox 362 1031 411 1091; x_wconf 86' lang='lat' dir='ltr'><strong>hio</strong></span> <span class='ocrx_word' id='word_1_65' title='bbox 432 1029 515 1092; x_wconf 87' lang='lat' dir='ltr'><strong>miles</strong></span> <span class='ocrx_word' id='word_1_66' title='bbox 537 1031 654 1106; x_wconf 89' lang='lat' dir='ltr'><strong>militis,</strong></span> <span class='ocrx_word' id='word_1_67' title='bbox 682 1031 755 1091; x_wconf 86' lang='lat' dir='ltr'><strong>haee</strong></span> <span class='ocrx_word' id='word_1_68' title='bbox 779 1048 864 1108; x_wconf 81' lang='lat' dir='ltr'><strong>seges</strong></span> <span class='ocrx_word' id='word_1_69' title='bbox 892 1028 1008 1108; x_wconf 79' lang='lat' dir='ltr'><strong>segetis.</strong></span> <span class='ocrx_word' id='word_1_70' title='bbox 1054 1035 1181 1088; x_wconf 87' lang='lat' dir='ltr'><strong>nentrum</strong></span> <span class='ocrx_word' id='word_1_71' title='bbox 1208 1044 1266 1086; x_wconf 92' lang='lat' dir='ltr'><strong>non</strong></span> <span class='ocrx_word' id='word_1_72' title='bbox 1287 1022 1434 1086; x_wconf 86' lang='lat' dir='ltr'><strong>invenitur</strong></span> 
     </span>
     <span class='ocr_line' id='line_1_9' title="bbox 152 1128 948 1210; baseline 0.001 -21"><span class='ocrx_word' id='word_1_73' title='bbox 152 1128 206 1189; x_wconf 85' lang='lat' dir='ltr'><strong>nisi</strong></span> <span class='ocrx_word' id='word_1_74' title='bbox 227 1130 316 1191; x_wconf 82' lang='lat' dir='ltr'><strong>trium</strong></span> <span class='ocrx_word' id='word_1_75' title='bbox 336 1150 495 1210; x_wconf 82' lang='lat' dir='ltr'><strong>generum,</strong></span> <span class='ocrx_word' id='word_1_76' title='bbox 515 1133 563 1194; x_wconf 88' lang='lat' dir='ltr'><strong>hie</strong></span> <span class='ocrx_word' id='word_1_77' title='bbox 590 1134 710 1194; x_wconf 86' lang='lat' dir='ltr'><strong>ethaeo</strong></span> <span class='ocrx_word' id='word_1_78' title='bbox 733 1141 762 1194; x_wconf 90' lang='lat' dir='ltr'><strong>et</strong></span> <span class='ocrx_word' id='word_1_79' title='bbox 783 1132 839 1193; x_wconf 87' lang='lat' dir='ltr'><strong>hoo</strong></span> <span class='ocrx_word' id='word_1_80' title='bbox 860 1139 948 1192; x_wconf 90' lang='lat' dir='ltr'><strong>teres.</strong></span> 
     </span>
     <span class='ocr_line' id='line_1_10' title="bbox 235 1229 1433 1314; baseline -0.003 -20"><span class='ocrx_word' id='word_1_81' title='bbox 235 1233 276 1294; x_wconf 85' lang='lat' dir='ltr'><strong>Es</strong></span> <span class='ocrx_word' id='word_1_82' title='bbox 294 1234 435 1314; x_wconf 87' lang='lat' dir='ltr'><strong>producta</strong></span> <span class='ocrx_word' id='word_1_83' title='bbox 457 1237 617 1297; x_wconf 82' lang='lat' dir='ltr'><strong>masculina</strong></span> <span class='ocrx_word' id='word_1_84' title='bbox 638 1244 750 1296; x_wconf 87' lang='lat' dir='ltr'><strong>tantum</strong></span> <span class='ocrx_word' id='word_1_85' title='bbox 776 1244 806 1295; x_wconf 91' lang='lat' dir='ltr'><strong>et</strong></span> <span class='ocrx_word' id='word_1_86' title='bbox 827 1233 964 1294; x_wconf 77' lang='lat' dir='ltr'><strong>feminina</strong></span> <span class='ocrx_word' id='word_1_87' title='bbox 984 1231 1177 1306; x_wconf 62' lang='lat' dir='ltr'><strong>invenientem</strong></span> <span class='ocrx_word' id='word_1_88' title='bbox 1200 1229 1370 1303; x_wconf 83' lang='lat' dir='ltr'><strong>masculina,</strong></span> <span class='ocrx_word' id='word_1_89' title='bbox 1387 1230 1433 1290; x_wconf 88' lang='lat' dir='ltr'><strong>hie</strong></span> 
     </span>
     <span class='ocr_line' id='line_1_11' title="bbox 154 1331 1433 1420; baseline -0.002 -26"><span class='ocrx_word' id='word_1_90' title='bbox 154 1332 307 1409; x_wconf 85' lang='lat' dir='ltr'><strong>llereules,</strong></span> <span class='ocrx_word' id='word_1_91' title='bbox 332 1336 489 1410; x_wconf 77' lang='lat' dir='ltr'><strong>feminina,</strong></span> <span class='ocrx_word' id='word_1_92' title='bbox 516 1337 589 1399; x_wconf 85' lang='lat' dir='ltr'><strong>haee</strong></span> <span class='ocrx_word' id='word_1_93' title='bbox 610 1337 700 1398; x_wconf 80' lang='lat' dir='ltr'><strong>lohes.</strong></span> <span class='ocrx_word' id='word_1_94' title='bbox 745 1336 876 1417; x_wconf 82' lang='lat' dir='ltr'><strong>exempla</strong></span> <span class='ocrx_word' id='word_1_95' title='bbox 897 1331 1112 1420; x_wconf 74' lang='lat' dir='ltr'><strong>deolissnationis</strong></span> <span class='ocrx_word' id='word_1_96' title='bbox 1138 1334 1164 1393; x_wconf 89' lang='lat' dir='ltr'><strong>in</strong></span> <span class='ocrx_word' id='word_1_97' title='bbox 1192 1352 1224 1394; x_wconf 88' lang='lat' dir='ltr'><strong>es</strong></span> <span class='ocrx_word' id='word_1_98' title='bbox 1252 1333 1433 1413; x_wconf 81' lang='lat' dir='ltr'><strong>productam,</strong></span> 
     </span>
     <span class='ocr_line' id='line_1_12' title="bbox 125 1435 1052 1511; baseline 0.002 -17"><span class='ocrx_word' id='word_1_99' title='bbox 125 1435 201 1496; x_wconf 76' lang='lat' dir='ltr'><strong>nhie</strong></span> <span class='ocrx_word' id='word_1_100' title='bbox 222 1437 363 1499; x_wconf 88' lang='lat' dir='ltr'><strong>llereules</strong></span> <span class='ocrx_word' id='word_1_101' title='bbox 384 1439 471 1499; x_wconf 91' lang='lat' dir='ltr'><strong>huius</strong></span> <span class='ocrx_word' id='word_1_102' title='bbox 493 1438 641 1511; x_wconf 75' lang='lat' dir='ltr'><strong>llercnliS,</strong></span> <span class='ocrx_word' id='word_1_103' title='bbox 665 1441 737 1500; x_wconf 88' lang='lat' dir='ltr'><strong>haee</strong></span> <span class='ocrx_word' id='word_1_104' title='bbox 759 1439 839 1501; x_wconf 87' lang='lat' dir='ltr'><strong>lohes</strong></span> <span class='ocrx_word' id='word_1_105' title='bbox 861 1437 947 1499; x_wconf 89' lang='lat' dir='ltr'><strong>huius</strong></span> <span class='ocrx_word' id='word_1_106' title='bbox 968 1437 1052 1498; x_wconf 84' lang='lat' dir='ltr'><strong>labis.</strong></span> 
     </span>
     <span class='ocr_line' id='line_1_13' title="bbox 234 1536 1436 1615; baseline -0.001 -14"><span class='ocrx_word' id='word_1_107' title='bbox 234 1539 277 1600; x_wconf 74' lang='lat' dir='ltr'><strong>Ex</strong></span> <span class='ocrx_word' id='word_1_108' title='bbox 304 1541 465 1602; x_wconf 87' lang='lat' dir='ltr'><strong>masculina</strong></span> <span class='ocrx_word' id='word_1_109' title='bbox 496 1550 524 1601; x_wconf 92' lang='lat' dir='ltr'><strong>et</strong></span> <span class='ocrx_word' id='word_1_110' title='bbox 558 1542 693 1603; x_wconf 77' lang='lat' dir='ltr'><strong>feminina</strong></span> <span class='ocrx_word' id='word_1_111' title='bbox 727 1540 927 1615; x_wconf 79' lang='lat' dir='ltr'><strong>inveniuntur,</strong></span> <span class='ocrx_word' id='word_1_112' title='bbox 958 1540 1007 1600; x_wconf 86' lang='lat' dir='ltr'><strong>hio</strong></span> <span class='ocrx_word' id='word_1_113' title='bbox 1033 1558 1118 1600; x_wconf 83' lang='lat' dir='ltr'><strong>senex</strong></span> <span class='ocrx_word' id='word_1_114' title='bbox 1147 1538 1224 1599; x_wconf 87' lang='lat' dir='ltr'><strong>senis</strong></span> <span class='ocrx_word' id='word_1_115' title='bbox 1252 1536 1330 1612; x_wconf 89' lang='lat' dir='ltr'><strong>seni,</strong></span> <span class='ocrx_word' id='word_1_116' title='bbox 1363 1537 1436 1600; x_wconf 84' lang='lat' dir='ltr'><strong>haee</strong></span> 
     </span>
     <span class='ocr_line' id='line_1_14' title="bbox 157 1639 975 1722; baseline 0.004 -22"><span class='ocrx_word' id='word_1_117' title='bbox 157 1639 199 1702; x_wconf 80' lang='lat' dir='ltr'><strong>lex</strong></span> <span class='ocrx_word' id='word_1_118' title='bbox 219 1642 301 1722; x_wconf 80' lang='lat' dir='ltr'><strong>legis.</strong></span> <span class='ocrx_word' id='word_1_119' title='bbox 973 1656 975 1661; x_wconf 82' lang='grc'>’</span> 
     </span>
     <span class='ocr_line' id='line_1_15' title="bbox 240 1742 1436 1824; baseline 0 -18"><span class='ocrx_word' id='word_1_120' title='bbox 240 1744 263 1806; x_wconf 87' lang='lat' dir='ltr'>ss</span> <span class='ocrx_word' id='word_1_121' title='bbox 281 1745 443 1807; x_wconf 76' lang='lat' dir='ltr'><strong>nuseulina</strong></span> <span class='ocrx_word' id='word_1_122' title='bbox 465 1747 666 1821; x_wconf 77' lang='lat' dir='ltr'><strong>inveniuntur,</strong></span> <span class='ocrx_word' id='word_1_123' title='bbox 688 1745 735 1807; x_wconf 85' lang='lat' dir='ltr'><strong>hie</strong></span> <span class='ocrx_word' id='word_1_124' title='bbox 755 1743 822 1822; x_wconf 69' lang='lat' dir='ltr'><strong>eigil</strong></span> <span class='ocrx_word' id='word_1_125' title='bbox 844 1742 947 1823; x_wconf 75' lang='lat' dir='ltr'><strong>eigilis,</strong></span> <span class='ocrx_word' id='word_1_126' title='bbox 968 1742 1058 1822; x_wconf 84' lang='lat' dir='ltr'><strong>mugil</strong></span> <span class='ocrx_word' id='word_1_127' title='bbox 1080 1744 1207 1823; x_wconf 81' lang='lat' dir='ltr'><strong>mugilis,</strong></span> <span class='ocrx_word' id='word_1_128' title='bbox 1230 1742 1309 1823; x_wconf 80' lang='lat' dir='ltr'><strong>pugil</strong></span> <span class='ocrx_word' id='word_1_129' title='bbox 1331 1745 1436 1824; x_wconf 76' lang='lat' dir='ltr'><strong>pugilis</strong></span> 
     </span>
     <span class='ocr_line' id='line_1_16' title="bbox 158 1845 1435 1955; baseline 0.002 -50"><span class='ocrx_word' id='word_1_130' title='bbox 158 1855 185 1905; x_wconf 80' lang='lat' dir='ltr'><strong>et</strong></span> <span class='ocrx_word' id='word_1_131' title='bbox 214 1854 328 1923; x_wconf 86' lang='lat' dir='ltr'><strong>eetera;</strong></span> <span class='ocrx_word' id='word_1_132' title='bbox 364 1847 533 1909; x_wconf 79' lang='lat' dir='ltr'><strong>femininum</strong></span> <span class='ocrx_word' id='word_1_133' title='bbox 563 1867 671 1921; x_wconf 90' lang='lat' dir='ltr'><strong>unum,</strong></span> <span class='ocrx_word' id='word_1_134' title='bbox 704 1845 845 1923; x_wconf 81' lang='lat' dir='ltr'><strong>Tanaquil</strong></span> <span class='ocrx_word' id='word_1_135' title='bbox 880 1846 1062 1924; x_wconf 86' lang='lat' dir='ltr'><strong>Tanaquilis;</strong></span> <span class='ocrx_word' id='word_1_136' title='bbox 1095 1856 1227 1955; x_wconf 61' lang='lat' dir='ltr'><strong>neutmm</strong></span> <span class='ocrx_word' id='word_1_137' title='bbox 1254 1845 1364 1907; x_wconf 90' lang='lat' dir='ltr'><strong>nullum</strong></span> <span class='ocrx_word' id='word_1_138' title='bbox 1389 1848 1435 1906; x_wconf 83' lang='lat' dir='ltr'><strong>in·</strong></span> 
     </span>
     <span class='ocr_line' id='line_1_17' title="bbox 130 1948 283 2008; baseline 0.013 -2"><span class='ocrx_word' id='word_1_139' title='bbox 130 1948 283 2008; x_wconf 64' lang='lat' dir='ltr'><strong>ornem.</strong></span> 
     </span>
    </p>
   </div>
   <div class='ocr_carea' id='block_1_3' title="bbox 112 2050 1443 2645">
    <p class='ocr_par' dir='ltr' id='par_1_3' title="bbox 112 2050 1443 2645">
     <span class='ocr_line' id='line_1_18' title="bbox 237 2050 1436 2131; baseline 0.001 -20"><span class='ocrx_word' id='word_1_140' title='bbox 237 2050 270 2111; x_wconf 92' lang='lat' dir='ltr'><strong>ln</strong></span> <span class='ocrx_word' id='word_1_141' title='bbox 291 2050 429 2110; x_wconf 82' lang='lat' dir='ltr'><strong>Latinum</strong></span> <span class='ocrx_word' id='word_1_142' title='bbox 450 2050 570 2123; x_wconf 91' lang='lat' dir='ltr'><strong>nullum,</strong></span> <span class='ocrx_word' id='word_1_143' title='bbox 594 2052 704 2112; x_wconf 83' lang='lat' dir='ltr'><strong>Graeca</strong></span> <span class='ocrx_word' id='word_1_144' title='bbox 726 2057 842 2110; x_wconf 82' lang='lat' dir='ltr'><strong>tantum</strong></span> <span class='ocrx_word' id='word_1_145' title='bbox 862 2050 1066 2127; x_wconf 78' lang='lat' dir='ltr'><strong>inveniuntur,</strong></span> <span class='ocrx_word' id='word_1_146' title='bbox 1085 2051 1164 2122; x_wconf 77' lang='lat' dir='ltr'><strong>velut</strong></span> <span class='ocrx_word' id='word_1_147' title='bbox 1183 2050 1300 2131; x_wconf 79' lang='lat' dir='ltr'><strong>delphin</strong></span> <span class='ocrx_word' id='word_1_148' title='bbox 1316 2050 1436 2112; x_wconf 82' lang='lat' dir='ltr'><strong>&#39;lelohin</strong></span> 
     </span>
     <span class='ocr_line' id='line_1_19' title="bbox 160 2152 1437 2234; baseline 0.003 -23"><span class='ocrx_word' id='word_1_149' title='bbox 160 2152 299 2234; x_wconf 83' lang='lat' dir='ltr'><strong>delphinis</strong></span> <span class='ocrx_word' id='word_1_150' title='bbox 326 2152 483 2214; x_wconf 85' lang='lat' dir='ltr'><strong>Telchinis.</strong></span> <span class='ocrx_word' id='word_1_151' title='bbox 533 2154 638 2215; x_wconf 92' lang='lat' dir='ltr'><strong>horum</strong></span> <span class='ocrx_word' id='word_1_152' title='bbox 672 2152 823 2214; x_wconf 85' lang='lat' dir='ltr'><strong>incusathi</strong></span> <span class='ocrx_word' id='word_1_153' title='bbox 859 2153 1019 2214; x_wconf 87' lang='lat' dir='ltr'><strong>seerrndum</strong></span> <span class='ocrx_word' id='word_1_154' title='bbox 1047 2155 1179 2215; x_wconf 78' lang='lat' dir='ltr'><strong>Graecam</strong></span> <span class='ocrx_word' id='word_1_155' title='bbox 1215 2152 1437 2215; x_wconf 85' lang='lat' dir='ltr'><strong>declinationem</strong></span> 
     </span>
     <span class='ocr_line' id='line_1_20' title="bbox 160 2253 702 2335; baseline 0.004 -23"><span class='ocrx_word' id='word_1_156' title='bbox 160 2253 362 2327; x_wconf 81' lang='lat' dir='ltr'><strong>tenninantur,</strong></span> <span class='ocrx_word' id='word_1_157' title='bbox 386 2264 416 2315; x_wconf 91' lang='lat' dir='ltr'><strong>ut</strong></span> <span class='ocrx_word' id='word_1_158' title='bbox 439 2255 516 2335; x_wconf 84' lang='lat' dir='ltr'><strong>apud</strong></span> <span class='ocrx_word' id='word_1_159' title='bbox 538 2254 702 2333; x_wconf 74' lang='lat' dir='ltr'><strong>Vergilium,</strong></span> 
     </span>
     <span class='ocr_line' id='line_1_21' title="bbox 321 2355 1188 2437; baseline 0.001 -20"><span class='ocrx_word' id='word_1_160' title='bbox 321 2356 493 2437; x_wconf 88' lang='lat' dir='ltr'><strong>Orpheus</strong></span> <span class='ocrx_word' id='word_1_161' title='bbox 512 2355 548 2415; x_wconf 91' lang='lat' dir='ltr'><strong>in</strong></span> <span class='ocrx_word' id='word_1_162' title='bbox 571 2357 696 2430; x_wconf 75' lang='lat' dir='ltr'><strong>silvie,</strong></span> <span class='ocrx_word' id='word_1_163' title='bbox 727 2357 827 2417; x_wconf 90' lang='lat' dir='ltr'><strong>iuter</strong></span> <span class='ocrx_word' id='word_1_164' title='bbox 846 2356 1049 2436; x_wconf 87' lang='lat' dir='ltr'><strong>delphinas</strong></span> <span class='ocrx_word' id='word_1_165' title='bbox 1070 2358 1188 2418; x_wconf 79' lang='lat' dir='ltr'><strong>Arion.</strong></span> 
     </span>
     <span class='ocr_line' id='line_1_22' title="bbox 133 2457 1439 2537; baseline -0.001 -15"><span class='ocrx_word' id='word_1_166' title='bbox 133 2482 154 2522; x_wconf 78' lang='grc' dir='ltr'><strong>ι</strong></span> <span class='ocrx_word' id='word_1_167' title='bbox 240 2458 269 2519; x_wconf 88' lang='lat' dir='ltr'><strong>ls</strong></span> <span class='ocrx_word' id='word_1_168' title='bbox 299 2457 460 2521; x_wconf 82' lang='lat' dir='ltr'><strong>masculina</strong></span> <span class='ocrx_word' id='word_1_169' title='bbox 488 2467 517 2519; x_wconf 92' lang='lat' dir='ltr'><strong>et</strong></span> <span class='ocrx_word' id='word_1_170' title='bbox 544 2458 681 2519; x_wconf 85' lang='lat' dir='ltr'><strong>feminina</strong></span> <span class='ocrx_word' id='word_1_171' title='bbox 707 2466 818 2519; x_wconf 89' lang='lat' dir='ltr'><strong>tantum</strong></span> <span class='ocrx_word' id='word_1_172' title='bbox 841 2458 1038 2530; x_wconf 72' lang='lat' dir='ltr'><strong>inveniuntur,</strong></span> <span class='ocrx_word' id='word_1_173' title='bbox 1070 2458 1114 2518; x_wconf 90' lang='lat' dir='ltr'><strong>hio</strong></span> <span class='ocrx_word' id='word_1_174' title='bbox 1140 2459 1216 2536; x_wconf 78' lang='lat' dir='ltr'><strong>ignis</strong></span> <span class='ocrx_word' id='word_1_175' title='bbox 1245 2460 1336 2537; x_wconf 79' lang='lat' dir='ltr'><strong>ignis,</strong></span> <span class='ocrx_word' id='word_1_176' title='bbox 1367 2461 1439 2523; x_wconf 86' lang='lat' dir='ltr'><strong>haer.</strong></span> 
     </span>
     <span class='ocr_line' id='line_1_23' title="bbox 112 2559 1443 2645; baseline 0.002 -25"><span class='ocrx_word' id='word_1_177' title='bbox 112 2592 118 2604; x_wconf 87' lang='lat'><em>·</em></span> <span class='ocrx_word' id='word_1_178' title='bbox 161 2560 262 2640; x_wconf 85' lang='lat' dir='ltr'><strong>puppis</strong></span> <span class='ocrx_word' id='word_1_179' title='bbox 282 2560 403 2642; x_wconf 89' lang='lat' dir='ltr'><strong>puppis.</strong></span> <span class='ocrx_word' id='word_1_180' title='bbox 447 2561 610 2621; x_wconf 88' lang='lat' dir='ltr'><strong>eommunia</strong></span> <span class='ocrx_word' id='word_1_181' title='bbox 640 2561 791 2639; x_wconf 88' lang='lat' dir='ltr'><strong>utriusque</strong></span> <span class='ocrx_word' id='word_1_182' title='bbox 817 2561 950 2645; x_wconf 60' lang='lat' dir='ltr'><strong>genesis,</strong></span> <span class='ocrx_word' id='word_1_183' title='bbox 976 2559 1026 2620; x_wconf 85' lang='lat' dir='ltr'><strong>hie</strong></span> <span class='ocrx_word' id='word_1_184' title='bbox 1046 2569 1073 2620; x_wconf 88' lang='lat' dir='ltr'><strong>et</strong></span> <span class='ocrx_word' id='word_1_185' title='bbox 1094 2561 1163 2621; x_wconf 84' lang='lat' dir='ltr'><strong>haee</strong></span> <span class='ocrx_word' id='word_1_186' title='bbox 1183 2562 1308 2637; x_wconf 77' lang='lat' dir='ltr'><strong>ottonis,</strong></span> <span class='ocrx_word' id='word_1_187' title='bbox 1338 2562 1388 2622; x_wconf 86' lang='lat' dir='ltr'><strong>hio</strong></span> <span class='ocrx_word' id='word_1_188' title='bbox 1413 2571 1443 2623; x_wconf 83' lang='lat' dir='ltr'><strong>et</strong></span> 
     </span>
    </p>
   </div>
   <div class='ocr_carea' id='block_1_4' title="bbox 127 2659 1444 3152">
    <p class='ocr_par' dir='ltr' id='par_1_4' title="bbox 127 2659 1444 3152">
     <span class='ocr_line' id='line_1_24' title="bbox 158 2659 370 2740; baseline 0.009 -21"><span class='ocrx_word' id='word_1_189' title='bbox 158 2660 232 2721; x_wconf 82' lang='lat' dir='ltr'><strong>laec</strong></span> <span class='ocrx_word' id='word_1_190' title='bbox 249 2659 370 2740; x_wconf 64' lang='lat' dir='ltr'><strong>facilh.</strong></span> 
     </span>
     <span class='ocr_line' id='line_1_25' title="bbox 239 2761 1441 2843; baseline 0.004 -20"><span class='ocrx_word' id='word_1_191' title='bbox 239 2761 281 2824; x_wconf 75' lang='lat' dir='ltr'><strong>ln</strong></span> <span class='ocrx_word' id='word_1_192' title='bbox 301 2763 492 2840; x_wconf 74' lang='lat' dir='ltr'><strong>mosnelino,</strong></span> <span class='ocrx_word' id='word_1_193' title='bbox 527 2772 557 2824; x_wconf 90' lang='lat' dir='ltr'><strong>et</strong></span> <span class='ocrx_word' id='word_1_194' title='bbox 574 2763 725 2843; x_wconf 69' lang='lat' dir='ltr'><strong>sensistine</strong></span> <span class='ocrx_word' id='word_1_195' title='bbox 746 2772 775 2825; x_wconf 92' lang='lat' dir='ltr'><strong>et</strong></span> <span class='ocrx_word' id='word_1_196' title='bbox 803 2765 966 2826; x_wconf 87' lang='lat' dir='ltr'><strong>communia</strong></span> <span class='ocrx_word' id='word_1_197' title='bbox 992 2765 1131 2838; x_wconf 77' lang='lat' dir='ltr'><strong>invenies,</strong></span> <span class='ocrx_word' id='word_1_198' title='bbox 1169 2766 1216 2825; x_wconf 87' lang='lat' dir='ltr'><strong>hie</strong></span> <span class='ocrx_word' id='word_1_199' title='bbox 1238 2767 1310 2828; x_wconf 82' lang='lat' dir='ltr'><strong>ealix</strong></span> <span class='ocrx_word' id='word_1_200' title='bbox 1333 2766 1441 2842; x_wconf 83' lang='lat' dir='ltr'><strong>ealieis,</strong></span> 
     </span>
     <span class='ocr_line' id='line_1_26' title="bbox 158 2864 1029 2947; baseline 0.001 -22"><span class='ocrx_word' id='word_1_201' title='bbox 158 2864 226 2928; x_wconf 80' lang='lat' dir='ltr'><strong>haee</strong></span> <span class='ocrx_word' id='word_1_202' title='bbox 253 2865 301 2945; x_wconf 79' lang='lat' dir='ltr'><strong>pix</strong></span> <span class='ocrx_word' id='word_1_203' title='bbox 321 2864 412 2945; x_wconf 89' lang='lat' dir='ltr'><strong>picis,</strong></span> <span class='ocrx_word' id='word_1_204' title='bbox 433 2867 480 2927; x_wconf 88' lang='lat' dir='ltr'><strong>hie</strong></span> <span class='ocrx_word' id='word_1_205' title='bbox 502 2876 532 2927; x_wconf 90' lang='lat' dir='ltr'><strong>et</strong></span> <span class='ocrx_word' id='word_1_206' title='bbox 554 2868 625 2928; x_wconf 88' lang='lat' dir='ltr'><strong>haee</strong></span> <span class='ocrx_word' id='word_1_207' title='bbox 646 2876 671 2926; x_wconf 85' lang='lat' dir='ltr'><strong>et</strong></span> <span class='ocrx_word' id='word_1_208' title='bbox 697 2868 753 2928; x_wconf 90' lang='lat' dir='ltr'><strong>hoe</strong></span> <span class='ocrx_word' id='word_1_209' title='bbox 775 2868 841 2929; x_wconf 85' lang='lat' dir='ltr'><strong>felix</strong></span> <span class='ocrx_word' id='word_1_210' title='bbox 865 2877 894 2927; x_wconf 90' lang='lat' dir='ltr'><strong>et</strong></span> <span class='ocrx_word' id='word_1_211' title='bbox 920 2867 1029 2947; x_wconf 81' lang='lat' dir='ltr'><strong>pernix.</strong></span> 
     </span>
     <span class='ocr_line' id='line_1_27' title="bbox 127 2965 1444 3047; baseline 0.008 -26"><span class='ocrx_word' id='word_1_212' title='bbox 127 2982 148 3021; x_wconf 72' lang='lat' dir='ltr'><strong>s</strong></span> <span class='ocrx_word' id='word_1_213' title='bbox 240 2965 266 3026; x_wconf 87' lang='lat'>0</span> <span class='ocrx_word' id='word_1_214' title='bbox 287 2967 449 3029; x_wconf 82' lang='lat' dir='ltr'><strong>masculina</strong></span> <span class='ocrx_word' id='word_1_215' title='bbox 472 2977 501 3028; x_wconf 83' lang='lat' dir='ltr'><strong>et</strong></span> <span class='ocrx_word' id='word_1_216' title='bbox 521 2967 658 3029; x_wconf 81' lang='lat' dir='ltr'><strong>feminina</strong></span> <span class='ocrx_word' id='word_1_217' title='bbox 681 2977 710 3028; x_wconf 83' lang='lat' dir='ltr'><strong>et</strong></span> <span class='ocrx_word' id='word_1_218' title='bbox 731 2978 833 3030; x_wconf 88' lang='lat' dir='ltr'><strong>neutra</strong></span> <span class='ocrx_word' id='word_1_219' title='bbox 856 2970 1055 3044; x_wconf 83' lang='lat' dir='ltr'><strong>inveniuntur,</strong></span> <span class='ocrx_word' id='word_1_220' title='bbox 1076 2969 1124 3029; x_wconf 85' lang='lat' dir='ltr'><strong>hir</strong></span> <span class='ocrx_word' id='word_1_221' title='bbox 1145 2969 1225 3031; x_wconf 80' lang='lat' dir='ltr'><strong>caro</strong></span> <span class='ocrx_word' id='word_1_222' title='bbox 1247 2971 1343 3047; x_wconf 85' lang='lat' dir='ltr'><strong>ordo,</strong></span> <span class='ocrx_word' id='word_1_223' title='bbox 1366 2970 1444 3032; x_wconf 83' lang='lat' dir='ltr'><strong>haee</strong></span> 
     </span>
     <span class='ocr_line' id='line_1_28' title="bbox 156 3069 1058 3152; baseline 0.003 -23"><span class='ocrx_word' id='word_1_224' title='bbox 156 3069 284 3150; x_wconf 86' lang='lat' dir='ltr'><strong>emptio,</strong></span> <span class='ocrx_word' id='word_1_225' title='bbox 308 3069 361 3129; x_wconf 91' lang='lat' dir='ltr'><strong>hor</strong></span> <span class='ocrx_word' id='word_1_226' title='bbox 386 3069 453 3131; x_wconf 85' lang='lat' dir='ltr'><strong>taho</strong></span> <span class='ocrx_word' id='word_1_227' title='bbox 470 3070 578 3150; x_wconf 86' lang='lat' dir='ltr'><strong>ponilo,</strong></span> <span class='ocrx_word' id='word_1_228' title='bbox 601 3089 675 3148; x_wconf 83' lang='lat' dir='ltr'><strong>qtrae</strong></span> <span class='ocrx_word' id='word_1_229' title='bbox 697 3071 772 3132; x_wconf 89' lang='lat' dir='ltr'><strong>inter</strong></span> <span class='ocrx_word' id='word_1_230' title='bbox 791 3079 961 3152; x_wconf 89' lang='lat' dir='ltr'><strong>monoptota</strong></span> <span class='ocrx_word' id='word_1_231' title='bbox 983 3082 1058 3133; x_wconf 87' lang='lat' dir='ltr'><strong>sunt.</strong></span> 
     </span>
    </p>
   </div>
   <div class='ocr_carea' id='block_1_5' title="bbox 157 3261 1449 3934">
    <p class='ocr_par' dir='ltr' id='par_1_5' title="bbox 157 3261 298 3312">
     <span class='ocr_line' id='line_1_29' title="bbox 157 3261 298 3312; baseline -0.007 -1"><span class='ocrx_word' id='word_1_232' title='bbox 157 3261 298 3312; x_wconf 69' lang='lat' dir='ltr'><strong>tt-eolt&#39;</strong></span> 
     </span>
    </p>

    <p class='ocr_par' dir='ltr' id='par_1_6' title="bbox 223 3333 1446 3411">
     <span class='ocr_line' id='line_1_30' title="bbox 223 3333 1446 3411; baseline 0.004 -17"><span class='ocrx_word' id='word_1_233' title='bbox 223 3346 363 3410; x_wconf 79' lang='lat' dir='ltr'><strong>tarraqnilis</strong></span> <span class='ocrx_word' id='word_1_234' title='bbox 391 3347 483 3396; x_wconf 78' lang='lat' dir='ltr'><strong>neutrr&#39;r</strong></span> <span class='ocrx_word' id='word_1_235' title='bbox 512 3346 564 3396; x_wconf 87' lang='lat' dir='ltr'><strong>null</strong></span> <span class='ocrx_word' id='word_1_236' title='bbox 583 3383 779 3397; x_wconf 84' lang='lat'><strong>............</strong></span> <span class='ocrx_word' id='word_1_237' title='bbox 796 3346 931 3396; x_wconf 81' lang='lat' dir='ltr'><strong>incusatiui</strong></span> <span class='ocrx_word' id='word_1_238' title='bbox 959 3347 1035 3395; x_wconf 82' lang='lat' dir='ltr'><strong>seeur‘r</strong></span> <span class='ocrx_word' id='word_1_239' title='bbox 1063 3349 1136 3411; x_wconf 72' lang='lat' dir='ltr'><strong>greci</strong></span> <span class='ocrx_word' id='word_1_240' title='bbox 1158 3333 1397 3399; x_wconf 70' lang='lat' dir='ltr'><strong>‹lectindimmant</strong></span> <span class='ocrx_word' id='word_1_241' title='bbox 1420 3361 1446 3401; x_wconf 86' lang='lat' dir='ltr'><strong>nt</strong></span> 
     </span>
    </p>

    <p class='ocr_par' dir='ltr' id='par_1_7' title="bbox 246 3430 1446 3500">
     <span class='ocr_line' id='line_1_31' title="bbox 246 3430 1446 3500; baseline 0.003 -20"><span class='ocrx_word' id='word_1_242' title='bbox 246 3434 272 3481; x_wconf 88' lang='lat' dir='ltr'><strong>ln</strong></span> <span class='ocrx_word' id='word_1_243' title='bbox 292 3433 371 3482; x_wconf 70' lang='lat' dir='ltr'><strong>inlinit</strong></span> <span class='ocrx_word' id='word_1_244' title='bbox 394 3431 463 3481; x_wconf 74' lang='lat' dir='ltr'><strong>nullst</strong></span> <span class='ocrx_word' id='word_1_245' title='bbox 487 3434 569 3500; x_wconf 59' lang='lat' dir='ltr'><strong>gerit</strong></span> <span class='ocrx_word' id='word_1_246' title='bbox 584 3469 781 3483; x_wconf 89' lang='grc'><strong>............</strong></span> <span class='ocrx_word' id='word_1_247' title='bbox 797 3435 814 3482; x_wconf 81' lang='lat' dir='ltr'><strong>it</strong></span> <span class='ocrx_word' id='word_1_248' title='bbox 862 3431 967 3498; x_wconf 81' lang='lat' dir='ltr'><strong>delphin</strong></span> <span class='ocrx_word' id='word_1_249' title='bbox 1016 3430 1107 3481; x_wconf 76' lang='lat' dir='ltr'><strong>telchin</strong></span> <span class='ocrx_word' id='word_1_250' title='bbox 1152 3433 1281 3498; x_wconf 76' lang='lat' dir='ltr'><strong>delphinis</strong></span> <span class='ocrx_word' id='word_1_251' title='bbox 1329 3438 1446 3488; x_wconf 84' lang='lat' dir='ltr'><strong>telchinis</strong></span> 
     </span>
    </p>

    <p class='ocr_par' dir='ltr' id='par_1_8' title="bbox 227 3516 1447 3673">
     <span class='ocr_line' id='line_1_32' title="bbox 227 3516 1447 3588; baseline 0.003 -21"><span class='ocrx_word' id='word_1_252' title='bbox 227 3521 263 3583; x_wconf 77' lang='lat' dir='ltr'><strong>ap</strong></span> <span class='ocrx_word' id='word_1_253' title='bbox 297 3522 360 3584; x_wconf 67' lang='lat' dir='ltr'><strong>uersg</strong></span> <span class='ocrx_word' id='word_1_254' title='bbox 394 3520 458 3585; x_wconf 86' lang='lat' dir='ltr'><strong>orph</strong></span> <span class='ocrx_word' id='word_1_255' title='bbox 483 3555 784 3570; x_wconf 86' lang='grc'><strong><em>..................</em></strong></span> <span class='ocrx_word' id='word_1_256' title='bbox 800 3519 891 3585; x_wconf 83' lang='lat' dir='ltr'><strong>phines</strong></span> <span class='ocrx_word' id='word_1_257' title='bbox 930 3520 1002 3569; x_wconf 88' lang='lat' dir='ltr'><strong>arion</strong></span> <span class='ocrx_word' id='word_1_258' title='bbox 1031 3534 1048 3567; x_wconf 87' lang='lat'><strong>:-</strong></span> <span class='ocrx_word' id='word_1_259' title='bbox 1078 3516 1100 3586; x_wconf 73' lang='grc' dir='ltr'><strong>,ΙΙ</strong></span> <span class='ocrx_word' id='word_1_260' title='bbox 1132 3521 1174 3569; x_wconf 82' lang='lat' dir='ltr'><strong>mir</strong></span> <span class='ocrx_word' id='word_1_261' title='bbox 1210 3522 1312 3584; x_wconf 78' lang='lat' dir='ltr'><strong>utri2q.</strong></span> <span class='ocrx_word' id='word_1_262' title='bbox 1345 3527 1447 3588; x_wconf 80' lang='lat' dir='ltr'><strong>generis</strong></span> 
     </span>
     <span class='ocr_line' id='line_1_33' title="bbox 279 3604 1444 3673; baseline 0.001 -18"><span class='ocrx_word' id='word_1_263' title='bbox 279 3621 348 3655; x_wconf 70' lang='lat' dir='ltr'><strong>nense</strong></span> <span class='ocrx_word' id='word_1_264' title='bbox 413 3642 783 3658; x_wconf 88' lang='grc'><strong>......................</strong></span> <span class='ocrx_word' id='word_1_265' title='bbox 797 3607 840 3657; x_wconf 83' lang='lat' dir='ltr'><strong>hie</strong></span> <span class='ocrx_word' id='word_1_266' title='bbox 877 3608 945 3673; x_wconf 80' lang='lat' dir='ltr'><strong>ignis</strong></span> <span class='ocrx_word' id='word_1_267' title='bbox 980 3607 1046 3671; x_wconf 80' lang='lat' dir='ltr'><strong>ignis</strong></span> <span class='ocrx_word' id='word_1_268' title='bbox 1077 3604 1092 3653; x_wconf 87' lang='lat' dir='ltr'><strong>h</strong></span> <span class='ocrx_word' id='word_1_269' title='bbox 1127 3608 1221 3672; x_wconf 80' lang='lat' dir='ltr'><strong>puppis</strong></span> <span class='ocrx_word' id='word_1_270' title='bbox 1258 3609 1353 3672; x_wconf 89' lang='lat' dir='ltr'><strong>puppis</strong></span> <span class='ocrx_word' id='word_1_271' title='bbox 1389 3627 1444 3661; x_wconf 81' lang='lat' dir='ltr'><strong>com</strong></span> 
     </span>
    </p>

    <p class='ocr_par' dir='ltr' id='par_1_9' title="bbox 297 3691 1449 3761">
     <span class='ocr_line' id='line_1_34' title="bbox 297 3691 1449 3761; baseline 0.003 -21"><span class='ocrx_word' id='word_1_272' title='bbox 297 3702 321 3741; x_wconf 86' lang='lat' dir='ltr'><strong>et</strong></span> <span class='ocrx_word' id='word_1_273' title='bbox 345 3692 361 3741; x_wconf 87' lang='lat' dir='ltr'><strong>lt</strong></span> <span class='ocrx_word' id='word_1_274' title='bbox 401 3730 737 3745; x_wconf 85' lang='lat'><strong>....................</strong></span> <span class='ocrx_word' id='word_1_275' title='bbox 749 3691 773 3761; x_wconf 68' lang='lat' dir='ltr'><em>ff</em></span> <span class='ocrx_word' id='word_1_276' title='bbox 781 3702 804 3742; x_wconf 90' lang='lat' dir='ltr'><strong>et</strong></span> <span class='ocrx_word' id='word_1_277' title='bbox 814 3695 910 3758; x_wconf 76' lang='lat' dir='ltr'><strong>pethe:-</strong></span> <span class='ocrx_word' id='word_1_278' title='bbox 923 3692 942 3742; x_wconf 91' lang='lat'>0</span> <span class='ocrx_word' id='word_1_279' title='bbox 954 3694 1041 3741; x_wconf 79' lang='lat' dir='ltr'><strong>moseri</strong></span> <span class='ocrx_word' id='word_1_280' title='bbox 1052 3703 1076 3742; x_wconf 86' lang='lat' dir='ltr'><strong>et</strong></span> <span class='ocrx_word' id='word_1_281' title='bbox 1085 3693 1145 3742; x_wconf 84' lang='lat' dir='ltr'><strong>lenti</strong></span> <span class='ocrx_word' id='word_1_282' title='bbox 1154 3702 1178 3742; x_wconf 89' lang='lat' dir='ltr'><strong>et</strong></span> <span class='ocrx_word' id='word_1_283' title='bbox 1186 3702 1274 3744; x_wconf 84' lang='lat' dir='ltr'><strong>neutro</strong></span> <span class='ocrx_word' id='word_1_284' title='bbox 1286 3696 1449 3748; x_wconf 81' lang='lat' dir='ltr'><strong>inueniuntur</strong></span> 
     </span>
    </p>

    <p class='ocr_par' dir='ltr' id='par_1_10' title="bbox 553 3777 1443 3845">
     <span class='ocr_line' id='line_1_35' title="bbox 553 3777 1443 3845; baseline 0.003 -16"><span class='ocrx_word' id='word_1_285' title='bbox 553 3783 621 3830; x_wconf 85' lang='lat' dir='ltr'><strong>mmir</strong></span> <span class='ocrx_word' id='word_1_286' title='bbox 638 3781 752 3830; x_wconf 87' lang='lat' dir='ltr'><strong>irurenies</strong></span> <span class='ocrx_word' id='word_1_287' title='bbox 769 3780 811 3829; x_wconf 86' lang='lat' dir='ltr'><strong>hie</strong></span> <span class='ocrx_word' id='word_1_288' title='bbox 829 3779 905 3828; x_wconf 81' lang='lat' dir='ltr'><strong>calix.</strong></span> <span class='ocrx_word' id='word_1_289' title='bbox 923 3779 970 3828; x_wconf 87' lang='lat' dir='ltr'><strong>lois</strong></span> <span class='ocrx_word' id='word_1_290' title='bbox 988 3777 1003 3826; x_wconf 93' lang='lat' dir='ltr'><strong>h</strong></span> <span class='ocrx_word' id='word_1_291' title='bbox 1022 3779 1077 3845; x_wconf 87' lang='lat' dir='ltr'><strong>pix.</strong></span> <span class='ocrx_word' id='word_1_292' title='bbox 1101 3781 1137 3829; x_wconf 88' lang='lat' dir='ltr'><strong>ois</strong></span> <span class='ocrx_word' id='word_1_293' title='bbox 1155 3779 1197 3829; x_wconf 86' lang='lat' dir='ltr'><strong>hio</strong></span> <span class='ocrx_word' id='word_1_294' title='bbox 1218 3790 1243 3830; x_wconf 87' lang='lat' dir='ltr'><strong>et</strong></span> <span class='ocrx_word' id='word_1_295' title='bbox 1261 3780 1317 3832; x_wconf 90' lang='lat' dir='ltr'><strong>het</strong></span> <span class='ocrx_word' id='word_1_296' title='bbox 1336 3782 1362 3835; x_wconf 91' lang='lat' dir='ltr'><strong>h.</strong></span> <span class='ocrx_word' id='word_1_297' title='bbox 1381 3784 1443 3833; x_wconf 84' lang='lat' dir='ltr'><strong>lelix</strong></span> 
     </span>
    </p>

    <p class='ocr_par' dir='ltr' id='par_1_11' title="bbox 532 3864 1444 3934">
     <span class='ocr_line' id='line_1_36' title="bbox 532 3864 1444 3934; baseline 0.002 -17"><span class='ocrx_word' id='word_1_298' title='bbox 532 3868 611 3932; x_wconf 89' lang='lat' dir='ltr'><strong>mptio</strong></span> <span class='ocrx_word' id='word_1_299' title='bbox 637 3865 663 3919; x_wconf 85' lang='lat' dir='ltr'><strong>h.</strong></span> <span class='ocrx_word' id='word_1_300' title='bbox 688 3867 747 3915; x_wconf 86' lang='lat' dir='ltr'><strong>tabo</strong></span> <span class='ocrx_word' id='word_1_301' title='bbox 772 3866 856 3931; x_wconf 92' lang='lat' dir='ltr'><strong>pondo</strong></span> <span class='ocrx_word' id='word_1_302' title='bbox 882 3868 897 3928; x_wconf 70' lang='lat' dir='ltr'><strong>ri</strong></span> <span class='ocrx_word' id='word_1_303' title='bbox 921 3865 985 3915; x_wconf 84' lang='lat' dir='ltr'><strong>inter</strong></span> <span class='ocrx_word' id='word_1_304' title='bbox 1008 3874 1151 3932; x_wconf 73' lang='lat' dir='ltr'><strong>monoptota</strong></span> <span class='ocrx_word' id='word_1_305' title='bbox 1174 3871 1187 3917; x_wconf 77' lang='lat'>5</span> <span class='ocrx_word' id='word_1_306' title='bbox 1208 3882 1224 3916; x_wconf 92' lang='lat'><strong>:·</strong></span> <span class='ocrx_word' id='word_1_307' title='bbox 1244 3864 1269 3934; x_wconf 75' lang='lat' dir='ltr'><strong>ll</strong></span> <span class='ocrx_word' id='word_1_308' title='bbox 1288 3883 1351 3919; x_wconf 90' lang='lat' dir='ltr'><strong>eoon</strong></span> <span class='ocrx_word' id='word_1_309' title='bbox 1375 3872 1407 3919; x_wconf 87' lang='lat' dir='ltr'><strong>tis</strong></span> <span class='ocrx_word' id='word_1_310' title='bbox 1427 3887 1444 3919; x_wconf 85' lang='lat'><strong>:-</strong></span> 
     </span>
    </p>
   </div>
   <div class='ocr_carea' id='block_1_6' title="bbox 155 3983 1465 4461">
    <p class='ocr_par' dir='ltr' id='par_1_12' title="bbox 155 3983 1465 4404">
     <span class='ocr_line' id='line_1_37' title="bbox 225 3983 1448 4052; baseline 0.005 -20"><span class='ocrx_word' id='word_1_311' title='bbox 225 3983 257 4032; x_wconf 87' lang='lat' dir='ltr'><strong>In</strong></span> <span class='ocrx_word' id='word_1_312' title='bbox 278 3986 366 4047; x_wconf 75' lang='lat' dir='ltr'><strong>primis</strong></span> <span class='ocrx_word' id='word_1_313' title='bbox 389 3992 486 4035; x_wconf 82' lang='lat' dir='ltr'><strong>tontum</strong></span> <span class='ocrx_word' id='word_1_314' title='bbox 508 3986 621 4036; x_wconf 68' lang='lat' dir='ltr'><strong>oernbuo</strong></span> <span class='ocrx_word' id='word_1_315' title='bbox 644 3994 760 4051; x_wconf 84' lang='lat' dir='ltr'><strong>quattuor</strong></span> <span class='ocrx_word' id='word_1_316' title='bbox 781 3986 880 4050; x_wconf 78' lang='lat' dir='ltr'><strong>inteprn</strong></span> <span class='ocrx_word' id='word_1_317' title='bbox 902 3987 1029 4048; x_wconf 72' lang='lat' dir='ltr'><strong>scripturo</strong></span> <span class='ocrx_word' id='word_1_318' title='bbox 1047 4001 1092 4035; x_wconf 83' lang='lat' dir='ltr'><strong>nee</strong></span> <span class='ocrx_word' id='word_1_319' title='bbox 1107 4002 1138 4036; x_wconf 85' lang='lat' dir='ltr'><strong>en</strong></span> <span class='ocrx_word' id='word_1_320' title='bbox 1155 3991 1219 4038; x_wconf 79' lang='lat' dir='ltr'><strong>eutis</strong></span> <span class='ocrx_word' id='word_1_321' title='bbox 1238 3997 1310 4038; x_wconf 81' lang='lat' dir='ltr'><strong>certa</strong></span> <span class='ocrx_word' id='word_1_322' title='bbox 1327 3991 1448 4052; x_wconf 81' lang='lat' dir='ltr'><strong>adparuit</strong></span> 
     </span>
     <span class='ocr_line' id='line_1_38' title="bbox 156 4053 1450 4123; baseline 0.004 -20"><span class='ocrx_word' id='word_1_323' title='bbox 156 4053 245 4105; x_wconf 74' lang='lat' dir='ltr'><strong>Pierio</strong></span> <span class='ocrx_word' id='word_1_324' title='bbox 251 4073 263 4112; x_wconf 92' lang='lat'><strong>,·</strong></span> <span class='ocrx_word' id='word_1_325' title='bbox 288 4057 413 4120; x_wconf 76' lang='lat' dir='ltr'><strong>reliquos,</strong></span> <span class='ocrx_word' id='word_1_326' title='bbox 437 4071 499 4122; x_wconf 80' lang='lat' dir='ltr'><strong>pune</strong></span> <span class='ocrx_word' id='word_1_327' title='bbox 516 4073 565 4107; x_wconf 91' lang='lat' dir='ltr'><strong>non</strong></span> <span class='ocrx_word' id='word_1_328' title='bbox 583 4059 655 4106; x_wconf 86' lang='lat' dir='ltr'><strong>multo</strong></span> <span class='ocrx_word' id='word_1_329' title='bbox 671 4058 799 4119; x_wconf 79' lang='lat' dir='ltr'><strong>pleniores</strong></span> <span class='ocrx_word' id='word_1_330' title='bbox 815 4072 887 4121; x_wconf 80' lang='lat' dir='ltr'><strong>quum</strong></span> <span class='ocrx_word' id='word_1_331' title='bbox 902 4071 966 4104; x_wconf 85' lang='lat' dir='ltr'><strong>nune</strong></span> <span class='ocrx_word' id='word_1_332' title='bbox 981 4056 1105 4106; x_wconf 83' lang='lat' dir='ltr'><strong>habentur</strong></span> <span class='ocrx_word' id='word_1_333' title='bbox 1122 4060 1213 4122; x_wconf 77' lang='lat' dir='ltr'><strong>lepieae</strong></span> <span class='ocrx_word' id='word_1_334' title='bbox 1230 4059 1336 4123; x_wconf 79' lang='lat' dir='ltr'><strong>videtur,</strong></span> <span class='ocrx_word' id='word_1_335' title='bbox 1355 4063 1450 4109; x_wconf 86' lang='lat' dir='ltr'><strong>eoniee-</strong></span> 
     </span>
     <span class='ocr_line' id='line_1_39' title="bbox 155 4124 1446 4195; baseline 0.005 -21"><span class='ocrx_word' id='word_1_336' title='bbox 155 4134 211 4174; x_wconf 69' lang='lat' dir='ltr'><strong>wa</strong></span> <span class='ocrx_word' id='word_1_337' title='bbox 228 4126 355 4188; x_wconf 70' lang='lat' dir='ltr'><strong>supplevit</strong></span> <span class='ocrx_word' id='word_1_338' title='bbox 426 4126 459 4177; x_wconf 76' lang='lat' dir='ltr'><strong>le</strong></span> <span class='ocrx_word' id='word_1_339' title='bbox 483 4124 603 4176; x_wconf 78' lang='lat' dir='ltr'><strong>Neutrum</strong></span> <span class='ocrx_word' id='word_1_340' title='bbox 623 4125 730 4178; x_wconf 87' lang='lat' dir='ltr'><strong>nullum.</strong></span> <span class='ocrx_word' id='word_1_341' title='bbox 755 4128 783 4175; x_wconf 89' lang='lat' dir='ltr'><strong>ln</strong></span> <span class='ocrx_word' id='word_1_342' title='bbox 801 4142 822 4175; x_wconf 84' lang='grc' dir='ltr'>ω</span> <span class='ocrx_word' id='word_1_343' title='bbox 894 4125 926 4176; x_wconf 81' lang='grc'><strong>16</strong></span> <span class='ocrx_word' id='word_1_344' title='bbox 951 4140 1069 4191; x_wconf 81' lang='lat' dir='ltr'><strong>graecum</strong></span> <span class='ocrx_word' id='word_1_345' title='bbox 1087 4128 1213 4178; x_wconf 89' lang='lat' dir='ltr'><strong>inuenitur</strong></span> <span class='ocrx_word' id='word_1_346' title='bbox 1231 4137 1258 4179; x_wconf 90' lang='lat' dir='ltr'><strong>ut</strong></span> <span class='ocrx_word' id='word_1_347' title='bbox 1275 4128 1379 4195; x_wconf 89' lang='lat' dir='ltr'><strong>delphin</strong></span> <span class='ocrx_word' id='word_1_348' title='bbox 1399 4131 1446 4181; x_wconf 87' lang='lat' dir='ltr'><strong>nis.</strong></span> 
     </span>
     <span class='ocr_line' id='line_1_40' title="bbox 156 4194 1447 4264; baseline 0.004 -22"><span class='ocrx_word' id='word_1_349' title='bbox 156 4196 260 4245; x_wconf 75' lang='lat' dir='ltr'><strong>Telchio</strong></span> <span class='ocrx_word' id='word_1_350' title='bbox 278 4196 328 4247; x_wconf 82' lang='lat' dir='ltr'><strong>nis.</strong></span> <span class='ocrx_word' id='word_1_351' title='bbox 348 4195 440 4245; x_wconf 90' lang='lat' dir='ltr'><strong>horum</strong></span> <span class='ocrx_word' id='word_1_352' title='bbox 460 4197 593 4246; x_wconf 79' lang='lat' dir='ltr'><strong>inetrsatini</strong></span> <span class='ocrx_word' id='word_1_353' title='bbox 612 4211 633 4244; x_wconf 90' lang='grc' dir='ltr'>ω</span> <span class='ocrx_word' id='word_1_354' title='bbox 705 4195 737 4245; x_wconf 84' lang='grc'><strong>19</strong></span> <span class='ocrx_word' id='word_1_355' title='bbox 761 4194 877 4261; x_wconf 79' lang='lat' dir='ltr'><strong>Orpheus</strong></span> <span class='ocrx_word' id='word_1_356' title='bbox 901 4197 926 4244; x_wconf 90' lang='lat' dir='ltr'><strong>in</strong></span> <span class='ocrx_word' id='word_1_357' title='bbox 944 4195 1032 4260; x_wconf 83' lang='lat' dir='ltr'><strong>siluis,</strong></span> <span class='ocrx_word' id='word_1_358' title='bbox 1056 4198 1120 4246; x_wconf 90' lang='lat' dir='ltr'><strong>inter</strong></span> <span class='ocrx_word' id='word_1_359' title='bbox 1140 4198 1274 4264; x_wconf 88' lang='lat' dir='ltr'><strong>delphinas</strong></span> <span class='ocrx_word' id='word_1_360' title='bbox 1300 4200 1387 4251; x_wconf 77' lang='lat' dir='ltr'><strong>arton.</strong></span> <span class='ocrx_word' id='word_1_361' title='bbox 1424 4200 1447 4247; x_wconf 89' lang='lat' dir='ltr'><strong>ls</strong></span> 
     </span>
     <span class='ocr_line' id='line_1_41' title="bbox 157 4264 1465 4332; baseline 0.002 -19"><span class='ocrx_word' id='word_1_362' title='bbox 157 4266 299 4315; x_wconf 73' lang='lat' dir='ltr'><strong>masculina</strong></span> <span class='ocrx_word' id='word_1_363' title='bbox 309 4275 333 4316; x_wconf 88' lang='lat' dir='ltr'><strong>et</strong></span> <span class='ocrx_word' id='word_1_364' title='bbox 345 4264 484 4316; x_wconf 77' lang='lat' dir='ltr'><strong>foeminina</strong></span> <span class='ocrx_word' id='word_1_365' title='bbox 500 4277 595 4316; x_wconf 85' lang='lat' dir='ltr'><strong>tantum</strong></span> <span class='ocrx_word' id='word_1_366' title='bbox 611 4268 781 4321; x_wconf 82' lang='lat' dir='ltr'><strong>irrueniuntur,</strong></span> <span class='ocrx_word' id='word_1_367' title='bbox 801 4265 843 4314; x_wconf 89' lang='lat' dir='ltr'><strong>hie</strong></span> <span class='ocrx_word' id='word_1_368' title='bbox 860 4282 881 4315; x_wconf 90' lang='grc' dir='ltr'>ω</span> <span class='ocrx_word' id='word_1_369' title='bbox 952 4265 982 4316; x_wconf 80' lang='grc'><strong>21</strong></span> <span class='ocrx_word' id='word_1_370' title='bbox 1004 4270 1113 4331; x_wconf 81' lang='lat' dir='ltr'><strong>generis.</strong></span> <span class='ocrx_word' id='word_1_371' title='bbox 1132 4269 1171 4322; x_wconf 89' lang='lat' dir='ltr'><strong>lx.</strong></span> <span class='ocrx_word' id='word_1_372' title='bbox 1191 4268 1340 4332; x_wconf 85' lang='lat' dir='ltr'><strong>masculina,</strong></span> <span class='ocrx_word' id='word_1_373' title='bbox 1359 4269 1465 4317; x_wconf 84' lang='lat' dir='ltr'><strong>loemi-·</strong></span> 
     </span>
     <span class='ocr_line' id='line_1_42' title="bbox 158 4334 1449 4404; baseline 0.004 -21"><span class='ocrx_word' id='word_1_374' title='bbox 158 4338 214 4386; x_wconf 76' lang='lat' dir='ltr'><strong>nina</strong></span> <span class='ocrx_word' id='word_1_375' title='bbox 233 4346 258 4387; x_wconf 84' lang='lat' dir='ltr'><strong>et</strong></span> <span class='ocrx_word' id='word_1_376' title='bbox 276 4336 424 4386; x_wconf 83' lang='lat' dir='ltr'><strong>eommunia</strong></span> <span class='ocrx_word' id='word_1_377' title='bbox 443 4336 558 4388; x_wconf 86' lang='lat' dir='ltr'><strong>inuenies</strong></span> <span class='ocrx_word' id='word_1_378' title='bbox 576 4351 597 4384; x_wconf 89' lang='grc' dir='ltr'>ω</span> <span class='ocrx_word' id='word_1_379' title='bbox 668 4336 701 4387; x_wconf 81' lang='lat'><strong>25</strong></span> <span class='ocrx_word' id='word_1_380' title='bbox 720 4336 888 4389; x_wconf 86' lang='lat' dir='ltr'><strong>inueniuntur.</strong></span> <span class='ocrx_word' id='word_1_381' title='bbox 908 4334 950 4385; x_wconf 90' lang='lat' dir='ltr'><strong>hic</strong></span> <span class='ocrx_word' id='word_1_382' title='bbox 969 4335 1040 4389; x_wconf 89' lang='lat' dir='ltr'><strong>ordo.</strong></span> <span class='ocrx_word' id='word_1_383' title='bbox 1060 4337 1123 4388; x_wconf 85' lang='lat' dir='ltr'><strong>haec</strong></span> <span class='ocrx_word' id='word_1_384' title='bbox 1137 4340 1283 4404; x_wconf 87' lang='lat' dir='ltr'><strong>descriptio,</strong></span> <span class='ocrx_word' id='word_1_385' title='bbox 1302 4337 1449 4388; x_wconf 84' lang='lat' dir='ltr'><strong>hoctnbow</strong></span> 
     </span>
    </p>

    <p class='ocr_par' dir='ltr' id='par_1_13' title="bbox 204 4405 751 4461">
     <span class='ocr_line' id='line_1_43' title="bbox 204 4405 751 4461; baseline -0.007 -3"><span class='ocrx_word' id='word_1_386' title='bbox 204 4406 241 4458; x_wconf 76' lang='grc'><strong>26</strong></span> <span class='ocrx_word' id='word_1_387' title='bbox 257 4414 328 4461; x_wconf 78' lang='lat' dir='ltr'><strong>sunt.</strong></span> <span class='ocrx_word' id='word_1_388' title='bbox 350 4405 391 4456; x_wconf 92' lang='grc'><strong>01.</strong></span> <span class='ocrx_word' id='word_1_389' title='bbox 410 4406 577 4456; x_wconf 75' lang='lat' dir='ltr'><strong>masculinum</strong></span> <span class='ocrx_word' id='word_1_390' title='bbox 596 4407 711 4456; x_wconf 82' lang='lat' dir='ltr'><strong>inuenies</strong></span> <span class='ocrx_word' id='word_1_391' title='bbox 730 4420 751 4454; x_wconf 88' lang='grc' dir='ltr'>ω</span> 
     </span>
    </p>
   </div>
   <div class='ocr_carea' id='block_1_7' title="bbox 160 4595 1453 4926">
    <p class='ocr_par' dir='ltr' id='par_1_14' title="bbox 160 4595 1453 4926">
     <span class='ocr_line' id='line_1_44' title="bbox 256 4595 340 4634; baseline -0.024 -1"><span class='ocrx_word' id='word_1_392' title='bbox 256 4595 340 4634; x_wconf 81' lang='lat' dir='ltr'><strong>neree</strong></span> 
     </span>
     <span class='ocr_line' id='line_1_45' title="bbox 220 4639 1451 4712; baseline -0.002 -10"><span class='ocrx_word' id='word_1_393' title='bbox 220 4656 237 4706; x_wconf 74' lang='grc'>4</span> <span class='ocrx_word' id='word_1_394' title='bbox 255 4668 339 4704; x_wconf 74' lang='lat' dir='ltr'><strong>reses.</strong></span> <span class='ocrx_word' id='word_1_395' title='bbox 362 4650 406 4701; x_wconf 82' lang='lat' dir='ltr'><strong>dis</strong></span> <span class='ocrx_word' id='word_1_396' title='bbox 424 4649 501 4699; x_wconf 82' lang='lat' dir='ltr'><strong>deses</strong></span> <span class='ocrx_word' id='word_1_397' title='bbox 519 4649 559 4699; x_wconf 84' lang='lat' dir='ltr'><strong>dis</strong></span> <span class='ocrx_word' id='word_1_398' title='bbox 576 4648 602 4697; x_wconf 91' lang='lat' dir='ltr'><em>N</em></span> <span class='ocrx_word' id='word_1_399' title='bbox 618 4663 688 4697; x_wconf 85' lang='lat' dir='ltr'><strong>reses</strong></span> <span class='ocrx_word' id='word_1_400' title='bbox 708 4648 747 4697; x_wconf 86' lang='lat' dir='ltr'><strong>dis</strong></span> <span class='ocrx_word' id='word_1_401' title='bbox 766 4648 839 4698; x_wconf 76' lang='lat' dir='ltr'><strong>deses</strong></span> <span class='ocrx_word' id='word_1_402' title='bbox 855 4649 894 4699; x_wconf 88' lang='lat' dir='ltr'><strong>dis</strong></span> <span class='ocrx_word' id='word_1_403' title='bbox 911 4639 996 4712; x_wconf 76' lang='grc' dir='ltr'><strong><em>ἀργός</em></strong></span> <span class='ocrx_word' id='word_1_404' title='bbox 1018 4648 1199 4698; x_wconf 79' lang='lat' dir='ltr'><strong>Lindemonnne</strong></span> <span class='ocrx_word' id='word_1_405' title='bbox 1273 4649 1289 4697; x_wconf 80' lang='lat'>5</span> <span class='ocrx_word' id='word_1_406' title='bbox 1307 4649 1333 4698; x_wconf 89' lang='lat' dir='ltr'><strong>in</strong></span> <span class='ocrx_word' id='word_1_407' title='bbox 1351 4663 1379 4699; x_wconf 84' lang='lat' dir='ltr'><strong>es</strong></span> <span class='ocrx_word' id='word_1_408' title='bbox 1397 4665 1451 4700; x_wconf 90' lang='lat' dir='ltr'><strong>eor-</strong></span> 
     </span>
     <span class='ocr_line' id='line_1_46' title="bbox 160 4717 1451 4790; baseline -0.002 -17"><span class='ocrx_word' id='word_1_409' title='bbox 160 4719 237 4790; x_wconf 66' lang='lat' dir='ltr'><strong>repre</strong></span> <span class='ocrx_word' id='word_1_410' title='bbox 326 4720 364 4772; x_wconf 83' lang='lat' dir='ltr'><strong>lo</strong></span> <span class='ocrx_word' id='word_1_411' title='bbox 383 4720 412 4769; x_wconf 87' lang='lat' dir='ltr'><strong>ln</strong></span> <span class='ocrx_word' id='word_1_412' title='bbox 432 4721 458 4767; x_wconf 90' lang='lat' dir='ltr'><strong>in</strong></span> <span class='ocrx_word' id='word_1_413' title='bbox 478 4719 554 4769; x_wconf 79' lang='lat' dir='ltr'><strong>latitia</strong></span> <span class='ocrx_word' id='word_1_414' title='bbox 573 4717 749 4784; x_wconf 79' lang='lat' dir='ltr'><strong>nullngraeeo</strong></span> <span class='ocrx_word' id='word_1_415' title='bbox 767 4726 849 4769; x_wconf 88' lang='lat' dir='ltr'><strong>antem</strong></span> <span class='ocrx_word' id='word_1_416' title='bbox 868 4719 971 4784; x_wconf 88' lang='lat' dir='ltr'><strong>delphin</strong></span> <span class='ocrx_word' id='word_1_417' title='bbox 991 4719 1017 4767; x_wconf 87' lang='lat' dir='ltr'><em>B</em></span> <span class='ocrx_word' id='word_1_418' title='bbox 1103 4717 1135 4766; x_wconf 84' lang='lat'><strong>18</strong></span> <span class='ocrx_word' id='word_1_419' title='bbox 1154 4717 1306 4783; x_wconf 82' lang='lat' dir='ltr'><strong>Vergilium}</strong></span> <span class='ocrx_word' id='word_1_420' title='bbox 1326 4719 1407 4770; x_wconf 82' lang='lat' dir='ltr'><strong>bucol.</strong></span> <span class='ocrx_word' id='word_1_421' title='bbox 1425 4722 1451 4781; x_wconf 85' lang='lat'><strong>8,</strong></span> 
     </span>
     <span class='ocr_line' id='line_1_47' title="bbox 160 4787 1451 4852; baseline 0 -10"><span class='ocrx_word' id='word_1_422' title='bbox 160 4794 188 4842; x_wconf 80' lang='lat' dir='ltr'><strong>tt</strong></span> <span class='ocrx_word' id='word_1_423' title='bbox 269 4795 303 4847; x_wconf 79' lang='lat'><strong>21</strong></span> <span class='ocrx_word' id='word_1_424' title='bbox 326 4789 481 4842; x_wconf 85' lang='lat' dir='ltr'><strong>communio</strong></span> <span class='ocrx_word' id='word_1_425' title='bbox 496 4789 601 4838; x_wconf 88' lang='lat' dir='ltr'><strong>duorum</strong></span> <span class='ocrx_word' id='word_1_426' title='bbox 619 4802 739 4852; x_wconf 80' lang='lat' dir='ltr'><strong>generum</strong></span> <span class='ocrx_word' id='word_1_427' title='bbox 760 4787 801 4836; x_wconf 86' lang='lat' dir='ltr'><strong>hle</strong></span> <span class='ocrx_word' id='word_1_428' title='bbox 820 4789 922 4838; x_wconf 81' lang='lat' dir='ltr'><strong>ethaeo</strong></span> <span class='ocrx_word' id='word_1_429' title='bbox 939 4790 1025 4836; x_wconf 70' lang='lat' dir='ltr'><strong>soranis</strong></span> <span class='ocrx_word' id='word_1_430' title='bbox 1043 4787 1082 4836; x_wconf 88' lang='lat' dir='ltr'><strong>B:</strong></span> <span class='ocrx_word' id='word_1_431' title='bbox 1104 4788 1139 4851; x_wconf 75' lang='lat' dir='ltr'><strong>es.</strong></span> <span class='ocrx_word' id='word_1_432' title='bbox 1159 4787 1258 4838; x_wconf 74' lang='lat' dir='ltr'><strong>Charis.</strong></span> <span class='ocrx_word' id='word_1_433' title='bbox 1275 4804 1303 4851; x_wconf 83' lang='lat' dir='ltr'><strong>p.</strong></span> <span class='ocrx_word' id='word_1_434' title='bbox 1321 4788 1356 4841; x_wconf 78' lang='grc'><strong>118</strong></span> <span class='ocrx_word' id='word_1_435' title='bbox 1384 4805 1451 4841; x_wconf 90' lang='lat' dir='ltr'><strong>eom-</strong></span> 
     </span>
     <span class='ocr_line' id='line_1_48' title="bbox 161 4855 1453 4926; baseline -0.001 -15"><span class='ocrx_word' id='word_1_436' title='bbox 161 4867 234 4916; x_wconf 69' lang='lat' dir='ltr'><strong>munis</strong></span> <span class='ocrx_word' id='word_1_437' title='bbox 252 4866 396 4925; x_wconf 64' lang='lat' dir='ltr'><strong>insciusque</strong></span> <span class='ocrx_word' id='word_1_438' title='bbox 415 4859 518 4925; x_wconf 81' lang='lat' dir='ltr'><strong>generis</strong></span> <span class='ocrx_word' id='word_1_439' title='bbox 535 4857 576 4908; x_wconf 78' lang='lat' dir='ltr'><strong>lile</strong></span> <span class='ocrx_word' id='word_1_440' title='bbox 594 4867 618 4906; x_wconf 86' lang='lat' dir='ltr'><strong>et</strong></span> <span class='ocrx_word' id='word_1_441' title='bbox 636 4857 699 4908; x_wconf 87' lang='lat' dir='ltr'><strong>haec</strong></span> <span class='ocrx_word' id='word_1_442' title='bbox 718 4859 796 4917; x_wconf 84' lang='lat' dir='ltr'><strong>cenis,</strong></span> <span class='ocrx_word' id='word_1_443' title='bbox 812 4855 853 4907; x_wconf 90' lang='lat' dir='ltr'><strong>hie</strong></span> <span class='ocrx_word' id='word_1_444' title='bbox 872 4867 896 4907; x_wconf 87' lang='lat' dir='ltr'><strong>ot</strong></span> <span class='ocrx_word' id='word_1_445' title='bbox 915 4858 977 4907; x_wconf 76' lang='lat' dir='ltr'><strong>haee</strong></span> <span class='ocrx_word' id='word_1_446' title='bbox 992 4857 1056 4905; x_wconf 79' lang='lat' dir='ltr'><strong>ciuis</strong></span> <span class='ocrx_word' id='word_1_447' title='bbox 1073 4855 1205 4907; x_wconf 72' lang='lat' dir='ltr'><strong>Fabricius</strong></span> <span class='ocrx_word' id='word_1_448' title='bbox 1274 4860 1307 4908; x_wconf 79' lang='grc'><strong>21</strong></span> <span class='ocrx_word' id='word_1_449' title='bbox 1325 4863 1415 4926; x_wconf 80' lang='lat' dir='ltr'><strong>pernix</strong></span> <span class='ocrx_word' id='word_1_450' title='bbox 1427 4860 1453 4910; x_wconf 88' lang='lat' dir='ltr'><em>B</em></span> 
     </span>
    </p>
   </div>
   <div class='ocr_carea' id='block_1_8' title="bbox 0 0 1578 5356">
    <p class='ocr_par' dir='ltr' id='par_1_15' title="bbox 0 0 1578 5356">
     <span class='ocr_line' id='line_1_49' title="bbox 0 0 1578 5356; baseline 0 0"><span class='ocrx_word' id='word_1_451' title='bbox 0 0 1578 5356; x_wconf 95' lang='lat' dir='ltr'><strong> </strong></span> 
     </span>
    </p>
   </div>
  </div>
 </body>
</html>
