3114 5356
135 265 197 328 act
613 230 617 235 ’
693 263 876 326 uvovnuts

134 378 407 515 dcciintbitotirpsic.
452 450 608 530 contingit
624 450 695 511 mibi
717 449 769 510 tibi
792 448 840 509 illi.
854 448 941 510 nobis
968 447 1051 509 vobis
1073 448 1147 522 illis,
1180 449 1345 530 inperfecto
1368 473 1435 515 con·

133 553 280 630 tingebat,
310 552 442 630 perlecto
462 551 600 629 contigit,
634 550 922 632 plusquamperfecto
946 549 1123 628 contigerat,
1157 551 1255 614 lutuno
1279 556 1438 642 continget

39 735 42 742 .
135 651 306 731 imperativo
326 652 413 712 modo
436 662 568 732 tempore
590 652 737 732 praesenti
758 651 917 729 contingat.
952 651 1081 730 optativo
1097 651 1185 712 uvodo
1204 661 1340 736 tempore
1355 677 1436 738 prae·

136 754 212 816 scuti
234 761 264 813 et
282 753 444 833 inperfecto
460 753 570 814 utinam
586 752 783 830 contingeret,
805 753 937 832 perlecto
957 751 1127 830 contigerit,
1150 753 1436 838 plusquamperfecto

136 853 328 931 contigisset,
351 855 450 914 luturo
472 852 632 931 contingat.
666 853 852 914 coniunctivo
865 853 954 914 modo
969 861 1103 933 tempore
1117 858 1268 936 praesenti
1285 877 1355 921 cum
1369 877 1459 921 con-s

136 954 243 1033 tingat,
264 956 427 1034 inperfecto
449 973 517 1015 cum
535 954 736 1032 contingeret,
766 956 898 1034 perlecto
920 972 988 1016 cum
1009 957 1180 1034 contigerit,
1214 958 1438 1040 plusquamper-

137 1057 214 1117 lecto
236 1067 303 1118 oum
324 1056 513 1133 contigisset,
534 1056 631 1116 lutuno
653 1073 720 1115 cum
742 1055 907 1135 contigerit
944 1055 1086 1117 infinitivo
1102 1059 1190 1120 modo
1206 1067 1342 1140 tempore
1356 1081 1438 1142 prae·

136 1156 214 1218 senti
237 1157 424 1234 contingere,
448 1155 606 1236 praeterito
628 1156 797 1234 contigisse.

442 1362 479 1402 ult
500 1361 648 1404 sencmuvs
668 1360 807 1403 muonts
828 1360 990 1403 Puteum!
1010 1360 1144 1403 enerues!

226 1460 470 1538 Coniugationum
500 1459 631 1520 omnium
659 1459 748 1519 verba
774 1478 791 1518 o
820 1459 915 1520 littera
943 1459 1096 1521 terminata
1124 1468 1257 1541 tempore
1280 1467 1435 1543 praeterito
1449 1485 1469 1524 o

139 1561 271 1641 perlecto
291 1561 320 1620 in
343 1559 352 1618 i
373 1560 500 1621 litteram
522 1559 653 1620 ultimam
674 1559 807 1633 mittunt,
837 1568 870 1621 ut
891 1580 957 1622 amo
976 1561 1085 1634 arnavi,
1115 1562 1207 1624 doceo
1235 1564 1339 1639 docui,
1375 1566 1437 1645 lego

139 1661 206 1741 legi.
250 1662 398 1723 variantur
425 1668 522 1722 autem
549 1660 664 1739 species
689 1646 728 1720 in
745 1661 839 1740 prima
868 1652 1073 1740 coniugatione
1101 1672 1219 1740 quater,
1254 1666 1284 1726 in
1313 1669 1438 1729 secunda

139 1765 312 1842 quinquies,
335 1764 366 1825 in
384 1763 470 1824 tertia
491 1768 625 1840 correpta
648 1761 764 1835 novics,
786 1762 816 1823 in
838 1762 923 1823 tertia
944 1762 1102 1843 producta,
1124 1762 1207 1842 {quae
1229 1786 1246 1826 a
1264 1768 1437 1844 quibusdam

139 1874 241 1944 quarta
268 1866 390 1938 dicitur,
412 1863 578 1942 quinquies.

225 1964 444 2044 Coniugationis
466 1964 578 2044 primae
595 1965 736 2042 temporis
758 1963 879 2043 perlecti
900 1966 1010 2026 formae
1026 1976 1095 2026 sunt
1112 1975 1263 2045 quattuor,
1285 1986 1360 2046 quae
1374 1989 1438 2030 mu-
1451 1985 1472 2024 1⁵

139 2068 277 2128 tationem
300 2068 421 2147 capiunt
436 2066 466 2127 in
489 2066 568 2127 lvunc
590 2063 720 2125 modurn.
746 2064 854 2142 primu
868 2071 915 2124 est
929 2064 959 2125 in
981 2082 1037 2142 qua
1061 2086 1210 2146 sempera
1233 2070 1312 2131 inest
1330 2080 1360 2153 et
1381 2090 1436 2131 uua

140 2165 270 2226 abundat
291 2166 416 2244 syllaba,
439 2185 505 2227 cum
527 2166 621 2227 maior
642 2183 710 2245 pars
732 2166 770 2225 ita
791 2165 890 2238 cadet,
912 2166 997 2242 quasi
1013 2169 1125 2247 sospito
1146 2169 1302 2249 sospitavi,
1321 2172 1437 2232 lortuno

140 2265 302 2336 fortunari,
331 2284 382 2326 aro
405 2268 498 2340 aravi,
528 2266 636 2328 famulo
656 2265 806 2348 lamulavi,
837 2265 957 2346 propalo
978 2268 1143 2348 propalavi,
1172 2270 1329 2332 manifesto
1348 2272 1438 2332 nram-

141 2366 264 2439 lcstavi,
281 2367 402 2445 profano
421 2367 586 2445 profanari,
608 2367 726 2446 duplico
745 2365 905 2444 duplicavi,
928 2376 998 2428 uoto
1021 2366 1132 2445 notavi,
1154 2371 1266 2431 tumulo
1288 2374 1436 2447 tumulavi,

142 2487 250 2529 excuso
272 2467 423 2536 excusavi,
445 2486 567 2529 amoeno
589 2467 756 2540 auvoenavi,
779 2485 890 2528 nauseo
914 2469 1068 2544 nauseati,
1091 2470 1183 2531 multo
1206 2472 1342 2547 multari,
1369 2494 1437 2554 pac·
1450 2487 1474 2524 21¹

142 2569 208 2630 dico
231 2565 396 2648 paedicavi,
419 2567 560 2627 fermento
583 2569 768 2641 fermentavi,
791 2567 865 2628 libro
888 2568 1004 2642 libravi,
1025 2570 1153 2631 lamento
1167 2571 1340 2648 lamentavi,
1361 2575 1436 2637 laeto

140 2669 261 2741 lactavi,
293 2665 384 2726 lorico
404 2663 538 2736 loricavi,
572 2667 661 2728 humo
682 2669 815 2742 humari,
847 2670 924 2749 stipo
952 2671 1072 2750 stipavi,
1106 2672 1239 2733 sacrifico
1267 2677 1436 2750 sacrificavi,

142 2769 291 2848 triumpho
319 2762 510 2842 triumphavi,
539 2764 656 2846 lundon
672 2769 804 2843 fundavi,
833 2772 900 2832 luco
927 2773 1035 2846 lucavi,
1065 2775 1152 2833 locilo
1184 2775 1314 2850 socilavi,
1344 2797 1437 2856 aequo

143 2869 282 2948 aequavi,
310 2865 435 2927 laetifico
457 2856 635 2934 laetificavi,
657 2883 770 2946 aucupe
791 2875 948 2963 aucupavi,
981 2876 1091 2952 vestigo
1115 2877 1269 2953 vestigavi,
1304 2879 1438 2958 supplico

143 2968 321 3048 supplicavi,
342 2965 436 3025 hilaro
450 2962 585 3034 hilarati,
609 2962 709 3022 develo
727 2966 868 3043 develavi,
887 2973 950 3034 levo
968 2975 1073 3050 levavi,
1096 2977 1192 3039 involo
1208 2978 1348 3051 invelavi,
1367 2980 1437 3039 sedo
1451 2994 1474 3033 υ

144 3071 257 3143 sedavi,
280 3067 404 3129 delurbo
425 3064 589 3135 deturbati,
619 3081 689 3122 cavo
712 3067 823 3138 cavavi,
850 3070 984 3135 insimulo
1007 3076 1186 3152 insimulari,
1209 3087 1342 3140 stercore
1365 3091 1439 3142 stev-

144 3170 257 3244 coravi,
288 3180 358 3249 puto
381 3169 493 3249 putavi,
521 3163 639 3227 slitnttlo
661 3161 822 3235 stimulati,
852 3168 971 3233 iulmiuo
992 3176 1156 3250 fulminavi,
1185 3183 1340 3241 covvvmodo
1360 3202 1438 3243 com·

144 3272 274 3346 medati,
303 3272 378 3333 iacto
405 3268 523 3355 iactavi,
554 3265 709 3326 considero
739 3264 934 3342 consideravi,
962 3274 1077 3337 sincero
1104 3279 1261 3354 sinceravi,
1292 3284 1437 3344 manduco

143 3373 331 3447 manducavi,
361 3372 462 3432 idest
485 3369 565 3439 edo,·
595 3366 713 3446 proprie
743 3373 840 3425 autem
862 3374 907 3427 est
929 3374 1005 3446 quod
1027 3376 1129 3436 Gracci
1148 3380 1248 3441 dicunt
1269 3386 1437 3461 μασσῶμαι,

84 3542 87 3547 ,
141 3475 199 3535 hoc
221 3484 267 3536 est
286 3463 444 3534 identidem
466 3470 590 3542 mando,
613 3468 737 3546 ideoque
758 3467 872 3528 Probus
891 3477 978 3546 negat
994 3482 1073 3533 nocte
1094 3477 1150 3537 dici
1170 3482 1279 3557 piscem
1299 3486 1345 3546 vel
1360 3487 1436 3548 aliud
1450 3510 1473 3546 oo

141 3584 274 3636 tenerum
297 3575 366 3654 qvvid
387 3572 549 3642 manduco,
576 3570 628 3629 scd
647 3570 745 3648 potius
767 3569 839 3641 cdo,
868 3570 948 3646 quod
971 3571 1115 3650 significat
1135 3575 1235 3639 ἐσθίω.
1279 3588 1437 3650 uvanduca·

141 3685 188 3736 tur
211 3684 308 3738 aulem
336 3674 414 3753 quod
441 3671 578 3732 ‹levitibus
604 3669 772 3730 reluctatur.
817 3690 883 3730 naui
912 3691 979 3732 cum
1005 3674 1100 3737 dicam
1131 3678 1201 3753 edo,
1239 3683 1309 3759 quid
1336 3689 1437 3750 iaciant

140 3777 281 3848 ostendo,
305 3796 372 3838 cum
395 3794 462 3835 vero
481 3773 641 3846 manduco,
669 3793 728 3834 uon
751 3779 863 3833 tantum
884 3772 954 3850 quid
976 3775 1079 3836 faciam
1102 3780 1226 3839 ostendo
1247 3785 1298 3844 sed
1319 3797 1348 3847 et
1368 3808 1439 3867 qua·

139 3877 206 3937 liter
234 3877 346 3937 faciam.
385 3886 498 3939 veteres
525 3883 622 3936 umen
652 3882 681 3934 ct
712 3875 742 3935 in
774 3873 880 3935 edendi
909 3875 1121 3953 significatione
1152 3882 1299 3943 manduco
1332 3886 1436 3948 dixere.

194 4044 206 4093 l
221 4044 327 4109 contigit
343 4043 402 4092 niilvi
414 4042 499 4092 ΑΒΜ
565 4041 752 4107 bcovvtingeve]
764 4045 877 4109 contingi
886 4045 970 4094 ΑΒΜ
1040 4048 1070 4097 15
1085 4050 1280 4116 Couivvgutionis
1295 4054 1439 4114 -37218

139 4112 207 4164 tunsi
217 4114 316 4163 Choria.
325 4131 352 4178 p.
361 4114 472 4180 2lbsqq.
528 4112 561 4163 lu
574 4114 656 4177 prima
671 4120 709 4160 cst
726 4128 782 4160 curu
794 4114 874 4161 maior
886 4130 947 4179 puvs
960 4116 992 4164 ito
1009 4117 1081 4166 undet
1096 4120 1120 4167 iu
1135 4136 1184 4183 quo
1196 4136 1210 4169 e
1223 4138 1326 4187 semper
1342 4126 1407 4173 inest
1417 4134 1438 4172 et

139 4184 165 4232 in
176 4199 192 4232 a
204 4182 317 4232 ubuudot
330 4183 427 4246 syllaba
439 4183 530 4239 sieuts
546 4198 602 4231 cum
618 4183 698 4231 maior·
710 4197 770 4246 pars
784 4183 818 4231 ito
836 4183 909 4232 cadet
923 4185 947 4232 iu
961 4200 1010 4247 qun
1022 4202 1122 4252 sempev
1135 4205 1149 4237 a
1162 4191 1229 4240 iuest
1248 4201 1272 4242 et
1291 4198 1343 4242 mvn
1361 4196 1438 4242 abuu-

139 4253 182 4301 dat
202 4251 325 4315 (abundet
345 4251 388 4313 Μ)
411 4252 508 4315 syllaba
527 4253 600 4316 quasi
618 4251 702 4300 ΑΒΜ
773 4252 804 4299 17
823 4254 919 4317 sospito
937 4255 1061 4319 sospitaui
1080 4268 1189 4321 portuno
1208 4265 1345 4324 portuuaui
1357 4261 1440 4312 ΑΒΜ

138 4322 239 4386 suspiro
257 4322 386 4386 suspimui
400 4332 424 4369 ct
441 4330 514 4386 porto
531 4323 656 4388 portauis
728 4320 759 4369 18
778 4335 822 4369 aro
840 4324 909 4370 annui
923 4323 972 4370 AB
988 4338 1032 4372 oro
1051 4327 1120 4374 oraui
1133 4327 1165 4376 M
1231 4328 1266 4378 20
1279 4334 1400 4382 nauseani
1414 4331 1437 4379 Α

140 4391 256 4452 upusiaui
274 4390 300 4439 B
316 4391 422 4440 nuussui
439 4389 468 4438 M
539 4391 628 4456 pedico
649 4389 765 4455 pcdicuni
783 4389 867 4439 ΑΒΜ
934 4393 965 4441 21
987 4392 1053 4442 laevo
1074 4395 1165 4444 laetnui
1180 4398 1211 4445 M
1230 4399 1279 4447 leto
1300 4401 1376 4450 letaui
1389 4401 1438 4450 ΑΒ

190 4459 224 4510 23
242 4458 300 4508 luco
319 4461 405 4510 lncani
424 4457 483 4508 ΒΜ
501 4459 563 4525 lugo
582 4459 672 4525 lugani
689 4458 713 4506 Α
786 4460 851 4509 loclo
872 4460 964 4511 loclaui
983 4461 1013 4510 Μ
1082 4465 1115 4513 25
1135 4466 1225 4515 deuclo
1244 4467 1363 4518 ‹leueloui
1382 4469 1438 4519 All

137 4526 236 4576 debello
256 4528 382 4578 debellaui
400 4529 424 4578 Β
495 4529 551 4577 leuc
578 4529 660 4578 leunui
682 4529 816 4579 Pntselviuo
845 4530 902 4579 inno
926 4530 1010 4579 laumvi
1029 4532 1080 4582 ΑΒ
1107 4534 1165 4582 latio
1189 4536 1240 4585 loiri
1260 4537 1292 4585 M
1361 4539 1394 4590 29
1413 4539 1436 4588 id

138 4605 177 4642 est
195 4596 242 4645 edo
260 4614 306 4649 om.
316 4597 402 4647 ΑΒΜ
469 4614 597 4648 messume
613 4596 699 4647 ΑΒΜ
712 4612 794 4645 cnuto
808 4613 876 4661 χαος
888 4612 992 4663 κοσμος
1005 4614 1022 4656 ς
1092 4602 1126 4651 30
1135 4604 1281 4655 idemtidem
1294 4607 1349 4658 ΒΜ
1362 4610 1436 4658 eden-

138 4661 257 4780 t‘qqleqnql
327 4665 358 4718 ³1
374 4665 549 4716 esthioABM
619 4666 653 4718 32
670 4667 739 4716 deuti
758 4676 801 4716 aut
818 4668 843 4716 Α
862 4669 932 4719 denti
951 4667 1019 4719 lvoud
1036 4669 1060 4718 B
1078 4671 1147 4720 denti
1167 4672 1227 4723 haut
1246 4676 1436 4729 (idelesham

138 4746 148 4775 r
205 4745 291 4786 euve
