3114 5356
469 297 472 302 ’
517 328 648 391 msrn.
672 328 782 391 enan.
804 329 911 391 mni
1317 331 1354 392 to

116 443 240 498 μου.
1184 445 1305 500 paor.

69 517 104 577 tis
131 517 159 577 in
184 515 280 575 dativo
308 534 394 589 castr,
422 523 455 576 ut
481 515 597 576 ‘aulai
626 516 761 576 medio’
783 516 939 594 Vergilius,
967 518 1102 578 ‘terrai
1131 517 1351 594 frugiferai’

68 619 177 679 Ennius
202 608 231 678 in
255 617 418 679 annalibus.
1172 690 1176 697 ,

150 718 239 779 llnlta
260 726 330 779 sunt
352 737 423 780 sane
443 718 559 781 nomina
580 719 685 780 similia
703 720 813 799 primae
836 728 866 781 et
888 720 990 781 tertiae
1012 720 1230 796 declinationis,
1252 730 1285 785 ut
1298 726 1353 785 de-

68 843 136 884 neas
163 830 195 882 et
221 821 384 882 Maecenas.
429 821 465 881 de
491 820 598 899 qadbus
625 820 694 899 quid
722 820 778 880 dici
805 829 918 899 potest,
951 821 1007 882 nisi
1034 823 1112 901 qnod
1137 824 1287 901 genetivus
1315 828 1354 889 sit

45 926 175 986 sarhiter
190 925 343 1002 utriusque
361 923 563 984 declinationis
585 923 764 982 discernam
782 921 930 983 nomina?
965 940 1055 1001 quare
1076 943 1144 1003 ergo
1165 927 1278 989 deneas
1298 930 1353 990 de-

67 1047 154 1100 neae,
189 1026 343 1086 llaecenas
365 1043 433 1086 vero
453 1025 627 1085 Maecenatis
655 1022 761 1085 iaciat?
799 1024 865 1102 quia
886 1025 1004 1085 nomina
1027 1027 1135 1088 Graeca
1156 1029 1185 1090 in
1206 1051 1242 1104 ας
1256 1030 1270 1114 Η
1285 1053 1352 1113 pro-

65 1130 181 1190 ductam
209 1126 361 1203 terminata
388 1127 432 1187 rel
463 1125 617 1205 dissyllaba
650 1127 738 1200 dena,
778 1145 845 1187 cum
868 1126 944 1206 apud
973 1146 1024 1188 eus
1050 1147 1104 1207 per
1128 1132 1292 1208 genetivum
1316 1156 1352 1196 ov

66 1230 174 1291 liabent
197 1229 336 1309 syllabam
359 1230 388 1290 in
411 1228 607 1301 extremitate,
635 1229 712 1308 apud
735 1248 790 1291 nos
808 1228 918 1309 primae
940 1237 1008 1290 sunt
1031 1230 1247 1311 declinationis,
1275 1238 1352 1300 velut

66 1333 182 1404 Λυσίας
204 1332 335 1407 Λυσίου,
357 1322 504 1408 Ἀμύντας
527 1322 690 1408 Ἀμύντου,
718 1328 832 1409 Lycius
851 1328 981 1409 locine,
1010 1329 1160 1412 Amyntas
1180 1334 1351 1418 detentae,-

34 1444 94 1497 »et
112 1434 268 1513 dissyllaba
291 1434 380 1506 llexa,
403 1433 491 1494 datas
513 1434 618 1506 Anne,
641 1432 741 1492 Menas
762 1432 880 1506 lleuae,
901 1432 969 1519 quia
990 1442 1019 1494 et
1040 1436 1117 1515 apud
1140 1436 1267 1501 Graecos
1285 1433 1352 1501 Ἀν-

65 1538 115 1609 τᾶς
131 1529 240 1610 Ἀντᾶ,
270 1535 378 1606 Μενᾱς
400 1535 497 1594 Μενᾶ.
542 1553 610 1595 nam
627 1533 718 1613 Dryas
743 1532 877 1612 Dryantis
904 1543 933 1594 et
959 1535 1055 1596 Thoas
1087 1534 1251 1617 Thoantis,
1283 1545 1351 1622 quia

65 1657 117 1699 nec
137 1638 296 1699 dectnntur
319 1654 376 1696 nec
396 1656 432 1696 ου
454 1635 566 1696 debent
588 1635 674 1715 apud
694 1634 848 1709 Graecos,
875 1643 905 1694 et
924 1636 1021 1697 omnia
1046 1637 1090 1698 rel
1117 1639 1146 1700 in
1176 1664 1225 1714 τος
1250 1644 1295 1705 vel
1321 1647 1351 1707 in

64 1738 114 1813 1ος
134 1741 212 1821 apud
236 1740 363 1801 Graecos
383 1739 516 1817 genetivo
545 1738 678 1798 exeuntia
707 1735 809 1796 eudem
836 1755 905 1798 casu
930 1738 1007 1818 apud
1034 1759 1089 1801 nos
1113 1762 1130 1800 o
1153 1743 1264 1807 Graeco
1289 1746 1319 1808 in
1341 1749 1350 1808 i

64 1850 176 1902 munta
204 1842 378 1915 etlemntur,
411 1849 443 1901 ut
473 1831 574 1919 Δρύας
600 1833 770 1919 Δρύαντος,
801 1830 933 1910 Εὔπολις
962 1831 1146 1918 Εὐτᾶλιδος;
1177 1865 1232 1908 nus
1260 1847 1351 1928 limas

33 1944 213 2023 nlirpantis,
251 1941 373 2023 Eupolis
404 1941 555 2023 Eupolidis
587 1941 719 2003 dicimus.
775 1939 907 2000 similiter
941 1950 970 2002 et
1004 1942 1033 2002 in
1070 1945 1224 2008 femininis.
1280 1950 1349 2011 item

65 2044 190 2106 Orontes
212 2045 357 2118 Orontae,
383 2045 507 2105 Achates
529 2045 654 2105 Achatae
676 2041 759 2115 iacit,
787 2041 923 2119 quoniam
942 2050 971 2101 et
992 2045 1068 2122 apud
1092 2047 1218 2110 Graecos
1240 2069 1293 2131 per
1314 2073 1351 2112 oo

64 2146 233 2207 ellfflmtur.
276 2153 464 2224 quaeautem
488 2146 638 2226 conposita
661 2152 780 2206 suntet
806 2144 937 2221 genetiuo
961 2145 1037 2222 apud
1066 2146 1193 2210 Graecos
1220 2170 1274 2230 per
1299 2174 1351 2226 ους

65 2254 226 2306 extremam
250 2246 404 2326 syllabam
425 2246 539 2309 debent
566 2248 676 2308 tertiae
700 2254 772 2307 erant
793 2246 870 2327 apud
891 2265 946 2306 nos
966 2245 1185 2325 declinationis,
1212 2261 1244 2314 ut
1277 2259 1349 2315 Διο-

64 2345 150 2426 γένης
173 2346 351 2427 Διογένους,
375 2341 574 2433 Ἀριστοτέλης
592 2341 822 2429 Ἀριστοτέλους,
849 2348 926 2427 apud
948 2367 1001 2409 nos
1023 2347 1166 2427 Diogenes
1188 2351 1348 2436 Diopem'e,

71 2480 321 2488 -—·—..---—-.-—-...

69 2536 168 2590 111-19
181 2538 208 2586 N

130 2641 221 2694 Menae
255 2659 339 2693 nesae
374 2661 391 2709 p
425 2654 449 2695 et
484 2646 516 2711 ap
547 2657 636 2708 grecos
671 2648 744 2690 antas
778 2648 837 2706 ante
873 2655 956 2693 nesae
992 2657 1057 2692 reesa

132 2731 166 2779 si
215 2729 297 2780 deren
347 2729 460 2797 drymtis
516 2729 541 2779 ἃ
590 2728 662 2779 thoas
716 2729 776 2791 quia
832 2743 877 2779 nec
921 2730 1058 2778 ‹ilectnutur

130 2817 275 2866 etomniair
288 2818 313 2865 in
327 2831 374 2867 roc
387 2818 403 2867 ir
414 2819 438 2867 in
450 2833 499 2868 auc
510 2819 638 2883 apgreeos
647 2816 713 2882 geni
722 2818 840 2866 exeuntia
849 2815 938 2865 eodem
951 2831 980 2864 ca

131 2918 187 2956 nos.
221 2918 245 2958 0.
273 2919 351 2970 greco
376 2906 401 2954 iu
423 2906 449 2954 .i.
473 2912 567 2955 mutato
589 2904 728 2954 efferuntur
750 2912 775 2953 nt
801 2903 882 2954 denae
913 2917 979 2952 arra

68 2989 96 3036 lsi
131 3005 276 3040 nsnoarc
310 3006 503 3042 annoniaco
529 3005 585 3042 nus
612 2992 703 3040 drias
730 2990 873 3040 ditantis

128 3076 249 3127 similiter
282 3085 308 3126 et
342 3079 368 3127 in
404 3077 534 3129 femininis
576 3082 635 3128 item
676 3086 776 3127 orontes
816 3090 877 3126 oron

128 3162 173 3226 q‘m‘
197 3162 222 3212 d·
246 3167 279 3229 ap
299 3179 389 3229 grecos
412 3181 457 3230 per
478 3180 527 3215 ore
552 3161 667 3216 efferum*
689 3178 705 3210 :·
732 3159 756 3229 ll
773 3166 805 3228 ap
828 3178 874 3213 nos

126 3252 192 3313 «Ν
214 3253 373 3317 conpositni
393 3263 417 3302 et
434 3255 519 3317 geneti
537 3256 570 3318 ap
589 3266 680 3318 grecos
704 3265 749 3316 per
773 3264 820 3299 orn
844 3265 876 3300 ex

64 3370 85 3417 ,1
103 3379 110 3418 t
127 3378 159 3427 τ’,
179 3379 187 3418 t
937 3366 961 3433 ll
971 3369 1055 3420 tutelis

461 3475 576 3511 oratore
596 3461 627 3523 ap
646 3473 690 3507 nos
708 3457 831 3520 diogenes
847 3455 989 3505 aristoteles
1006 3456 1057 3504 aris

128 3627 162 3678 In
173 3636 289 3679 πέτοιτο
304 3632 399 3695 popina
417 3632 425 3679 l
443 3634 459 3681 '2
478 3647 543 3696 qaae
560 3633 689 3695 perierunt
703 3630 762 3691 sere
778 3630 876 3692 inteprn
896 3628 956 3691 lepti
971 3626 1072 3676 Pierius
1153 3625 1185 3676 13
1201 3640 1261 3676 casu
1280 3628 1348 3692 apud

62 3714 138 3749 noeto
188 3699 220 3748 tt
230 3690 370 3759 δρὸαντος
385 3688 500 3758 educite
509 3716 531 3750 ω
585 3703 616 3752 15
627 3700 750 3766 (Ιτςοοιὶε,
761 3697 860 3762 eupolis
870 3696 997 3764 eupolidis
1010 3696 1128 3745 dicimus.
1143 3693 1295 3746 Similiterto

63 3769 92 3818 111
110 3778 226 3819 amotae.
245 3769 353 3819 Achates
366 3770 477 3819 Achatae
491 3770 560 3821 lacit.
576 3772 698 3830 Quoniam
709 3783 730 3817 ω
784 3769 815 3818 17
829 3767 941 3827 Qualiter
954 3767 1094 3833 composita
1107 3773 1166 3815 anm
1178 3773 1203 3814 et
1221 3767 1347 3816 secimdne

59 3840 126 3904 apud
140 3853 249 3904 graecos
260 3852 319 3897 ους,
330 3841 418 3889 tertiae
435 3849 493 3889 sunt
508 3841 576 3904 apud
591 3855 636 3889 nos
650 3838 834 3890 declinationis.
854 3845 879 3885 ut
889 3829 1037 3902 Διογένης,
1047 3827 1198 3900 Διογένους
1207 3831 1255 3885 καὶ
1269 3850 1346 3893 νους,

54 3899 257 3970 Ἀριστοτέλης,
277 3900 474 3971 Ἀριστοτέλεος
493 3907 540 3959 καὶ
561 3909 636 3967 tour.
666 3909 735 3975 apud
754 3924 800 3959 nos
823 3907 949 3972 diogenes
967 3909 1008 3956 nis
1025 3920 1055 3956 ω.
1074 3907 1099 3954 in
1116 3921 1180 3955 nova
1200 3910 1295 3970 popina
1314 3921 1349 3954 ex

58 3979 231 4043 quadruplata
249 3993 332 4028 nonem
353 3979 466 4030 οιτοίὺντ
488 3983 580 4045 intepra'
598 3981 746 4030 restiterant!
767 3979 850 4028 decem
867 3984 891 4027 et
907 3983 1014 4040 septem.
1039 3977 1082 4041 qut
1102 3983 1160 4026 eunt
1181 3977 1262 4027 medii.
1290 3977 1349 4023 rett-

59 4064 162 4114 quom
177 4049 250 4098 im‘tia
264 4052 402 4114 pen'enmt.
421 4049 465 4101 dos
473 4065 554 4101 ornnes
566 4053 627 4115 lepa't
639 4051 740 4100 Pieriae
751 4056 859 4112 praeter
867 4061 974 4110 pnuooa,
995 4045 1039 4106 21,
1053 4045 1105 4096 1οο
1119 4047 1145 4095 in
1158 4061 1188 4096 us
1202 4062 1256 4112 sqq.
1271 4072 1305 4082 —
1316 4044 1344 4094 ll

58 4134 86 4167 er
100 4118 145 4168 laic
159 4133 225 4184 puer

132 4295 142 4345 1
168 4291 313 4358 Vergilius]
346 4295 410 4344 Aen.
436 4294 469 4343 lll
489 4292 540 4346 354
626 4291 643 4343 5
665 4292 759 4341 arbiter
782 4291 928 4340 discernens
953 4287 1082 4352 utriusque
1105 4282 1281 4337 declinationis
1302 4295 1347 4329 nn-

60 4365 127 4414 nina
143 4364 183 4414 B:
202 4363 349 4414 discernens
367 4366 469 4415 nomina
490 4378 534 4413 om.
556 4359 592 4419 N,
611 4362 672 4411 edd.
691 4379 721 4414 ω.
756 4362 948 4423 napplementum
963 4357 1032 4407 daed
1053 4359 1105 4407 ecio
1125 4371 1158 4404 aa
1180 4367 1215 4402 ex
1237 4352 1347 4413 marniae

60 4434 255 4484 ueteranorum
275 4448 341 4482 nanc
363 4434 445 4484 deleto
464 4432 583 4496 petiuerit
603 4432 713 4482 Pieriae.
745 4434 771 4481 in
788 4431 873 4479 codice
893 4429 955 4478 enim
973 4443 996 4480 v.
1018 4424 1192 4477 declinationis
1211 4426 1346 4469 entrermon

60 4506 155 4568 eaden
163 4518 252 4554 mm
260 4507 337 4553 mrum
349 4512 461 4566 occupat,
474 4504 521 4552 aed
531 4504 568 4550 ita
578 4510 606 4550 at
616 4502 675 4551 nttrd
686 4500 722 4549 nd
732 4499 882 4563 explendam
889 4500 1040 4560 smiptarnrn
1052 4496 1140 4544 deeaee
1151 4491 1280 4552 adparent

60 4574 112 4624 din
124 4590 153 4624 as
165 4573 289 4641 producta
299 4572 324 4622 N
335 4573 360 4620 iu
374 4589 403 4623 us
412 4572 560 4638 productam
569 4571 594 4619 B
658 4568 675 4618 n
688 4569 781 4634 Lysias
790 4569 882 4633 Lysiae
892 4569 1015 4632 Amyntas
1024 4568 1146 4626 Amyntac
1156 4575 1202 4608 om.
1212 4559 1244 4619 N,
1252 4559 1313 4610 add.
1322 4558 1347 4607 B

118 4645 147 4695 lt
164 4643 288 4695 Thoantis
301 4642 364 4691 add.
378 4642 402 4691 B
472 4642 503 4692 12
520 4656 566 4690 nec
581 4653 615 4687 ου
626 4639 720 4688 habent
733 4639 802 4704 apud
812 4637 922 4687 Graecos
935 4642 1040 4697 praeter
1048 4632 1121 4694 fidem
1138 4631 1245 4690 codicis,
1258 4630 1284 4677 in
1297 4642 1347 4693 qao

59 4714 116 4765 M
132 4717 223 4766 deesse
237 4713 370 4764 videbatur
387 4715 412 4761 in
432 4721 543 4762 extremo
555 4724 627 4759 neren
637 4716 699 4771 poet
710 4708 852 4768 llectuntur,
868 4706 957 4755 addidi
1026 4703 1057 4753 lu
1069 4714 1114 4764 per
1129 4714 1161 4748 or
1176 4698 1312 4748 ell'ernntnr
1324 4697 1348 4746 B

118 4786 150 4836 17
167 4800 215 4853 per
230 4797 278 4835 ore
297 4788 438 4832 extremam
456 4781 580 4847 syllabam
599 4778 690 4828 habent
710 4779 798 4828 tertiae
816 4784 875 4826 sunt
892 4772 958 4840 opud
977 4786 1023 4821 nos
1041 4769 1216 4819 declinationis
1234 4767 1259 4816 B

62 4854 91 4904 111
107 4855 232 4922 Diogenis
250 4852 313 4904 add.
333 4849 357 4899 B
1096 4921 1140 4984 2*
