3114 5356
605 350 812 416 PRAEFATIO
974 407 978 415 .
1314 375 1360 418 rur

53 537 275 621 grammatico
298 557 330 620 p.
352 536 515 598 218-261
549 533 601 598 ed.
623 534 721 598 Lind.
767 544 915 620 sumptus
937 537 1001 619 ita,
1023 536 1047 601 f.
1075 542 1134 603 106
1155 546 1232 604 νινἹιὶΙ
1247 562 1358 620 possa-

53 658 120 701 mus
140 644 247 702 dicae
268 643 330 699 nisi
343 641 440 713 nereis
459 641 692 699 aanorstrutiua
707 670 748 683 —-
763 636 787 699 1.
813 636 897 700 106*
918 646 1057 716 quoniam
1078 648 1198 705 nomina
1218 647 1362 707 suntsed

51 747 246 818 praesemina.
274 744 351 815 finit.
392 744 548 800 secuntur
575 735 616 799 dc
640 734 742 800 verbo
773 736 912 823 primum
945 761 1050 824 pauca
1076 763 1097 804 a
1126 741 1276 807 Charisio
1304 743 1358 808 de-

55 850 228 926 prompta,
251 843 276 903 f.
303 838 389 903 106*
409 844 504 901 Acceo
525 859 595 902 aces
616 844 687 900 uerri
710 848 739 900 et
757 858 851 902 acono
871 846 956 903 acuis
976 849 1047 906 aeui
1069 880 1112 892 —-
1143 843 1167 907 f.
1193 848 1253 909 107
1281 849 1360 911 deest

53 948 133 1004 erim
154 962 187 1004 se
207 935 299 1004 alsit
320 948 458 1004 (ιοῖννναην
477 961 517 1002 se.
561 945 696 1002 similiter
717 946 926 1018 praeceptione
947 951 1042 1007 traxit
1061 952 1161 1009 omnia
1181 951 1263 1011 deest
1280 957 1358 1013 enim

55 1062 88 1103 se
108 1053 141 1103 at
157 1046 197 1103 sit
206 1048 416 1120 praecipitans
429 1064 461 1105 se
481 1042 527 1128 (p.
550 1041 610 1102 247
618 1090 627 1122 ,
648 1043 812 1125 22-262,
837 1043 910 1128 24);
932 1044 1052 1109 deinde
1072 1045 1228 1132 conplura
1243 1071 1263 1113 a
1278 1049 1357 1115 Dio-

56 1140 150 1205 mede
178 1141 345 1229 descripta
373 1150 466 1224 sunt,
491 1147 536 1206 De
563 1147 750 1207 ordinatione
775 1147 861 1207 uerbi
885 1149 919 1207 id
941 1157 985 1210 est
1010 1156 1173 1226 temporum
1200 1155 1357 1217 iunctione.

60 1247 195 1316 Qualitas
208 1247 367 1307 uerbonrm
386 1248 491 1323 quibus
504 1255 638 1323 tempora
656 1253 797 1326 copulata
818 1266 952 1310 sermone
971 1257 1164 1312 conectuntur
1182 1287 1227 1298 —
1247 1250 1272 1316 1.
1299 1257 1356 1317 111

55 1351 172 1422 potitur
193 1355 223 1407 et
244 1349 282 1408 de
303 1352 373 1409 aliis
391 1365 505 1425 petoque
531 1352 653 1410 diuerso
680 1355 894 1427 repperiuntur
920 1355 1060 1427 exempla
1087 1347 1132 1434 (p.
1166 1351 1245 1434 388,
1277 1359 1358 1418 10-

59 1450 139 1528 100,
169 1446 238 1530 22).
283 1446 364 1509 haec
390 1447 514 1533 excipit
542 1446 705 1512 Prisciani
737 1448 814 1513 libri
842 1448 1098 1513 duodevicesimi
1123 1472 1199 1536 pars
1229 1457 1249 1534 ὅ
1274 1460 1357 1519 55-

64 1547 140 1626 126,”
160 1553 204 1611 De
223 1553 412 1611 ordinatione
432 1552 525 1612 uerbi.
569 1553 754 1625 Infinitiuum
777 1589 820 1598 -
841 1549 865 1614 1.
898 1554 956 1613 117
975 1557 1084 1629 posuit.
1127 1573 1211 1637 quae
1232 1565 1359 1623 restant

60 1648 99 1711 de
113 1648 289 1731 adverbio,
314 1649 355 1713 de
369 1649 558 1736 participio,
582 1649 623 1713 de
644 1651 890 1734 coniunctione,
915 1650 956 1714 de
970 1652 1228 1738 praepositione,
1248 1655 1288 1720 de
1309 1659 1358 1721 in·

59 1751 267 1833 teriectione,
296 1771 336 1814 ea
358 1752 477 1836 partim
497 1772 540 1813 ex
561 1750 734 1815 Diomedis
756 1755 875 1839 partim
897 1772 941 1815 ex
963 1750 1105 1815 Charisii
1129 1752 1357 1841 disputationi·

59 1851 117 1915 bus
144 1854 249 1938 petita
273 1862 360 1915 sunt.
404 1862 503 1938 atque
531 1859 568 1913 ut
594 1851 629 1914 in
655 1851 706 1914 his
735 1852 781 1917 ita
806 1856 840 1918 in
870 1855 912 1918 iis
940 1874 1024 1940 quae
1050 1855 1265 1940 antecedunt,
1300 1860 1357 1926 ubi

59 1951 252 2016 Diomedem
270 1953 418 2038 sequitur
433 1953 587 2037 scriptor,
611 1952 741 2038 integra
758 1954 827 2018 fere
841 1953 945 2017 verba
964 1955 1132 2041 repetivit,
1155 1955 1189 2018 in
1205 1956 1356 2025 Charisio

59 2054 257 2118 brevitatem
295 2061 425 2116 secutus
455 2055 565 2118 omnia
603 2055 812 2139 paucioribus
844 2040 965 2119 verbis'
982 2055 1163 2142 conplexus
1192 2068 1251 2133 est.
1296 2062 1356 2124 ita-

59 2179 119 2241 que
143 2177 289 2243 eaquae
313 2155 454 2240 aliquam
481 2155 549 2217 vim
579 2154 700 2219 habere
728 2155 928 2221 videbantur
954 2156 997 2220 ad
1026 2144 1220 2242 scripturam
1248 2182 1355 2226 emcn-

60 2257 199 2322 dsndsm
222 2257 394 2341 adscripsi.
440 2255 559 2343 quibus
582 2254 737 2322 delibatis
761 2279 826 2322 non
847 2265 918 2321 erat
939 2276 996 2320 our
1023 2255 1151 2343 reliqua
1171 2259 1354 2344 ederentur,

59 2359 249 2443 praesertim
270 2376 345 2422 cum
367 2366 399 2421 et
414 2356 627 2443 neglegenter
641 2379 661 2420 a
681 2359 840 2445 scriptore
855 2357 1025 2445 conposita
1045 2365 1078 2421 et
1091 2352 1209 2424 vitiose
1232 2364 1355 2450 scripta

60 2462 122 2523 sint
143 2461 266 2524 omnia.
929 2528 932 2534 .

138 2559 242 2624 Aliud
264 2567 494 2647 excerptorum
510 2565 616 2644 genus
639 2560 808 2625 extribus
832 2559 999 2623 codicibus
1022 2560 1162 2645 sumpsi,
1191 2581 1256 2624 uno
1276 2561 1355 2626 Ber-

60 2661 161 2743 nensi,
184 2659 287 2724 altero
308 2659 474 2742 Leidensi,
493 2661 590 2724 tertio
613 2658 900 2724 Sanctamandino.
924 2680 942 2722 e
964 2659 1084 2747 quibus
1106 2659 1235 2725 codex
1256 2661 1355 2726 Ber-

60 2763 195 2827 nensis
219 2764 278 2826 123
300 2760 424 2830 lorrnae
452 2760 615 2824 maximae
637 2761 769 2825 soeculo
792 2760 918 2825 decimo
940 2743 1097 2848 scriptus,
1129 2759 1207 2825 olim
1228 2762 1355 2827 Floria·

60 2865 182 2948 censis,
204 2863 351 2929 continet
374 2861 476 2926 libros
503 2863 734 2947 grammaticos
754 2862 877 2927 recenti
901 2883 983 2926 aevo
1003 2863 1189 2948 conpositos
1212 2864 1355 2951 quinquo

60 2963 130 3029 bos:
151 2966 291 3030 1.1-31
320 2963 361 3027 de
384 2961 518 3045 litteris,
541 2962 582 3027 de
605 2960 751 3048 syllabis,
773 2963 814 3027 de
831 2962 1021 3027 accentibus
1028 2951 1048 3046 ,⁸
1062 2962 1104 3026 de
1119 2963 1290 3049 posituris,
1313 2965 1355 3029 de

61 3073 127 3130 octo
146 3064 295 3153 partibus
318 3064 491 3146 orationis,
517 3077 562 3129 est
585 3071 673 3144 apud
693 3071 818 3128 latinum
839 3068 920 3127 unde
943 3071 1078 3150 latinitas
1099 3078 1166 3128 ortu
1191 3076 1235 3127 est
1259 3071 1356 3127 maior
1442 3060 1452 3074 ⁸

56 3174 182 3245 μομινὶινν
194 3203 237 3214 -
250 3179 282 3229 ut
296 3187 317 3229 a
336 3171 374 3230 de
387 3171 525 3230 deorsum
535 3177 564 3230 et
580 3186 601 3229 a
613 3186 704 3244 super
718 3169 976 3239 sussuranensis
985 3169 1263 3245 praepositionibus.
1278 3185 1354 3228 nam

60 3268 218 3353 expositio
237 3268 482 3350 interiectionis,
504 3288 588 3354 quae
605 3266 698 3352 sequi
717 3263 868 3347 debebat,
885 3267 1006 3329 omissa
1023 3275 1083 3330 est.
1099 3265 1229 3329 initium
1246 3274 1354 3329 autem
1395 3319 1399 3332 .

60 3366 130 3431 libri
144 3391 211 3433 uno
232 3370 494 3434 membranarum
510 3368 724 3454 quaternione
746 3364 873 3452 perdito
895 3366 1031 3431 interiit.
1054 3367 1177 3430 recenti
1198 3388 1297 3430 manu
1318 3367 1354 3429 in

60 3470 160 3553 prima
179 3470 305 3556 pagina
325 3471 440 3535 addita
459 3479 509 3535 est
525 3468 696 3555 inscriptio
713 3464 971 3531 CLEMENTIS
986 3461 1117 3533 SOOTI
1134 3465 1274 3530 LIBER
1290 3466 1354 3530 DE

61 3569 277 3655 Pnnsfflvs
299 3568 554 3636 ORATIONIS.
577 3570 601 3634 f.
625 3571 750 3636 31-53
771 3568 918 3633 eiusdem
947 3567 1131 3655 argumenti
1160 3566 1245 3631 liber
1268 3556 1354 3654 ‘lege

60 3673 321 3758 interrogationis
338 3695 381 3737 ex
402 3672 524 3737 Donati
544 3680 614 3736 arte
631 3669 847 3759 promulgata'
867 3669 1082 3754 conscriptus.
1106 3666 1131 3730 1.
1154 3668 1280 3731 53-78
1296 3667 1355 3732 Al-
1413 3701 1420 3720 ·

60 3774 142 3841 suini
167 3771 208 3837 de
232 3783 302 3839 arte
323 3773 539 3859 grammatica
559 3772 652 3837 liber.
677 3773 701 3836 1.
726 3775 872 3836 18-117
890 3769 1145 3835 commentarius
1163 3766 1203 3832 de
1224 3769 1356 3833 nomine

60 3883 88 3935 et
108 3873 297 3959 pronomine
318 3876 495 3939 maximam
516 3882 643 3961 partem
664 3895 685 3936 a
702 3872 834 3936 Donato
849 3871 977 3936 Isidoro
998 3870 1185 3955 Augustino
1209 3867 1353 3933 Consen-

60 3975 101 4037 tio
122 3973 294 4039 Prisciano
316 3975 476 4040 sublatus.
499 3974 524 4039 f.
551 3977 610 4039 111
633 3973 673 4039 de
694 3972 843 4063 partibus
871 3971 1030 4037 orationis
1056 4007 1099 4019 —
1124 3966 1183 4033 122
1215 3974 1288 4034 inde
1313 3990 1353 4030 o-

57 4096 165 4152 erasm
180 4082 253 4154 quia
274 4084 360 4141 tertia
379 4087 519 4156 correpta
530 4089 574 4141 est
593 4088 622 4141 et
642 4081 787 4162 infinitiuo
798 4078 884 4138 modo
897 4083 1018 4153 antcpe,
1035 4071 1093 4135 ubi
1107 4070 1233 4158 reliqua
1247 4070 1354 4136 absci-

59 4176 101 4240 ris
121 4176 247 4263 aliquot
266 4165 468 4242 membranis
486 4177 521 4242 in
542 4176 608 4241 fine
624 4176 746 4241 codicis
768 4175 944 4262 perierunt.
968 4172 1097 4237 codex
1119 4171 1353 4250 Leidensis,

58 4277 110 4362 qui
131 4285 183 4340 est
203 4278 289 4341 inter
310 4279 487 4342 Vossianus
509 4278 634 4342 formae
661 4276 840 4363 quadratae
865 4294 998 4338 numero
1018 4273 1201 4338 tricesimus
1228 4272 1354 4350 tertius,

57 4374 196 4442 diversis
226 4378 491 4442 membranarum
516 4377 683 4443 fasciculis
705 4399 747 4444 ex
775 4374 986 4463 conpluribus
1008 4372 1176 4438 codicibus
1199 4370 1276 4436 olim
1300 4369 1355 4434 de·

57 4480 175 4567 oerptis
196 4481 385 4566 conpositus
406 4489 467 4545 est.
490 4502 508 4544 e
529 4478 649 4566 quibus
669 4500 754 4542 unus
779 4478 950 4564 quaternio
968 4478 992 4541 f.
1012 4476 1138 4539 75-82
1160 4478 1354 4536 commenta.
1451 4505 1454 4509 ·

57 4581 147 4649 rium
159 4581 202 4645 de
219 4589 374 4668 quattuor
394 4579 544 4669 partibus
566 4579 740 4662 orationis,
766 4579 807 4643 de
830 4577 986 4644 adverbio
1006 4572 1234 4640 coniunctione
1261 4591 1354 4654 prae·

56 4682 213 4769 positione
236 4683 472 4765 interiectione,
490 4678 620 4744 saeculo
639 4678 766 4744 decimo
784 4681 942 4765 scriptum
957 4678 1102 4740 continet
1122 4672 1177 4751 ite,
1200 4668 1356 4733 1751(-

55 4790 122 4863 quit
141 4789 181 4849 de
201 4787 358 4847 odwino.
388 4787 568 4848 raterium
588 4792 632 4845 est
654 4802 732 4860 pars
758 4787 901 4844 motionis
923 4815 965 4825 -
987 4774 1011 4837 f.
1039 4771 1106 4837 81*
1127 4791 1197 4834 nam
1224 4775 1356 4835 diximus

56 4898 189 4952 oeoeatas
201 4886 311 4950 solidas
324 4887 431 4947 deltae
445 4889 517 4947 dari
530 4886 669 4962 partiliter
685 4889 853 4946 mationem
867 4882 1028 4942 {marolio
1047 4885 1145 4939 autem
1166 4875 1296 4952 confusa
1314 4883 1358 4937 est

1106 4979 1123 5030 b
1130 4975 1146 5008 ᾗ
