3114 5356
517 298 599 358 Anu.
624 297 765 363 undull.
786 298 859 359 LlB.
883 298 895 358 l
1298 299 1361 363 315

1133 425 1157 468 p.
1170 413 1268 456 w-W
1281 414 1306 456 Ρ.

53 505 111 548 ruo
133 485 167 546 in
187 485 321 558 hostem,
355 482 496 561 impetum
527 482 556 542 in
585 491 615 543 te
639 481 730 557 lacio,
757 484 896 564 inrumpo
917 485 947 547 in
968 485 1110 558 bestiam,
1143 492 1230 563 tango
1252 505 1359 564 genua,

54 587 147 667 cupio
164 584 384 663 magistratum,
406 584 592 664 reprehendo
611 583 789 657 orationem,
811 585 917 664 adpeto
939 584 1111 659 amicitiam,
1133 586 1256 650 consulo
1274 607 1361 668 prae-

56 696 229 768 ceptorem,
259 705 349 764 arguo
372 685 536 759 hominem,
570 703 688 746 arcesso
717 702 798 758 eum,
826 686 1024 747 aiiimadverto
1045 705 1128 760 eum,
1162 687 1360 749 animaduerto

57 791 90 851 in
113 808 199 862 eum,
221 787 345 866 neglego
367 787 551 879 mandatum,
575 794 731 846 contemno
750 783 860 861 legem,
882 785 1013 867 despicio
1036 796 1229 867 praetextam,
1250 808 1359 869 sperno

28 890 201 964 smilitem,
235 887 343 948 accedo
373 887 572 961 duumvirum3
600 885 708 946 accedo
729 893 826 946 autem
847 886 915 960 tibi,
943 871 1045 948 eadem
1066 889 1119 950 tihi
1141 890 1254 953 sentias
1290 900 1360 970 peto

57 992 199 1064 domvun,
219 988 337 1050 ollendo
357 989 500 1061 iudicem,
523 987 654 1048 concedo
678 985 730 1046 tihi
743 1004 876 1062 munus,
899 987 1041 1052 labefacio
1063 990 1228 1064 hominem,
1250 1009 1359 1051 concu-

58 1093 144 1173 pisco
166 1085 301 1164 domum,
324 1091 438 1169 corrigo
462 1096 650 1169 peccantem,
671 1105 731 1149 non
753 1087 878 1167 amplius
902 1108 991 1150 unam
1013 1100 1131 1152 noctem
1153 1091 1249 1153 sentio
1266 1091 1361 1152 hono·

58 1212 141 1269 rem,
162 1194 304 1255 convenio
324 1192 487 1262 medicum,
518 1189 636 1269 inpedio
657 1188 813 1263 lectorem,
842 1191 929 1253 antlio
952 1201 1114 1267 oratorem,
1141 1200 1279 1255 conmuto
1298 1191 1361 1252 cul-

58 1295 165 1369 citam,
194 1294 268 1355 adeo
286 1292 468 1373 praesidem,
497 1289 615 1351 memini
637 1288 714 1349 hanc
734 1309 797 1351 rem
816 1299 847 1351 et
866 1292 954 1356 huius
980 1296 1039 1370 rei,
1070 1295 1194 1357 comitor
1214 1293 1360 1367 amicum;

19 1419 45 1458 ro
59 1397 188 1457 comitor
216 1404 316 1456 autem
345 1394 438 1457 amico
466 1411 519 1472 per
544 1389 701 1451 ablativum
727 1392 844 1469 passiva
874 1394 1086 1473 significatione
1113 1398 1160 1459 iit:
1198 1393 1361 1456 calumnior

59 1498 194 1571 viduam,
230 1515 322 1559 conor
355 1512 489 1572 magnam
521 1510 599 1565 rem,
630 1510 750 1553 execror
777 1496 977 1570 meretricem,
999 1496 1150 1558 ,criminor
1177 1493 1361 1572 andilegum,

59 1617 207 1678 aspernor
232 1615 408 1677 pauperem,
440 1593 577 1673 despicor
598 1592 736 1667 vicinam,
767 1594 921 1673 periclitor
942 1596 1105 1676 hospitem,
1134 1596 1273 1658 recordor
1294 1613 1362 1674 spe-

60 1700 153 1772 ciem,
176 1699 349 1760 reminiscor
371 1699 480 1757 lactum
502 1702 531 1754 et
553 1693 620 1753 lacti
642 1701 671 1752 et
694 1693 786 1769 lacto,
814 1696 964 1774 ingredior
983 1699 1090 1771 torum,
1105 1693 1120 1779 ΙΙ
1134 1695 1289 1774 adgredior
1310 1715 1362 1775 pe·

60 1798 212 1873 titionem,
239 1798 394 1861 obliviscor
416 1798 493 1858 hanc
514 1813 577 1855 rem
603 1800 632 1853 et
655 1792 744 1855 huius
764 1797 824 1870 rei,
854 1815 971 1858 mereor
991 1796 1123 1872 laudem,
1155 1796 1272 1857 intucor
1290 1796 1358 1855 irua-

23 1917 48 1957 ts
62 1899 162 1976 ginem
184 1900 309 1962 intuitus
329 1920 410 1973 snm,
445 1912 666 1975 sequanorum,
696 1913 862 1974 consequor
889 1898 1074 1976 dignitatem,
1104 1896 1251 1974 adipiscor
1277 1913 1362 1975 prae-

61 2000 170 2074 mium,
201 2001 350 2078 ingredior
373 1999 478 2077 limen,
510 2000 665 2077 adgredior
691 1999 749 2059 hoc
777 1997 942 2075 negotium,
975 1999 1118 2076 adloquor
1147 1998 1360 2071 conmilitones,

61 2100 220 2163 nanciscor
240 2102 440 2175 occasionem,
463 2101 560 2181 potior
578 2102 739 2171 fortunam,
762 2097 878 2159 adorior
896 2099 1060 2173 hominem,
1080 2098 1201 2160 invehor
1214 2099 1245 2159 in
1262 2117 1362 2160 aemu-

61 2200 124 2261 lum
146 2209 177 2261 et
197 2202 329 2264 invectus
352 2223 435 2278 snm,
458 2202 557 2264 ordior
579 2202 655 2261 hanc
677 2218 755 2273 rem,
778 2197 912 2278 experior
934 2199 1087 2260 notarium.
1178 2246 1183 2254 .

149 2302 271 2364 Ablativi
293 2304 428 2367 idiomata
446 2321 521 2384 qnae
543 2321 578 2362 ex
600 2302 697 2363 verbis
715 2309 890 2362 nascuntm·:
928 2300 1020 2362 libero
1049 2318 1225 2380 puerperam
1250 2299 1361 2375 dolore,

23 2424 49 2463 oo
63 2405 143 2465 dono
163 2405 366 2483 magistratum
388 2412 501 2487 statm,
525 2422 615 2465 onero
634 2401 751 2479 asinum
771 2400 897 2476 salibus,
927 2402 1002 2464 satio
1025 2420 1125 2463 servos
1148 2419 1240 2480 pane,
1261 2410 1361 2463 saturo

63 2513 94 2566 te
116 2505 285 2585 pulmento,
315 2504 418 2566 abdico
443 2504 534 2566 illium
555 2503 658 2576 domo,
689 2503 744 2564 sub
768 2502 818 2564 illo
840 2493 947 2577 milito,
977 2503 1107 2564 sustineo
1135 2521 1182 2562 me
1205 2511 1267 2563 arte
1286 2520 1362 2576 mea,

64 2607 169 2667 fraudo
203 2607 346 2668 latronem
380 2606 529 2687 deposito,
559 2603 640 2684 privo
672 2603 781 2665 malum
812 2603 967 2682 dignitate,
999 2602 1072 2665 orbo
1103 2603 1251 2665 crudelem
1284 2603 1362 2678 sshis,

63 2725 158 2785 regno
179 2707 210 2767 in
238 2707 325 2782 urbe,
354 2708 466 2788 impero
494 2704 630 2784 gentihus
657 2713 686 2766 et
711 2705 955 2784 frequentativum
981 2704 1134 2785 imperito,
1167 2724 1237 2766 vaco
1267 2704 1362 2785 culpa,

64 2826 136 2868 vaco
158 2806 275 2882 militia,
303 2825 374 2867 vaco
396 2806 557 2887 scriptura,
587 2806 721 2869 sacrifico
742 2807 873 2881 victima,
902 2806 1078 2868 conmunico
1100 2824 1167 2867 cum
1194 2805 1260 2879 illo,
1288 2813 1363 2866 tem·

25 2927 139 2988 aspero
161 2925 209 2967 me
232 2908 313 2979 vino,
335 2907 454 2986 postulo
476 2927 493 2968 a
514 2907 626 2983 iudice,
655 2908 752 2970 exulto
771 2907 909 2982 victoria,
936 2909 1028 2987 llagro
1046 2926 1160 2981 amore,
1189 2906 1363 2968 conmunico

66 3016 165 3069 tecum
188 3008 313 3083 sumum,
344 3008 497 3087 expostulo
525 3017 638 3084 tecum,
669 3029 799 3089 exaequo
827 3020 855 3072 te
887 3028 954 3071 cum
982 3009 1142 3083 deteriore,
1173 3025 1302 3086 conparo
1334 3013 1363 3065 te

67 3126 136 3169 cum
156 3107 227 3182 deo,
253 3126 352 3188 pugno
373 3127 440 3169 cum
462 3108 558 3183 rivali,
593 3119 673 3171 certo
697 3130 765 3172 cum
787 3110 918 3185 aemulo;
948 3117 1028 3170 certo
1051 3116 1149 3170 autem
1170 3108 1237 3170 tihi:
1253 3103 1267 3190 ΙΙ
1282 3107 1363 3185 litigo

68 3226 136 3268 cum
155 3208 264 3282 amica,
295 3209 383 3270 ardeo
403 3209 577 3288 cupiditate,
611 3229 697 3272 careo
726 3212 838 3286 taedio,
872 3210 1013 3290 prohibeo
1035 3219 1064 3270 te
1083 3209 1199 3283 limine,
1229 3207 1362 3269 abstineo

67 3327 115 3369 me
137 3309 220 3382 cibo,
241 3316 270 3370 te
293 3310 424 3388 pendeo';
445 3311 498 3372 sed
519 3310 625 3373 melius
647 3331 681 3373 ex
704 3320 733 3373 te
750 3310 880 3392 pendeo:
904 3328 976 3390 egeo
998 3309 1084 3370 laude
1104 3316 1134 3369 et
1154 3308 1287 3386 indigeo,
1309 3308 1362 3367 im·

29 3434 54 3472 so
68 3409 136 3489 plen
157 3418 187 3470 te
207 3410 284 3471 vino.
327 3410 397 3471 item
425 3431 492 3472 cum
520 3412 737 3492 praepositione
764 3409 920 3471 ablativum
947 3428 1047 3471 casum
1072 3407 1192 3468 trahunt
1215 3407 1289 3467 hoec
1311 3406 1362 3479 ita,
1388 3451 1409 3463 .-

69 3509 214 3570 abhorreo
241 3510 277 3571 ah
310 3511 375 3586 illo,
406 3511 525 3573 discedo
552 3532 568 3572 a
596 3512 760 3593 petulante,
794 3509 904 3571 desisto
933 3507 969 3569 ab
995 3509 1051 3568 hac
1078 3526 1125 3580 re,
1143 3530 1144 3534 ¹
1159 3506 1295 3590 discrepo
1326 3505 1363 3564 ab

69 3610 189 3687 ignavo,
212 3610 353 3673 dissentio
375 3611 411 3671 ab
434 3612 588 3689 aequitate.
632 3613 702 3673 item
723 3611 859 3683 nomina,
886 3616 919 3670 ut
938 3607 1080 3670 oriundus
1103 3625 1136 3668 ex
1159 3605 1272 3677 hlrica,
1300 3602 1364 3662 lon-

68 3710 198 3788 ginquus
219 3712 256 3772 ab
277 3711 400 3786 Achaia,
428 3712 560 3774 diversus
589 3732 606 3773 a
628 3711 731 3774 Ponto.
775 3729 840 3770 emo
868 3727 935 3771 asse
961 3727 1015 3789 per
1040 3707 1195 3769 ablativum
1214 3703 1363 3764 ederimus

68 3820 98 3870 et
121 3811 179 3872 emi
203 3809 340 3894 [pretii];
379 3809 431 3872 sed
454 3812 589 3874 adverbia
614 3814 688 3874 haec
709 3813 776 3873 duo·
789 3811 875 3891 pretii
903 3828 956 3890 per
983 3807 1163 3888 genetivum,
1196 3816 1228 3869 ut
1249 3806 1363 3879 Graeci,

32 3929 56 3969 ss
69 3912 235 3987 ellerimus,
261 3913 361 3990 quanti
384 3910 503 3973 emisti?
530 3913 602 3974 tanti
623 3913 690 3975 emi.
735 3913 831 3974 allicio
853 3920 882 3973 te
901 3911 1021 3990 gaudio,
1049 3908 1191 3971 interdico
1213 3908 1266 3970 tibi
1288 3909 1361 3979 loro,

68 4011 143 4071 cado
163 4013 332 4091 proposito,
355 4012 459 4073 deficio
479 4012 576 4088 luctu,
598 4014 688 4076 inbuo
708 4031 788 4074 aram
809 4013 967 4091 sanguine,
989 4009 1115 4072 incendo
1137 4018 1166 4071 to
1188 4008 1319 4071 oratione
1334 4013 1364 4066 et

138 4231 155 4279 2
173 4228 331 4295 reprehendo
347 4232 444 4281 ratione
461 4233 553 4296 adpeto
572 4231 708 4280 amicitiam
731 4231 756 4280 A
778 4230 935 4296 reprehendo
953 4231 1093 4280 orationem
1113 4229 1205 4293 adpeto
1224 4226 1362 4274 orationem

69 4296 162 4362 adpeto
181 4298 317 4348 amicitiam
335 4300 386 4349 Μ’
434 4301 576 4365 4neclego
592 4299 617 4349 A
686 4307 819 4364 cotempno
837 4298 862 4348 A
931 4298 1077 4364 dispicioA
1145 4296 1294 4346 Boonmoto
1306 4291 1366 4342 AM

143 4366 176 4415 12
193 4381 302 4432 asperno
321 4368 354 4421 M
431 4370 543 4435 dispicor
556 4368 581 4418 A
660 4367 693 4419 14
709 4369 844 4423 ἰηιιιοοτς
870 4369 954 4417 intuor
972 4367 1029 4418 AM
1109 4363 1143 4414 lb
1165 4376 1236 4413 erum
1255 4361 1281 4410 A
1304 4363 1363 4410 er!-

71 4437 104 4484 na‘t
127 4435 162 4484 M
248 4436 280 4485 l'l
305 4438 480 4488 occansionem
498 4438 531 4487 M
613 4433 655 4486 23·
670 4450 752 4485 uacuo
774 4434 885 4498 (euacuo
906 4435 949 4498 A)
973 4435 1047 4500 culpo
1072 4446 1153 4482 uactm
1173 4429 1263 4480 militia
1280 4442 1362 4477 uacuo

70 4506 198 4569 scriptura
214 4503 275 4554 AM
352 4506 387 4556 25
404 4507 485 4573 llngro
501 4519 518 4561 ς
536 4504 623 4568 irogro
642 4505 667 4554 A
684 4502 759 4570 hago
778 4504 812 4555 M
896 4504 931 4555 26
946 4502 1041 4553 hirtum
1054 4501 1089 4552 M
1103 4500 1170 4550 lutto
1188 4498 1214 4547 A
1292 4511 1362 4546 cum·

71 4588 132 4637 paro
152 4587 210 4621 enm
228 4572 275 4622 deo
294 4575 318 4623 A
401 4576 434 4624 27
458 4574 531 4624 niuali
550 4573 575 4622 A
592 4573 671 4621 riuale
688 4572 723 4622 M
807 4572 841 4623 28
864 4573 984 4623 obsteneo
1001 4572 1027 4621 A
1113 4567 1148 4619 29
1173 4575 1198 4616 te
1215 4565 1299 4632 pendo
1316 4564 1362 4616 sed

71 4660 222 4757 meliusette
237 4706 335 4770 pendeo
354 4708 378 4755 A
457 4706 487 4756 31
510 4703 632 4754 abhorreo
650 4704 681 4752 ab
700 4703 742 4753 illo
761 4703 901 4764 Lucretius,
921 4703 1015 4769 uulgus
1032 4699 1149 4751 obhorret
1167 4700 1199 4749 ab
1215 4697 1295 4755 hacc

72 4774 104 4825 32
122 4775 278 4838 longinquos
290 4775 314 4822 A

1088 4850 1123 4910 21
1137 4847 1155 4885 *
