3114 5356
134 347 172 388 ra
690 324 896 387 PRAEFATIO

135 524 164 575 et
185 517 358 575 retrodictam.
381 520 452 577 altio
471 519 606 576 raiadicat
618 516 737 589 soctrcm
752 548 796 557 —
816 516 915 588 iraque
929 517 1007 575 illud
1021 516 1167 587 uectioolc
1187 515 1242 574 hoc
1256 515 1366 575 honora

136 629 179 678 cst
201 615 314 698 (Corn.
335 615 447 680 Front.
469 615 509 679 da
532 615 693 680 different.
715 610 868 681 vocabul.
897 636 928 699 p.
955 614 1189 693 2191-2194,
1211 611 1294 699 38)..
1324 612 1364 674 38

135 723 666 782 1011111110.1110ιί10101010νηί1-
690 731 799 798 slopan
822 721 946 794 capacis
974 722 1069 778 atsere
1094 720 1202 777 sacrm
1224 711 1367 795 (Charis.

138 819 332 902 288-290).
378 817 515 882 dimidia
546 820 617 885 fere
650 821 791 886 schedae
824 825 916 904 parte
950 816 1080 881 abscisa
1109 814 1248 885 alterum
1279 836 1366 878 vern

137 941 279 1002 comma,
308 920 394 1006 quod
418 919 514 984 finem
536 924 653 1008 capitis
676 924 769 987 cuius
792 928 939 984 extrema
961 918 1064 983 uerba
1086 939 1170 1005 quae
1193 924 1317 980 restant
1338 937 1366 1001 p«

136 1020 341 1102 continebat,
370 1031 499 1107 praeter
524 1045 646 1111 paucas
674 1023 937 1088 membranarum
965 1018 1101 1083 lacinias
1131 1018 1272 1083 deletum
1295 1027 1353 1082 est.

136 1123 201 1187 illis
223 1132 332 1186 tamen
355 1122 482 1188 laciniis
503 1125 583 1190 haec
601 1126 839 1213 adparuerunt:
866 1129 971 1187 Albino
992 1129 1109 1186 scaram
1126 1128 1350 1199 oramnauticus.

136 1231 224 1288 harae.
268 1223 387 1310 quibus
414 1225 524 1290 verbis
544 1226 651 1291 Servii
681 1225 812 1291 libellus
836 1226 1030 1290 decentum
1056 1227 1168 1289 metris
1197 1229 1243 1309 (p.
1272 1224 1352 1285 1815

137 1326 273 1412 Putsch)
294 1326 469 1390 indicatur.
512 1326 555 1391 ad
577 1328 715 1392 eundem
740 1325 859 1392 librum
877 1327 1042 1414 pertinent
1063 1347 1146 1412 quae
1170 1323 1288 1390 11138*
1311 1343 1363 1386 ser

139 1437 232 1510 sunt,
252 1450 270 1491 e
293 1427 413 1513 quibus
433 1448 506 1490 cum
528 1429 620 1513 prius
639 1451 765 1494 comma
783 1428 897 1492 eodem
920 1427 1039 1492 damno
1058 1436 1187 1514 praeter
1207 1422 1360 1514 paucasl

137 1554 192 1597 ras
212 1530 354 1595 deletum
375 1527 433 1609 sit,
456 1529 490 1590 in
510 1529 612 1594 altero
635 1529 797 1595 habentur
818 1531 914 1595 haec:
936 1536 981 1595 De
995 1535 1196 1609 hipponaclia.
1209 1534 1361 1607 hipponae

137 1642 253 1697 coastat
272 1642 441 1695 tetrametro
463 1639 634 1696 catalectico
655 1669 696 1679 -
720 1637 798 1712 supe
818 1639 933 1696 moenia
950 1640 1010 1696 iam
1032 1635 1231 1695 telamoniadc
1255 1629 1359 1715 (Serv⁴

137 1741 223 1798 cent.
245 1741 338 1796 metr.
360 1755 392 1817 p.
412 1734 512 1815 1819,
536 1735 721 1816 46-2822,
747 1738 789 1816 1).
833 1737 873 1798 39
895 1739 1008 1798 Pedaia
1032 1746 1061 1797 ct
1074 1728 1358 1813 pedale—talcar

137 1856 216 1898 mam
245 1839 436 1899 ct-hosta'am.
466 1841 585 1900 arictima
613 1843 710 1898 motor
728 1847 772 1898 cst
791 1842 886 1901 hostio
907 1844 1004 1900 minor
1028 1835 1141 1922 (Corn.
1165 1833 1277 1898 Front.
1300 1829 1341 1894 de

137 1936 253 2001 vocab.
275 1960 307 2022 p.
330 1936 426 2018 2194,
451 1939 649 2019 39-2204,
678 1936 745 2020 25).
790 1937 870 2002 haec
898 1939 1014 2022 igitur,
1044 1937 1205 2023 quaeita
1231 1943 1268 1996 ut
1289 1953 1355 1996 nun

137 2037 250 2103 codiee
274 2059 308 2101 se
330 2039 500 2125 excipiunt
521 2026 684 2122 indicavi,
712 2039 815 2124 siquis
844 2037 954 2123 paullo
978 2039 1162 2105 accuratius
1184 2033 1354 2100 examinas

139 2138 238 2204 facile
256 2137 433 2225 perspiciet
452 2140 599 2205 ordinem
619 2139 810 2203 schedarum
831 2161 939 2205 errore
961 2140 994 2202 in
1010 2138 1217 2223 conligendis
1234 2132 1353 2199 membr

138 2240 300 2307 conmisso
322 2237 489 2323 turbatum
512 2240 588 2306 olim
611 2239 714 2304 fuisse
734 2241 821 2306 hunc
841 2251 877 2307 ut
900 2241 1029 2306 schedis
1050 2243 1090 2305 36
1114 2243 1207 2304 0137
1230 2238 1317 2301 inter
1339 2235 1352 2297 3

144 2347 184 2407 39
208 2344 299 2427 (narn
321 2340 368 2403 ita
386 2340 598 2408 membranae
619 2344 705 2408 inter
726 2367 760 2408 se
779 2343 965 2426 cohaerent)
988 2341 1189 2429 interpositis
1213 2340 1260 2403 sic
1289 2358 1324 2400 se
1346 2362 1351 2391 ι

138 2453 253 2531 perant
275 2440 427 2526 singulae
449 2442 605 2527 schedae,
633 2449 674 2512 38
698 2448 738 2509 36
763 2449 803 2511 37
831 2448 883 2509 39.
928 2446 1038 2532 itaque
1066 2445 1206 2531 primuqr
1228 2441 1336 2528 posita

139 2546 204 2611 duo
218 2544 326 2631 capita
349 2543 389 2608 de
408 2568 505 2610 versu
522 2548 675 2613 Saturnio
698 2538 730 2612 et
753 2549 793 2612 dc
808 2546 960 2632 rhythmo
980 2546 1069 2632 (3S);
1093 2546 1241 2631 sequitur
1262 2542 1348 2606 Serv]

137 2657 268 2712 centnm
292 2646 405 2709 metris
430 2647 560 2711 libellus
586 2650 652 2735 (38.
678 2651 752 2733 36);
778 2671 852 2713 eum
880 2657 988 2711 autem
1019 2649 1152 2733 quintus
1181 2646 1266 2711 liber
1292 2642 1347 2707 Oh:

128 2747 233 2833 .(36*2
260 2748 315 2830 37)
339 2748 477 2834 excipit3
498 2747 574 2814 huic
596 2750 737 2837 denique
758 2750 917 2814 subicitur
931 2748 1107 2813 Frontonis
1129 2748 1186 2835 qni
1208 2746 1328 2811 dicitur

139 2850 180 2913 de
202 2847 396 2912 differentiis
419 2849 510 2933 (3711.
530 2852 597 2934 39).
641 2852 676 2916 in
698 2873 763 2938 qua
780 2852 911 2938 quidem
931 2873 1079 2938 conpage
1106 2872 1180 2939 cum
1203 2849 1248 2912 ita
1269 2868 1344 2913 omn

138 2947 323 3034 argumenti
337 2956 370 3010 et
387 2947 581 3015 schedarum
596 2954 810 3019 continuitate
824 2956 911 3019 inter
922 2977 957 3020 se
970 2952 1166 3019 cohaereant
1177 2960 1213 3014 ut
1223 2950 1307 3015 nihil
1319 2949 1341 3015 d

139 3049 312 3135 adpareat,
336 3049 483 3135 sequitur
500 3050 574 3117 illas
597 3062 750 3140 quattuor
771 3056 908 3120 schedas
931 3058 1061 3121 interna
1088 3073 1161 3117 esse
1188 3052 1282 3138 paria
1303 3075 1341 3140 qu

139 3150 263 3232 aionis,
292 3148 385 3213 cuius
413 3152 506 3236 paria
527 3165 665 3221 externa
685 3159 863 3244 perierunt.
908 3158 998 3244 atqui
1026 3157 1158 3220 tertium
1187 3155 1338 3243 quaterni

139 3252 173 3314 in
201 3250 276 3314 libri
305 3252 412 3338 quarti
438 3251 580 3320 Charisii
607 3259 714 3345 capite
742 3268 851 3342 sexto,
881 3258 968 3345 quod
997 3258 1186 3323 inscribitur
1215 3258 1256 3322 dc
1284 3257 1339 3322 lec

138 3353 307 3416 terminari
329 3351 482 3417 diximus·
527 3371 602 3443 post
630 3384 725 3448 quem
756 3361 863 3426 locum
891 3383 975 3448 quae
994 3363 1116 3446 scripta
1143 3368 1236 3424 erant
1266 3382 1337 3447 usqi

139 3477 213 3518 eum
232 3456 290 3541 qui
312 3463 362 3518 cst
379 3453 420 3517 de
432 3455 659 3547 idiomatibus,
682 3486 702 3527 a
724 3486 788 3550 quo
811 3464 916 3550 quinti
939 3462 1016 3528 libri
1037 3462 1165 3524 initium
1187 3461 1309 3525 factum
1331 3486 1336 3520 1

140 3555 261 3620 scheda
276 3557 316 3619 36
325 3556 352 3638 *,
374 3578 413 3621 ea
429 3558 463 3621 111
484 3561 592 3628 indice
608 3564 824 3651 capitulorum
846 3567 880 3629 in
901 3564 1008 3628 fronte
1028 3562 1151 3626 codicia
1167 3560 1271 3649 posito
1292 3563 1335 3625 inc

140 3667 216 3721 sunt
242 3657 304 3739 ita,
335 3664 374 3722 dc
400 3673 525 3726 accentu
550 3677 580 3729 ct
600 3675 757 3747 parituris,
787 3673 824 3732 de
845 3672 1036 3742 dismctiauc,
1064 3670 1101 3728 dc
1120 3671 1333 3744 procreationes

139 3764 351 3836 madidatione,
380 3766 418 3824 dc
440 3773 671 3846 conh'aaata'anc,
695 3777 733 3834 dc
753 3775 955 3849 separatione,
982 3771 1021 3830 dc
1047 3788 1147 3843 maru,
1179 3770 1332 3830 dedistis

140 3867 178 3924 dc
194 3865 450 3942 intaminatam,
473 3872 511 3930 dc
531 3875 682 3948 11011100,
708 3877 745 3935 de
767 3879 855 3935 arceri
876 3876 1102 3947 versificatione,
1124 3874 1161 3931 de
1182 3873 1260 3942 hosi,
1290 3872 1328 3931 de

139 3969 206 4039 aas,
226 3968 423 4041 (1100111111,
447 3968 484 4030 do
503 3978 612 4033 metris.
656 3970 707 4033 his
723 3971 827 4035 titulis
843 3981 1000 4057 (quantum
1016 3969 1279 4034 membranarum
1295 3991 1329 4054 sp

140 4063 351 4129 tribuendum
374 4067 417 4129 sit
437 4090 633 4157 quamquam
653 4081 742 4136 certo
765 4072 901 4136 iudicari
917 4073 1048 4157 nequit,
1072 4080 1180 4133 tamen
1198 4091 1312 4157 parum

142 4164 209 4232 bile
225 4173 274 4228 cst
290 4164 454 4251 integrum
473 4173 718 4256 quaternionem
737 4173 791 4236 vel
806 4173 867 4238 hoe
887 4172 1025 4259 amplius
1041 4172 1138 4235 ctiam
1155 4172 1303 4257 periisse.

140 4291 178 4333 eo
200 4264 309 4354 potius
332 4269 525 4337 adducimur
545 4282 582 4337 ut
601 4272 689 4337 illam
714 4297 893 4361 conpagem
912 4275 1004 4339 cuius
1032 4273 1096 4338 duo
1126 4271 1320 4337 schedarum

140 4371 296 4436 interiora
318 4392 506 4470 superesse,
527 4378 691 4441 exteriora
707 4377 784 4441 item
801 4378 865 4442 duo
880 4377 1016 4464 periisse
1033 4375 1324 4441 demonstravimus

141 4472 347 4559 quaternioni
370 4474 549 4540 subiectam
573 4488 606 4541 et
633 4485 747 4563 quarto
770 4481 840 4545 loco
861 4480 1002 4564 positam
1025 4476 1127 4539 fuisse
1148 4475 1305 4539 dicamus.

142 4574 239 4638 simul
262 4574 343 4641 illud
366 4578 590 4662 consequitur,
615 4579 764 4644 undecim
785 4580 990 4645 membranas
1012 4576 1194 4664 dequibus
1225 4587 1322 4642 antea

141 4696 214 4737 mus
237 4674 313 4739 olim
337 4687 410 4764 post
425 4689 575 4765 quartum
594 4682 839 4765 quaternionem
855 4680 977 4768 positas
994 4690 1174 4744 extremum
1193 4680 1318 4746 codicis

142 4775 336 4843 obtinuisse.
382 4801 460 4865 ergo
480 4782 587 4867 quarti
610 4785 834 4867 quaternionis
853 4782 992 4848 schedae
1012 4782 1096 4846 duae
1117 4804 1200 4869 quac
1223 4783 1257 4846 in
1276 4783 1320 4847 ini

143 4879 284 4962 11011101,
308 4883 385 4946 item
408 4884 521 4967 tertia,
543 4885 637 4950 euius
653 4883 791 4948 dimidia
813 4907 888 4972 pars
906 4883 1021 4949 relicta
1042 4891 1109 4965 est,
1140 4891 1174 4948 at
1191 4893 1319 4972 quartat
