3114 5356
509 288 592 350 ΛΒΤ.
615 286 758 350 Gthlbl.
778 288 850 351 LlB.
874 290 914 352 lll
1314 294 1377 357 505

157 400 205 440 ὅθί.
219 399 258 440 505
271 398 296 440 P.
457 407 462 415 '
1225 429 1250 439 -

71 472 104 533 in
124 412 305 531 {rosamo
351 471 427 532 sene
455 470 598 535 necemus
625 482 688 536 rum
709 475 828 537 nemum
848 476 878 537 rn
906 476 1009 539 humo
1038 406 1374 556 ..terminiis

72 581 152 632 trum
174 569 343 646 admittere,
364 591 432 635 cum
453 573 484 635 iu
504 575 685 655 paenultima
707 576 773 638 loco
795 577 959 657 spondeum
981 575 1079 637 habet

157 671 212 732 dlii
234 671 271 733 de
294 673 397 734 eodem
420 674 473 735 sic.
505 676 725 757 anapaesticum
747 687 874 741 metrum
895 678 1000 758 recipit
1020 678 1110 758 pedes
1135 676 1282 758 quattuor,
1304 683 1372 745 dac·

71 771 162 852 tylum
178 772 344 853 spondeum
358 774 643 856 proceleumaticum
660 791 868 859 anapaestum,
887 798 977 860 aquo
993 798 1100 840 nomen
1117 782 1233 844 meruit
1266 784 1371 847 horum

42 873 239 954 sconpositio
259 874 399 954 frequens
421 885 466 939 est
488 886 657 958 anapaesto,
677 900 733 960 per
754 896 842 958 quem
862 878 1021 960 plurimum
1045 888 1176 958 constat3
1199 883 1252 945 sed
1273 885 1372 963 dacty-

70 975 133 1036 lum
145 975 177 1036 in
189 974 299 1038 dextris
310 977 436 1056 pedibus
448 986 561 1040 tantum
581 977 671 1041 habet
688 981 734 1041 vel
752 998 838 1058 quem
858 979 930 1042 libet
946 999 981 1041 ex
1003 979 1085 1055 aliis,
1108 981 1138 1041 in
1159 983 1286 1047 sinistris
1302 1005 1370 1048 vero

72 1087 153 1157 rutra
180 1077 325 1158 dactylum
348 1096 436 1157 quem
457 1077 529 1139 libet
549 1097 584 1139 ex
608 1070 736 1161 trisshus,
768 1100 823 1161 pro
852 1091 884 1143 ut
913 1101 961 1143 res
983 1081 1127 1161 exegerit,
1160 1083 1190 1145 id
1213 1093 1259 1146 ast
1280 1107 1370 1167 spon-

71 1179 175 1254 deum,
198 1179 380 1260 tribrachyn,
400 1180 496 1261 ipsum
519 1179 680 1241 dominum.
719 1201 741 1260 a
764 1181 888 1244 dimetro
912 1192 1008 1267 autcru
1032 1184 1062 1245 in
1084 1192 1285 1247 tetrametrum
1309 1208 1370 1249 am-

69 1279 187 1360 pliatur.
230 1280 438 1360 praeponitur
457 1289 553 1341 autern
568 1288 626 1340 tam
644 1279 775 1361 dactylus
798 1292 941 1364 perpetuo
961 1285 1063 1346 dexter·
1082 1294 1111 1346 et
1132 1283 1192 1347 tres
1211 1286 1259 1348 alii
1280 1305 1368 1367 quam

29 1406 55 1445 ro
69 1381 257 1460 subiungitur
278 1379 527 1460 unusquilibet
553 1400 588 1443 cx
615 1380 719 1443 tribus.
762 1383 852 1445 huius
882 1384 1012 1447 clausula
1040 1387 1172 1466 spondeo
1198 1395 1231 1448 et
1255 1388 1369 1469 dactylo

70 1481 253 1543 terminatur.

594 1619 632 1662 nh
653 1616 846 1663 menstruo

155 1716 383 1798 Autispasticum
405 1726 530 1780 metrum
553 1720 731 1800 conponitur
751 1719 931 1799 antispasto,
953 1720 1079 1782 admittit
1097 1729 1195 1783 autern
1217 1732 1247 1785 et
1267 1724 1371 1787 iambi-

69 1838 135 1881 cam
156 1819 242 1880 basin
263 1836 318 1899 per
335 1820 518 1899 sympathiam
563 1827 592 1880 et
618 1820 856 1900 primoquidem
884 1822 965 1900 regio
993 1820 1105 1902 primae
1128 1819 1288 1900 gressiouis
1316 1844 1369 1886 an·

29 1941 54 1979 rs
69 1919 239 1999 tispasticac
260 1921 469 1999 magnitudinis
491 1921 570 1984 omni
594 1940 703 2000 genere
724 1941 741 1983 a
762 1921 859 2001 poetis
881 1930 1022 1982 moretur.
1066 1921 1212 2000 longiatur
1233 1933 1367 1985 autema

68 2019 195 2082 ‹bmetro
220 2038 314 2099 usque
340 2029 563 2100 pentametrum.
607 2022 854 2102 perfectissimum
882 2028 978 2084 autem
1004 2033 1050 2085 est
1071 2022 1366 2101 heccedccasyllahon

68 2122 264 2213 SapphIcu'm,
299 2132 329 2185 et
363 2124 421 2185 hoc
451 2124 568 2203 quidem
595 2123 787 2210 acatalectum
814 2130 860 2186 est
888 2131 917 2184 et
949 2123 1037 2185 hahet
1065 2123 1253 2186 novissimam
1281 2123 1365 2185 basin

67 2221 232 2286 iambicam.
277 2232 478 2287 tetrametrum
507 2232 605 2286 autem
633 2224 835 2287 catalecticum
855 2221 860 2307 Ι
878 2210 1124 2305 perfectissimum
1147 2224 1292 2303 estquod
1314 2246 1367 2306 ap-

67 2323 195 2403 pellatur
213 2325 377 2406 Priapium,
404 2326 483 2407 quod
504 2323 656 2400 πολυειδές
674 2326 808 2387 admittit

28 2552 54 2590 20
596 2545 632 2587 ΒΕ
655 2545 842 2588 ΟΒΒΒΙΔΙΒΙΟΟ

154 2644 389 2706 choriambicum
411 2652 536 2706 metrum
559 2652 676 2705 constat
697 2644 866 2707 choriambo
893 2640 968 2723 pede
994 2641 1152 2720 quadrato,
1182 2660 1199 2703 a
1225 2658 1283 2720 quo
1310 2661 1365 2702 no-

65 2764 134 2806 men
157 2746 291 2826 sumpsit.
336 2763 353 2805 a
373 2745 497 2805 dimetro
520 2753 618 2806 autem
639 2745 669 2806 in
693 2753 893 2807 tetrametrum
922 2742 1076 2821 longiatur.
1121 2743 1224 2806 leritrrr
1244 2762 1298 2826 per
1321 2743 1365 2803 di-

64 2845 175 2926 podian
199 2854 318 2926 quater,
340 2846 371 2907 in
393 2862 451 2923 qua
473 2845 622 2905 antecedit
642 2845 815 2921 trochaeus,
836 2845 969 2923 sequltur
990 2845 1120 2919 iambus,
1143 2845 1196 2905 sed
1217 2844 1363 2905 interdurn

64 2948 165 3028 priore
186 2947 316 3009 trochaei
337 2946 448 3026 syllaba
470 2945 500 3006 in
523 2944 597 3008 duas
619 2946 724 3009 breves
741 2947 871 3009 resoluta
893 2947 1060 3025 tribrachyn
1081 2946 1216 3007 admittit
1251 2944 1364 3007 mediae

24 3071 50 3110 rs
64 3048 142 3110 durae
163 3066 280 3127 quoque
303 3048 438 3128 dipodiae
460 3046 602 3108 iambicos
624 3048 735 3128 optimc
754 3055 920 3129 ponuntur;
956 3055 1078 3125 quartae
1100 3044 1246 3118 clausula,
1268 3044 1297 3104 id
1320 3052 1366 3105 est

65 3150 188 3212 ultimus
207 3169 277 3230 pes,
307 3157 358 3210 aut
377 3149 502 3209 bacchio
524 3157 575 3209 aut
595 3149 807 3230 amphibracho
829 3150 1018 3220 terminatur,
1053 3145 1098 3206 vel
1119 3146 1218 3226 potius
1241 3144 1364 3205 iambica

63 3251 181 3331 dipodia
205 3251 392 3324 conlocatur,
414 3249 522 3326 inqua
544 3250 692 3311 antecedit
713 3259 907 3331 anapaestus,
930 3249 1063 3326 sequitur
1078 3265 1144 3308 urso
1165 3244 1300 3326 cyliobo.

570 3470 607 3510 llll
632 3468 726 3510 lonico
747 3465 860 3508 mortu.

150 3571 268 3632 lonicus
295 3569 389 3631 maior
416 3577 531 3630 constat
556 3569 733 3647 homonyma
760 3564 852 3647 pede,
881 3563 1006 3624 admittit
1027 3570 1125 3623 autern
1149 3549 1224 3620 meri
1244 3552 1362 3637 συμπά-

21 3692 47 3732 au
61 3677 154 3734 θειαν
172 3672 258 3734 basin
278 3670 457 3732 trochaicen.
494 3679 523 3731 et
542 3670 629 3733 huius
652 3668 736 3731 metri
757 3667 869 3748 primae
887 3663 1048 3743 gressiouis
1070 3662 1164 3743 prima
1183 3662 1264 3740 regio
1288 3662 1363 3722 mul-

60 3773 220 3836 tiformiter
238 3770 365 3834 variatur
387 3780 416 3832 et
434 3770 706 3850 brachycatalecton
729 3768 884 3831 desiderat.
926 3784 943 3827 a
965 3766 1089 3827 dimetro
1110 3765 1140 3825 in
1161 3769 1362 3823 tetrametrum

61 3872 219 3952 lougiatur.

134 4077 147 4126 l
169 4077 322 4141 trysyllabus
340 4076 366 4126 A
384 4076 576 4140 trisyllabumc
652 4073 783 4138 brecepit
801 4071 860 4121 AM
935 4069 1008 4119 best
1026 4083 1083 4116 cum
1102 4074 1277 4133 anapaestos
1346 4065 1361 4114 7

60 4146 318 4281 filistiim
334 4149 368 4266 d
387 4140 850 4264 ...htttdtttmtadll..
871 4135 1274 4260 distahidedi..
1291 4133 1362 4253 ...ll

60 4285 142 4335 lectici
160 4284 247 4334 ΑΒΜ
348 4282 380 4334 19
405 4284 530 4349 priepium
548 4283 624 4333 BMo
644 4282 785 4348 prieprium
801 4279 827 4328 A
926 4267 1085 4337 πολυειδές]
1111 4274 1199 4340 plyidrr
1214 4273 1275 4323 AM
1293 4272 1361 4337 plyi-

58 4354 120 4403 dem
138 4353 165 4403 B
269 4354 303 4404 25
318 4353 432 4403 clausule
451 4351 484 4400 M
499 4353 629 4402 clausulae
646 4350 699 4400 AB
807 4347 841 4399 26
865 4347 983 4396 ultimum
1000 4343 1060 4393 AM
1168 4337 1360 4408 amphibracho]

58 4421 189 4472 uibracho
217 4423 250 4472 Μ
272 4421 412 4472 tribmccho
445 4421 470 4471 B
499 4420 613 4472 tribacho
640 4421 666 4470 A
673 4437 684 4471 .-
710 4418 745 4482 σι’.
764 4419 849 4469 Dioni.
867 4432 895 4481 p.
912 4415 965 4466 509
992 4414 1061 4464 Mor.
1090 4413 1214 4464 Victoria.
1237 4427 1266 4474 p.
1292 4408 1361 4460 2532

130 4492 336 4556 monspisatus
354 4505 477 4548 seourrun
495 4506 529 4540 ns
548 4504 637 4540 murco
656 4501 752 4539 aaronis
770 4485 863 4537 ΑΒΜ.
892 4486 1006 4549 sequitur
1025 4496 1076 4531 uua
1094 4481 1191 4545 syllaba
1210 4482 1318 4543 scripsi,
1336 4488 1362 4527 art

57 4563 248 4626 molleperetar
266 4561 298 4610 de
316 4577 347 4612 eo
364 4560 586 4610 choriornbicorum
602 4575 718 4610 ceramon
735 4559 815 4614 exitu,
831 4571 902 4620 quem
922 4555 1075 4616 dactylicwn
1089 4553 1163 4613 mern
1180 4550 1241 4600 dicit
1255 4547 1362 4598 Mattius

61 4630 210 4680 theodorus
225 4645 254 4693 p.
273 4629 309 4678 44⁴
332 4630 380 4680 hoc
395 4632 479 4694 posito
502 4633 632 4693 exempto,
655 4628 739 4676 celsus
761 4638 828 4688 equo
850 4622 987 4672 Phoenicia
1012 4630 1082 4670 reste
1106 4619 1189 4668 nitens
1213 4618 1264 4681 ibat
1280 4617 1361 4665 Arion

125 4697 163 4748 29
180 4699 266 4748 ionica
278 4697 363 4747 ΑΒΜ
447 4707 502 4748 catu
520 4697 681 4763 synpsthyatr
696 4696 776 4744 husen
793 4691 927 4744 trocheceu
945 4697 1077 4755 (trecensu
1095 4687 1140 4750 M)
1157 4686 1217 4738 ΒΜ
1239 4695 1295 4735 cata
1312 4700 1361 4748 syn

56 4763 198 4829 pathinndu
216 4781 277 4815 asen
297 4766 430 4817 trochecen
448 4766 472 4814 A

110 4871 319 4912 unumunurm
343 4872 456 4914 urrini
483 4873 504 4911 r.
1114 4843 1154 4904 33
