3114 5356
136 256 197 361 ior
646 298 655 315 ·
681 252 687 265 ’
713 283 876 349 cuimsu

155 397 418 552 lespldbibbsnuun
439 471 578 547 dicimus,
607 471 659 534 sed
678 472 815 535 Titianus.
860 473 896 535 de
919 491 976 551 qua
998 473 1168 551 quaestione
1194 492 1210 533 a
1231 400 1440 553 Nddoubbngo

152 574 265 637 libellus
294 572 443 669 comptus.
449 581 502 635 est.
546 573 616 634 item
644 574 852 637 deminutionis
874 575 1065 653 inaequalitas
1087 574 1159 637 dura
1182 583 1242 648 est,
1271 584 1304 637 ut
1324 575 1441 639 imaus

151 670 332 755 ἰυῂωΙυυ,
338 652 581 765 ¹'a'iflsb'fatulum
605 675 700 757 pulvis
719 676 914 757 puluisculus,
935 676 1033 738 vinum
1053 675 1198 751 vinulam,
1219 677 1295 741 talus
1309 678 1439 765 taxillus,

40 851 45 861 Ι
151 778 233 860 pauit
253 762 415 860 pasldlds't
409 750 509 863 bpimo
519 762 723 839 homunculus
744 784 775 838 et
795 779 968 853 homuncio,
992 778 1083 858 piscis
1104 779 1263 859 pisciculus
1286 787 1316 841 et
1337 781 1439 863 piacu-

151 880 204 945 laa
247 880 316 943 item
343 879 373 942 iu
399 880 602 959 coniungendo
631 880 748 962 propria
775 886 822 941 eat
848 880 1022 960 quibusdam
1048 889 1196 960 potestas,
1226 899 1300 960 quae
1322 884 1465 946 rationes

151 982 324 1060 excluditur,
352 991 385 1046 ut
410 1002 477 1045 cum
500 983 624 1044 dicimus
644 983 851 1063 quinquaginta
872 983 952 1044 milia
974 1001 1143 1060 nummum,
1170 1002 1226 1044 nec
1247 984 1346 1045 statim
1368 1003 1440 1045 cen·

150 1086 224 1147 tiens
250 1070 402 1148 nribuuum
423 1085 520 1146 dicere
545 1104 722 1169 possumusq
741 1093 770 1145 ot
792 1085 924 1148 centiens
945 1085 1130 1160 sestertium,
1159 1104 1214 1147 nec
1233 1092 1329 1148 tamen
1351 1087 1438 1166 quin-

149 1188 284 1266 quaginta
305 1187 486 1263 sectantium,
506 1186 558 1248 sed
581 1187 788 1265 quinquaginta
810 1187 944 1250 sestertia
966 1189 1097 1250 dicimus.

232 1291 414 1352 Praeteritum
441 1289 556 1368 quidam
591 1288 647 1349 dici
675 1288 791 1365 volunt,
824 1291 889 1368 quia
922 1289 1098 1370 bitellegitur
1130 1289 1348 1366 vestimentum3
1383 1290 1435 1351 sed

148 1391 334 1453 consuetudo·
349 1391 430 1468 vicit,
462 1410 537 1471 quae
558 1399 736 1470 praetextam
758 1390 843 1472 dicit,
869 1392 1001 1456 referens
1022 1393 1133 1454 scilicet
1155 1392 1191 1453 ad
1213 1400 1320 1470 togam.
1366 1411 1434 1453 narn
1451 1413 1474 1455 u

148 1511 347 1574 quaecumque
368 1491 534 1555 derivantur
554 1493 599 1554 rel
625 1493 738 1554 mediae
760 1502 828 1557 sunt
849 1496 1003 1575 potestatis
1030 1494 1131 1573 quovis
1157 1513 1263 1573 genere
1285 1493 1342 1555 dici
1366 1513 1437 1574 pos·

146 1605 223 1660 sunt.
267 1602 387 1659 sumunt
407 1596 483 1657 enim
506 1613 599 1673 genus
620 1595 656 1655 ab
679 1596 725 1657 bis
748 1595 853 1676 quibus
882 1598 1035 1660 coniuncta
1063 1605 1147 1671 sunt;
1179 1605 1211 1657 ut
1241 1605 1312 1677 puta
1339 1596 1437 1659 Luca·

145 1700 259 1774 uicum,
285 1698 461 1778 intellegitur
489 1697 672 1778 pulmentum
697 1698 742 1759 vel
770 1700 955 1774 intestinum,
985 1706 1014 1759 et
1042 1699 1089 1760 hie
1110 1698 1292 1773 Lucanicus,
1319 1698 1437 1761 auditur

144 1802 262 1864 botulus
283 1801 326 1862 rel
350 1808 521 1882 apparatus,
548 1806 578 1860 et
598 1801 671 1862 baec
692 1801 837 1864 Lucanica
859 1802 998 1864 leuduino
1013 1819 1136 1879 genere,
1161 1799 1339 1879 intellegitur
1360 1802 1435 1877 hira,

144 1904 200 1967 boc
222 1913 267 1967 est
284 1904 469 1978 intestinrun,
498 1910 547 1964 aut
569 1903 645 1964 aliud
665 1904 743 1984 quod
759 1924 834 1968 unus
852 1907 976 1985 quisque
996 1902 1164 1981 intellegere
1183 1901 1315 1963 voluerit
1352 1921 1435 1964 sum·
1449 1919 1474 1962 rs

137 2015 224 2094 ptum
241 2014 286 2067 cst
304 2006 380 2068 enirn
399 2023 506 2067 nomen
525 2005 562 2066 ab
584 2006 783 2069 inventoribus
797 2008 960 2071 Lucanicis.
984 2004 1115 2068 similiter
1137 2014 1166 2066 ct
1185 2024 1260 2085 opus
1277 2004 1434 2085 pistorium

143 2110 220 2190 quod
240 2109 324 2190 adipe
346 2110 500 2172 conficitur
516 2109 595 2170 omui
614 2106 619 2192 Ι
639 2129 745 2189 genere
767 2110 823 2172 dici
844 2119 955 2192 potest,
982 2107 1075 2169 ethic
1096 2106 1245 2187 adipatus,
1268 2126 1326 2187 quo
1348 2107 1436 2169 intel-

142 2212 249 2291 legitur
269 2212 352 2293 prauis
375 2220 426 2273 aut
445 2210 522 2271 aliud
545 2211 630 2289 quid,
658 2214 781 2276 ethaeo
803 2214 933 2294 adipata,
956 2212 1012 2273 hoc
1036 2217 1184 2290 estpars,
1207 2219 1237 2271 et
1256 2211 1313 2272 hoc
1331 2211 1435 2291 adipa-

142 2323 213 2388 tum,
231 2333 306 2394 opus
329 2313 449 2376 scilicet.
493 2299 561 2374 nam
582 2321 612 2375 et
625 2310 640 2398 ΙΙ
654 2314 782 2376 Lucilius
804 2316 826 2376 V
847 2317 1033 2396 adipatum
1057 2310 1126 2375 dicit
1147 2311 1285 2375 feminino
1306 2332 1434 2392 genere;

141 2418 193 2479 sed
214 2417 254 2479 ibi
272 2417 365 2496 iungit
386 2415 505 2496 pultem.
623 2481 626 2487 Δ
1445 2440 1474 2483 aa

224 2519 352 2580 Fordecs
374 2527 402 2579 et
422 2517 548 2598 forcipes
569 2525 599 2580 et
616 2515 756 2598 forpices
770 2519 887 2598 quidam
905 2520 1082 2598 distingunt,
1106 2529 1138 2581 ut
1152 2522 1267 2582 forfices
1286 2520 1347 2582 sint
1369 2539 1434 2582 sar·

140 2621 302 2681 cirratorum
332 2619 523 2694 afaciendo,
553 2620 694 2700 forcipes
713 2619 895 2701 fabrorum,
925 2622 1001 2701 quod
1026 2624 1133 2684 ferrum
1157 2623 1281 2684 calidum
1303 2623 1432 2703 capiant,

28 2727 32 2734 '
141 2722 266 2802 forpices
288 2728 450 2793 tonsorum,
469 2719 547 2798 quod
569 2721 660 2801 pilum
682 2732 791 2784 secent.
814 2724 866 2783 sed
889 2724 986 2804 inepta
1009 2725 1081 2787 liaeo
1103 2746 1169 2788 esse
1181 2725 1310 2787 Lucilius
1333 2724 1431 2795 docet,

140 2823 190 2903 qui
213 2825 298 2884 ctiam
317 2821 497 2883 medicorum
519 2820 647 2902 forcipes
669 2822 739 2884 dicit
757 2823 831 2885 libro
851 2825 904 2900 tx,

597 2924 830 3006 scalprorum
852 2930 1128 3011 forcipiumque
1441 2958 1464 3001 a

303 3027 405 3089 milia
425 3026 579 3106 uiginti,

141 3130 210 3191 item
232 3130 319 3210 paulo
341 3141 408 3211 post

632 3235 744 3295 tineis
766 3234 981 3316 forcipibus
1002 3236 1134 3298 dentes

301 3334 457 3410 vellere3

107 3562 113 3573 ¹
136 3551 169 3602 21
206 3552 232 3601 N
244 3559 262 3600 ΙΙ
279 3561 298 3610 4,
315 3560 329 3600 t
363 3555 472 3606 Fordces

391 3680 468 3687 —-

209 3787 402 3852 3pului'soulus
422 3788 446 3837 N
532 3786 549 3834 4
575 3735 686 3850 pudibus
703 3785 729 3835 N
813 3743 931 3835 homulub
954 3786 1089 3840 homuncio
1113 3787 1138 3837 N
1223 3793 1240 3842 5
1266 3800 1303 3841 ost
1325 3808 1371 3842 orn
1392 3794 1424 3857 b,

139 3857 199 3908 odd.
216 3873 236 3921 p
314 3858 395 3908 ised
411 3858 506 3907 centies
522 3856 663 3905 sestertium
682 3854 815 3905 Fabricius
897 3873 942 3907 nee
959 3864 1042 3908 tamcu
1063 3859 1101 3907 ..L
1120 3861 1300 3911 sestertinms.
1322 3861 1352 3912 L
1371 3878 1426 3914 scs·

1127 3938 1139 3964 0

138 3983 212 4031 tertia
229 3982 337 4032 dicimus
356 3978 381 4027 N
449 3980 482 4030 14
499 3977 593 4027 bitulus
612 3976 638 4025 N
706 3976 737 4026 17
757 3977 823 4039 quod
841 3978 917 4045 adipe
937 3970 1118 4027 conficitur
1084 3994 1105 4028 ω
1123 3996 1138 4043 q
1157 3980 1223 4031 odiis
1239 3983 1424 4034 coudeiturN:

135 4051 253 4103 similiter
265 4058 290 4100 et
307 4049 348 4099 hic
365 4048 482 4113 adipatus
499 4049 574 4114 panis
593 4048 653 4109 quia
671 4047 730 4112 dipe
750 4046 910 4111 conficiturp
997 4048 1032 4098 20
1050 4050 1095 4099 sed
1112 4049 1157 4099 ubi
1174 4051 1257 4116 iungit
1276 4053 1302 4101 N
1322 4054 1368 4103 sed
1387 4054 1425 4103 illi

135 4123 218 4189 iungit
234 4121 368 4172 Fabricius
396 4118 442 4167 sed
466 4117 502 4167 illi
519 4116 650 4182 subiungit
667 4115 803 4167 Patscltirae
822 4117 891 4169 etl.
910 4119 998 4168 bouso
1016 4120 1098 4170 Lucil.
1117 4128 1166 4170 sot
1186 4124 1232 4172 rel
1252 4123 1276 4172 V
1294 4126 1372 4187 sep
1391 4125 1427 4177 38

204 4191 300 4257 pultem
318 4204 339 4238 ω
366 4186 453 4255 pfutcu
472 4188 498 4237 N
581 4187 612 4237 21
631 4195 655 4236 et
673 4186 784 4271 forpices
802 4201 848 4240 om.
867 4187 904 4237 N:
933 4187 1041 4239 torsscos
1059 4189 1158 4241 filorum
1182 4189 1292 4256 forpices
1313 4194 1425 4258 pilorum

136 4261 247 4328 forcipes
265 4259 393 4309 fabrorum
412 4258 579 4319 dicuuturp:
602 4256 636 4320 rs.
654 4256 727 4308 Seru.
745 4260 769 4307 in
791 4257 871 4322 Verp
889 4257 955 4311 Aera.
975 4258 1034 4308 Vlll
1054 4259 1105 4311 453
1134 4261 1192 4313 Vel.
1213 4262 1293 4328 Lonp.
1311 4277 1339 4326 p.
1355 4264 1426 4317 2232

136 4331 286 4395 Cossiodp
289 4327 383 4381 2292
453 4327 612 4392 distinguunt
627 4326 759 4376 Pntscbius
775 4326 904 4378 dissidunt
924 4328 950 4377 N
1020 4331 1053 4380 22
1073 4346 1087 4379 n
1106 4330 1277 4381 sarciendam
1349 4333 1427 4384 forci-

134 4416 182 4467 pes
196 4400 324 4452 fabrorum
341 4414 387 4451 om.
408 4397 432 4446 N
459 4404 483 4447 at
505 4397 614 4461 forcipes
638 4396 767 4446 fabrorum
782 4412 798 4445 e
813 4396 917 4447 feranda
941 4398 1074 4449 Patrobios
1160 4400 1228 4462 quod
1247 4400 1343 4453 fenum
1363 4404 1427 4456 Pria

135 4470 217 4522 retra
242 4488 257 4534 q
248 4470 369 4521 ferrum
388 4467 414 4517 N
496 4475 576 4517 utram
594 4468 695 4550 eupiunt
712 4482 745 4516 aa
764 4468 867 4531 capiunt
884 4475 951 4518 esset
971 4471 996 4518 in
1015 4468 1041 4517 N
1058 4484 1107 4518 nen
1125 4470 1259 4532 adparuit,
1284 4474 1389 4540 capiant
1402 4492 1427 4526 ω

203 4540 236 4592 23
254 4540 366 4607 forpices
383 4546 512 4588 tonsorum
529 4539 634 4587 confecit
653 4529 836 4588 Lindenrannua
867 4536 978 4602 forcipes
1002 4546 1131 4589 tonsorum
1155 4539 1181 4587 N
1266 4544 1300 4593 24
1320 4543 1384 4594 dicia
1402 4561 1426 4596 ω

134 4608 186 4658 dici
206 4611 234 4659 N
316 4608 360 4659 fib.
380 4608 441 4658 XIX
459 4608 486 4658 N
512 4608 570 4657 libri
590 4606 650 4656 XlX
667 4621 703 4657 co:
735 4607 778 4656 lib.
796 4605 831 4656 Xl
850 4623 886 4657 ex
905 4612 1002 4658 ‘actm
1019 4607 1118 4657 codice
1144 4610 1272 4662 ormotnuit
1293 4613 1317 4667 I.
1334 4614 1427 4665 Dosse

139 4678 219 4729 Lucil.
239 4681 286 4732 rel
305 4661 399 4730 xvuli
417 4678 436 4728 u
450 4694 478 4742 p.
495 4677 529 4730 60
606 4679 639 4729 25
657 4677 770 4742 scalpta?
786 4676 1007 4742 forcipiumqueN
1022 4673 1186 4743 scalprorum
1206 4680 1385 4748 forcipumque
1402 4702 1425 4737 ω

204 4748 238 4800 28
256 4745 339 4813 crucis]
360 4750 433 4798 aunis
451 4748 478 4798 N
490 4747 574 4812 qotots
589 4763 624 4797 w:
643 4756 667 4797 et
683 4748 755 4797 uncis
773 4745 912 4811 forcipibus
930 4747 1017 4797 dentes
1034 4748 1153 4799 erista-ru
1171 4750 1305 4803 Pntscdlas
1317 4762 1343 4804 et
1355 4757 1426 4833 Dors-

133 4831 180 4870 ace
198 4817 278 4867 Lucil.
295 4825 343 4867 rat.
362 4819 411 4867 rel
429 4816 522 4869 xvult
541 4815 616 4880 ldp.
635 4817 670 4868 bd
685 4824 711 4867 et
728 4814 775 4868 131
793 4817 853 4879 ‘fide
871 4819 962 4868 retiati
976 4816 1079 4868 codicis’
