3114 5356
137 291 177 353 28
693 293 854 356 ClltRlSll

204 411 282 453 ,rar
324 436 331 452 .
1284 440 1290 453 .
1317 408 1370 451 ιι.

135 425 205 544 itenl
226 410 386 545 mnlriuma
407 484 491 553 trium
512 501 667 561 generum,
688 482 737 543 hic
758 481 879 544 ethaeo
900 488 930 542 et
951 482 1008 543 hoc
1031 482 1124 543 audax
1146 489 1176 543 et
1196 412 1315 561 reliqba¹
1327 500 1421 560 usque

137 584 173 645 ab
196 585 252 647 hoc
275 594 302 646 et
316 585 352 647 ab
372 586 427 647 hac
449 592 477 646 et
494 583 536 645 ab
558 584 617 646 boc
637 583 760 644 audace
780 583 830 644 cel
849 583 975 645 audaci.

220 688 253 748 ln
280 705 295 747 e
319 686 456 749 neutralia
484 695 596 750 mutum
620 685 821 762 inveniuntur,
846 687 904 749 boc
932 685 1024 748 sedile
1052 684 1167 761 aedibs,
1197 686 1254 747 hoc
1274 705 1418 767 praesepe

136 787 294 869 praesepis.
1436 779 1438 784 ’

220 889 255 950 ΕΙ
277 890 410 953 neutralia
433 899 545 953 tantum
565 893 751 956 inveniuntur
773 892 1044 974 pauca'admodum
1066 898 1096 951 et
1112 890 1177 953 sine
1198 889 1256 952 blla
1280 889 1437 951 varietates

135 991 363 1072 madaba,
381 994 462 1057 celat
483 996 540 1057 hoo
562 996 601 1057 iel
620 995 710 1071 sellis,
732 996 789 1057 hoc
806 995 864 1056 mel
885 993 995 1068 mellis,
1015 1011 1090 1072 quae
1112 991 1198 1054 simili
1219 992 1307 1053 modo
1328 991 1420 1054 declin

135 1102 243 1157 uantur
262 1104 293 1158 ut
312 1104 404 1160 cetera
421 1104 524 1159 neutra
546 1097 622 1159 tertii
643 1092 780 1180 ordinssis.
825 1104 870 1157 est
891 1104 988 1158 autem
1006 1095 1137 1175 quaestio
1158 1094 1188 1156 in
1210 1093 1267 1155 illis
1289 1113 1327 1155 an
1349 1114 1417 1174 pos·

137 1197 195 1259 sint
219 1199 340 1261 transire
360 1198 387 1261 in
407 1199 548 1281 pluralem
568 1218 731 1275 numerum,
751 1199 828 1278 qirod
849 1199 996 1279 plerisque
1017 1196 1164 1278 displicuit
1184 1216 1220 1257 eo
1234 1197 1312 1276 quod
1328 1216 1418 1276 quae·

101 1322 108 1331 ·
137 1300 203 1362 darn
226 1302 341 1363 nomiria
361 1322 527 1364 monomere
547 1301 651 1364 sintin
673 1301 812 1363 numeris.
856 1301 944 1363 Nisus
971 1306 1067 1361 autem
1091 1299 1239 1378 eleganter
1261 1299 1417 1363 nominati-

137 1421 203 1463 vum
225 1403 363 1483 pluralem
384 1413 494 1467 tantum
516 1406 545 1466 in
569 1402 633 1480 liis,
662 1403 799 1465 melleet
822 1403 897 1478 vina,
916 1402 1076 1465 secundum
1101 1400 1341 1464 consuetudinem
1360 1401 1416 1463 dici

136 1522 225 1582 posse
247 1506 292 1566 ait
308 1506 356 1582 ita,
377 1526 441 1568 cum
463 1506 493 1567 in
515 1523 621 1586 genera
643 1505 831 1586 recipiuntur,
853 1513 885 1566 ut
905 1505 997 1566 attica
1019 1502 1115 1578 mella,
1137 1501 1237 1565 ltalica
1258 1504 1333 1565 vina.

219 1606 264 1666 En
286 1606 439 1669 masculina
462 1614 573 1668 tantum
594 1615 624 1668 et
650 1608 792 1669 neutralia
822 1608 1015 1670 inueniuntur.
1060 1613 1089 1667 et
1111 1605 1272 1667 masculina
1300 1606 1417 1685 quidem

135 1710 208 1769 haec
231 1707 302 1783 sola,
321 1710 368 1770 hic
385 1708 444 1771 rien
466 1708 565 1784 rienis,
587 1706 644 1770 lien
666 1709 760 1783 lienis,
783 1712 888 1773 llamen
911 1708 1045 1783 flaminis,
1068 1716 1172 1790 pecten
1192 1709 1332 1789 pectinis,
1354 1709 1419 1771 srdi-

137 1829 191 1871 een
210 1798 344 1885 fidicinis
365 1812 467 1875 tibicen
488 1810 624 1884 tibicinis,
648 1810 765 1872 tubicen
785 1812 921 1874 tubicinis
940 1831 975 1873 ex
995 1810 1063 1872 tuba
1078 1810 1180 1889 longa,
1201 1811 1339 1873 cornicen
1354 1831 1419 1873 cor·

136 1911 251 1987 uicinis,
274 1912 370 1975 liticen
391 1912 505 1975 liticinis
526 1932 561 1974 ex
578 1898 659 1986 lituo]
682 1914 759 1992 quod
783 1921 828 1975 est
845 1932 939 1992 genus
961 1913 1047 1974 tubae
1069 1913 1199 1975 minoris.
1232 1922 1329 1975 cetera
1350 1934 1418 1976 vero

136 2014 277 2076 neutralia
304 2023 387 2091 suut,
411 2015 489 2077 velut
514 2015 570 2078 hoc
597 2023 745 2077 certamen
773 2015 948 2077 certaminis.
993 2014 1177 2077 declinantur
1205 2026 1302 2077 autem
1330 2035 1419 2096 supra

136 2115 243 2195 scripta
262 2117 378 2179 nomina
399 2126 429 2180 ut
450 2118 527 2179 tertii
549 2117 669 2179 ordinis.

219 2218 280 2280 Ens
302 2218 461 2282 communia
484 2220 571 2281 triinn
593 2238 732 2299 generum
753 2218 901 2295 invenies,
922 2228 961 2302 ¹ut
980 2219 1029 2281 hic
1050 2219 1168 2282 ethaeo
1194 2228 1223 2281 et
1250 2220 1308 2282 hoc
1332 2220 1421 2281 velie-

135 2338 228 2394 mens,
250 2320 298 2381 hio
320 2324 436 2384 ethaeo
458 2331 486 2383 et
508 2323 565 2383 hoc
586 2323 710 2402 patiens,
733 2323 781 2383 hic
803 2330 832 2383 et
853 2322 926 2383 lraec
950 2329 980 2382 et
996 2322 1053 2383 lroc
1074 2321 1175 2383 cliens.
1220 2319 1420 2382 etdeclinan-

134 2429 181 2482 tur
203 2422 305 2483 eodem
323 2424 407 2486 modo
426 2431 458 2485 ut
479 2442 567 2504 supra
589 2423 713 2504 scripta,
736 2425 891 2485 vehemens
910 2424 1106 2497 vehementis,
1134 2423 1248 2505 patiens
1270 2422 1418 2503 patientis,

135 2522 226 2586 cliens
253 2523 374 2586 clientis.
612 2523 614 2526 ⁴

218 2625 258 2687 Er
279 2628 406 2689 omnium
425 2648 564 2708 generum
583 2629 700 2690 nomina
714 2629 915 2704 inveniuntor3
943 2626 1111 2701 masculini,
1133 2636 1166 2688 ut
1187 2627 1235 2688 bic
1256 2634 1353 2707 pater,
1379 2627 1422 2687 ie-

134 2725 247 2799 rninini,
268 2734 299 2786 ut
319 2729 390 2791 baec
408 2739 506 2806 mater,
532 2730 637 2804 neutri,
661 2739 692 2792 ut
705 2732 762 2792 hoc
777 2748 910 2810 papaver.
949 2748 1039 2790 unum
1061 2738 1157 2790 autem
1176 2729 1319 2790 invenitur
1342 2729 1422 2808 quod

135 2827 266 2905 genetivo
294 2829 397 2890 crescit
422 2831 535 2894 duabus
559 2832 692 2911 syllabis,
726 2830 804 2893 velut
830 2831 885 2891 iter
913 2831 1033 2894 itineris.
1077 2832 1153 2913 apud
1181 2840 1294 2892 ueteres
1322 2840 1421 2893 autern

135 2926 296 2989 invenimus
317 2931 373 2992 boc·
391 2932 482 2994 itiner.
528 2933 660 3014 exempla
683 2931 884 2995 declinationis
910 2932 939 2993 iu
965 2951 1013 3006 er,
1044 2931 1092 2993 hic
1114 2941 1196 3012 pater
1214 2933 1321 3013 patris,
1346 2932 1420 2994 lraec

134 3038 226 3090 mater
247 3032 363 3106 matris,
384 3034 438 3095 hoc
457 3055 583 3117 papaver
598 3035 751 3117 papaveris
771 3042 800 3095 et
821 3041 926 3095 cetera.

217 3134 250 3194 ln
276 3153 307 3195 es
327 3143 487 3215 correptam
508 3137 666 3199 masculina
686 3144 715 3198 et
737 3136 884 3209 feminina,
907 3136 1047 3197 neutralia
1071 3137 1164 3212 nuilla,
1194 3136 1249 3197 nisi
1270 3155 1344 3214 qrrae
1367 3156 1418 3217 per

135 3235 367 3298 communionem
396 3237 532 3316 omani,
566 3238 765 3314 inveniuntur,
798 3239 876 3300 uelut
902 3239 951 3301 hic
974 3247 1002 3300 et
1025 3239 1099 3300 haec
1122 3248 1151 3300 et
1175 3240 1232 3300 hoc
1259 3247 1346 3300 teres.
1390 3246 1417 3300 et

136 3425 203 3479 1-ss
221 3427 246 3475 N

164 3554 168 3561 .
204 3516 266 3563 Item
284 3514 384 3564 commi]
398 3513 429 3564 lll
448 3517 528 3582 genef
546 3515 588 3565 hic
606 3522 631 3566 et
647 3512 665 3563 lt
683 3522 707 3563 et
724 3512 751 3566 b.
766 3513 850 3562 audax
866 3521 890 3562 et
910 3512 950 3563 ret
966 3529 1023 3576 usq,
1043 3513 1074 3561 ab
1092 3512 1118 3561 Ιι.
1138 3522 1162 3563 et

206 3602 232 3650 ln
251 3617 265 3650 e
283 3600 406 3652 neutralia
424 3609 519 3651 tantum
542 3603 704 3653 inueniuntur
725 3598 774 3650 hoo
797 3601 877 3651 sedile
901 3600 990 3650 sedilis
1013 3599 1061 3648 boc
1084 3603 1162 3665 psope

204 3686 233 3735 El
251 3688 374 3739 neutralia
392 3696 486 3738 tantum
504 3690 665 3739 inueniuntur
681 3702 762 3753 pauca
778 3677 915 3738 admodum
935 3696 958 3736 et
975 3687 1032 3737 sine
1050 3686 1103 3735 ulla
1118 3688 1237 3736 {uarietate

203 3772 229 3825 h.
252 3773 285 3822 lcl

134 3898 169 3948 20
202 3897 230 3946 N
245 3903 253 3943 1
270 3901 302 3952 ³·‚
319 3903 327 3942 t
364 3895 397 3944 Er
412 3888 521 3946 omuibm

202 4053 219 4101 2
243 4057 268 4099 et
287 4048 319 4099 ab
343 4047 390 4097 hac
413 4059 437 4098 et
460 4051 491 4100 ab
516 4051 688 4115 bacaudam,
709 4051 749 4101 nel
769 4050 869 4104 audaci.
894 4052 920 4100 lu
941 4066 954 4099 e
974 4065 995 4100 ω
1082 4051 1098 4102 3
1128 4066 1251 4117 praesepe
1277 4053 1408 4118 praesepis

133 4120 162 4170 ΕΙ
180 4136 201 4171 ω
270 4119 435 4170 buarietate.
454 4118 502 4170 hoc
521 4121 553 4170 iel
573 4137 594 4172 ω

211 4325 243 4375 10
259 4324 300 4373 his
316 4340 362 4375 om.
381 4324 406 4373 N
487 4328 516 4378 ll
538 4330 572 4377 ait
590 4343 635 4377 om.
651 4327 686 4376 N:
706 4327 755 4376 dici
775 4342 850 4393 posse
869 4330 904 4377 ait
920 4342 977 4377 cum
992 4327 1124 4378 Fabricios
1210 4327 1240 4378 13
1257 4324 1346 4378 fidicen
1367 4329 1406 4377 nai

133 4397 197 4447 cinis
217 4395 308 4446 tibicen
324 4390 457 4462 lubicinio
479 4412 511 4446 ex
536 4397 595 4446 tuba
618 4397 694 4463 longa
713 4397 828 4448 cornicen
846 4399 982 4447 cornicioie
1000 4395 1083 4447 liticen
1102 4398 1205 4447 liticinis
1223 4414 1255 4447 ex
1273 4398 1335 4449 lituo
1354 4415 1405 4461 quo

133 4474 173 4515 est
188 4480 270 4530 genua
285 4463 289 4530 Ι
305 4466 381 4516 tubae
399 4467 504 4517 minoris
520 4465 621 4517 tubicen
638 4467 764 4516 tubicinis.
791 4477 874 4518 cetera
893 4468 930 4516 N:
961 4467 1054 4517 tibicen
1076 4468 1175 4517 tubicen
1200 4469 1315 4529 cornicen
1337 4468 1405 4518 litiee

135 4551 168 4585 ex
187 4536 250 4586 lituo
268 4538 370 4602 generis
387 4537 463 4587 tubae
480 4539 585 4587 minoris
604 4544 687 4586 cetera
705 4537 730 4586 B
754 4538 847 4588 tibicen
873 4553 904 4587 ex
928 4537 989 4586 tuba
1013 4538 1090 4602 longa
1114 4539 1197 4587 liticen
1223 4554 1255 4588 ex
1274 4538 1335 4589 lituo
1354 4554 1405 4601 quo

134 4620 217 4671 genus
235 4615 273 4654 est
285 4606 361 4656 tubae
379 4608 482 4659 maioris
500 4608 604 4670 uenitp.
620 4606 714 4656 tibicen
733 4608 843 4657 tibicinis
860 4608 945 4658 media
960 4607 1037 4673 longa
1052 4622 1083 4655 ex
1101 4607 1165 4657 tibia
1182 4610 1298 4659 cornicen
1311 4624 1364 4673 app.
1385 4624 1404 4658 ιι

135 4675 171 4738 as.
191 4675 290 4727 ΟΙιαιιὶι.
308 4691 337 4739 p.
355 4677 399 4729 24.
416 4679 450 4730 67
530 4679 564 4728 24
582 4678 629 4726 iter
644 4677 746 4727 iteneris
764 4676 790 4725 N
869 4679 903 4728 27
923 4680 949 4727 ln
969 4692 997 4726 es
1016 4680 1104 4742 correp
1122 4678 1148 4726 N
1164 4679 1190 4726 ln
1209 4695 1236 4727 es
1254 4688 1369 4743 correpta
1387 4694 1404 4729 u

136 4743 172 4822 cd.
192 4744 289 4861 Gdarp'e.
304 4746 381 4864 1253
468 4747 501 4799 28
516 4748 617 4798 veniunt
634 4762 679 4797 om.
697 4746 735 4795 N:
755 4746 824 4798 nulla
839 4763 885 4814 per
903 4763 931 4799 se
949 4748 1000 4799 nisi
1019 4762 1082 4809 qnae
1099 4762 1145 4813 per
1159 4749 1358 4798 communionem
1380 4765 1405 4800 ur

136 4821 209 4861 urunt
226 4828 257 4863 ue
269 4821 296 4863 ut
