3114 5356
514 314 595 374 ΛΒΤ.
607 377 610 382 ,
623 312 763 373 undum.
792 311 863 372 utu.
886 312 898 371 l
1293 315 1354 377 lua

1129 439 1150 480 p.
1166 428 1265 469 397-99
1278 431 1302 471 Ρ.

42 523 120 568 rum
149 499 262 563 tantirm
284 503 345 560 lere
369 500 458 560 distat
479 499 508 558 io
531 500 588 559 boe
610 516 761 568 semrone,
784 499 936 575 quoniam,
960 518 1026 559 curu
1050 498 1175 559 dicimus
1195 502 1355 564 moriturus

44 604 140 666 etad
164 625 183 659 a
202 601 409 672 moribundus,
438 600 506 659 licet
527 609 652 659 mortem
674 617 732 659 uon
755 599 793 659 sit
818 599 984 674 subitnms,
1018 601 1109 661 nihilo
1131 601 1229 662 nunus
1251 596 1355 666 similis

44 704 223 769 morituro..
253 703 309 762 talc
329 709 375 761 est
398 709 427 760 et
448 699 638 771 luribuudns,
669 699 772 760 similis
799 701 923 774 furenti,
957 702 1010 762 sed
1037 701 1101 760 sine
1133 702 1240 764 lurore.
1286 705 1354 766 item

47 824 124 868 cum
158 805 283 882 legimus
312 801 389 881 apud
418 800 601 873 Sallustium,
634 800 901 861 ‘vitabundus'
934 803 1028 879 inqiut
1059 806 1146 881 ‘per
1182 805 1356 867 saltuosa

10 909 139 973 uloca
169 903 402 976 recedebat',
437 902 614 978 nonutiqne
635 902 729 962 vitans
751 903 803 964 sed
826 904 917 963 vitare
938 904 1089 964 simulans.
1133 905 1206 966 baec
1227 907 1356 986 plerum·

49 1028 115 1088 que
137 1008 284 1068 dillerunt.

143 1107 297 1185 Participia
319 1124 408 1185 saepe
430 1105 517 1165 etiam
539 1104 720 1183 temporibus
742 1101 914 1185 defillcinnt,
936 1115 969 1166 nt
992 1092 1093 1167 furens
1113 1115 1271 1186 coepturus
1294 1117 1356 1169 stn-

52 1211 132 1272 deus
154 1216 236 1269 ratus
257 1214 287 1267 et
308 1214 414 1265 cetera.

143 1307 452 1420 ltemobservandum
473 1306 633 1382 estquod,
663 1324 730 1366 crim
755 1305 875 1365 verbum
898 1270 1002 1367 accidit
1028 1309 1106 1385 qnod
1127 1315 1239 1368 tantum
1262 1310 1357 1444 passi·

52 1512 160 1572 hortor
182 1515 211 1568 et
232 1509 377 1569 consolor.
422 1507 547 1567 dicimus
566 1526 601 1567 ex
622 1526 657 1567 eo
679 1509 813 1569 hortatus
836 1518 865 1569 et
886 1509 1064 1585 hortandus,
1093 1511 1163 1571 item
1184 1510 1305 1571 hortans
1328 1520 1358 1572 et

53 1612 242 1682 hortaturus,
267 1608 399 1685 qnamn's
422 1609 507 1667 horto
527 1608 728 1670 nondicatur.
762 1610 788 1670 si
811 1630 879 1671 vero
902 1611 958 1671 talc
979 1611 1114 1672 inciderit
1136 1611 1255 1672 verbum
1279 1611 1357 1689 quod

53 1712 113 1773 sub
136 1711 250 1789 passiva
274 1710 467 1772 declinatione
487 1707 615 1787 patiendi
638 1710 695 1769 vim
717 1730 821 1790 pamm
844 1711 991 1782 admittat,
1023 1713 1153 1773 futurum
1170 1712 1357 1791 participium

54 1811 252 1873 declinatione
277 1811 390 1889 passiva
416 1829 475 1870 uon
500 1810 561 1869 lere
581 1810 722 1884 admittit,
759 1813 841 1890 quasi
870 1813 1057 1891 expergiscor
1084 1819 1220 1873 cunctor:
1254 1830 1358 1892 erper-

10 1924 40 1970 ιε
55 1911 216 1991 giseendus
237 1919 265 1971 et
286 1912 468 1971 cunctandus
484 1928 581 1971 semro
595 1910 740 1972 absurdus
757 1911 885 1986 ridetur,
909 1914 976 1990 quia
996 1932 1116 1974 sensum
1138 1931 1198 1973 non
1221 1913 1355 1973 admittit.

578 2116 628 2176 DE
650 2116 838 2177 iuvenum

144 2236 318 2296 Aduerbium
342 2242 389 2295 est
416 2254 484 2315 pars
512 2234 653 2294 orationis
673 2224 753 2311 ‘qnae
779 2233 889 2294 adiecta
913 2234 1000 2295 verbo
1028 2236 1271 2313 significationem
1293 2237 1357 2297 eius

56 2339 161 2418 implet
181 2346 268 2414 atque
292 2335 436 2414 explanat.
470 2335 508 2394 ita
531 2354 599 2395 nam
622 2353 689 2395 cnm
712 2334 792 2409 dico,
813 2335 969 2396 Palaemon
989 2335 1091 2410 docet,
1115 2338 1245 2397 noudum
1269 2338 1358 2398 babet

57 2457 144 2499 suam
167 2436 223 2496 iim
244 2437 316 2497 satis
338 2437 472 2516 planam,
506 2437 561 2497 uisi
587 2435 720 2497 adiecero
747 2434 823 2496 male
850 2444 901 2496 aut
921 2437 1006 2496 bene.
1051 2445 1081 2497 et
1102 2437 1168 2498 ideo
1188 2438 1357 2498 adverbium

13 2559 45 2598 ao
59 2539 240 2619 appellatur,
263 2540 331 2617 quia
353 2557 471 2617 semper
492 2537 617 2598 adicitur
638 2538 736 2598 verbo.
775 2539 904 2598 Scaurus
926 2539 964 2599 ita
987 2539 1103 2613 delinit,
1127 2537 1296 2599 adverbium
1312 2546 1358 2599 est

58 2639 165 2701 modus
186 2640 228 2698 rei
248 2639 384 2699 dictionis
407 2639 470 2717 ipsa
493 2636 728 2716 pronuntiatione
746 2638 897 2713 delinitus,
920 2647 954 2699 nt
972 2649 1052 2701 recte
1067 2639 1221 2718 diligenter
1236 2639 1355 2719 optime.

57 2738 226 2800 adverbium
249 2739 355 2801 dicitur
375 2740 458 2812 ideo,
492 2738 630 2815 quoniam
658 2736 694 2797 ad
722 2739 800 2799 verbi
828 2741 920 2801 tendit
945 2742 974 2801 in
998 2741 1099 2800 eadem
1122 2740 1267 2802 sententia
1286 2759 1357 2799 con·

58 2841 264 2919 spirationem,
296 2848 327 2899 ut
351 2847 431 2900 recte
456 2838 569 2912 dixisti,
601 2837 755 2915 diligenter
783 2841 892 2916 iecisti,
926 2842 1034 2922 optime
1061 2840 1166 2920 legisti.
1220 2839 1356 2901 adverbio

57 2941 132 3000 haec
158 2941 255 3000 iuncta
283 2946 352 2999 sunt
380 2938 547 2999 discrimina
577 2938 724 3016 generalia
751 2940 821 3016 tria,
855 2945 947 3004 forma
980 2942 1085 3002 modus
1118 2942 1219 3002 linitio.
1265 2943 1356 3001 lorma

19 3061 45 3100 aa
60 3041 193 3102 continet
216 3048 267 3099 aut
286 3039 449 3118 simplicem
478 3048 528 3099 aut
554 3040 753 3120 conpositam3
794 3044 899 3105 modus
928 3042 1058 3103 eontinet
1085 3041 1292 3118 quantitatem,
1327 3050 1358 3102 ut

59 3140 128 3221 plus
154 3141 266 3215 minus;
304 3141 396 3201 finitio
425 3141 556 3201 continet
577 3159 731 3201 summam.
777 3144 912 3205 adverbia
937 3151 987 3203 aut
1012 3134 1084 3202 suae
1110 3151 1180 3203 sunt
1203 3143 1357 3223 positionis

59 3251 109 3301 aut
138 3241 174 3301 ab
202 3241 266 3301 aliis
291 3242 423 3320 partibus
452 3240 593 3302 orationis
623 3242 785 3301 trabuntur.
831 3260 885 3320 per
915 3261 947 3302 se
976 3251 1152 3317 nascuntur,
1192 3245 1237 3304 ut‘
1252 3263 1356 3324 nuper.

58 3342 133 3400 lraec
152 3358 226 3418 quae
246 3342 282 3402 ab
305 3342 370 3402 aliis
392 3349 546 3402 transeunt
569 3341 663 3401 varias
684 3340 794 3401 habent
816 3343 934 3403 formas.
980 3342 1136 3403 anomine
1158 3343 1277 3422 proprio
1303 3343 1357 3403 dn·

59 3449 183 3514 cuntur,
212 3450 245 3501 nt
264 3442 376 3502 Tullius
395 3441 543 3515 Tulliane3
580 3441 635 3500 alia
654 3460 670 3500 a
692 3442 880 3521 pronomine,
908 3450 939 3502 ut
956 3442 1072 3502 meatim
1095 3442 1215 3518 tuatim;
1249 3443 1318 3503 item
1339 3462 1355 3502 a

19 3556 44 3597 ao
58 3543 164 3615 verbo,
184 3549 216 3602 nt
236 3543 360 3617 cursim3
383 3543 451 3603 item
471 3564 488 3603 a
507 3543 625 3602 nomine
647 3550 676 3602 et
696 3542 800 3616 verbo,
824 3552 856 3602 ut
878 3544 1103 3624 pedetemptim;
1124 3542 1180 3604 alia
1203 3562 1218 3602 a
1239 3540 1356 3620 partici-

58 3641 123 3721 pio,
147 3649 180 3702 ut
200 3643 353 3722 indulgens
373 3644 574 3722 indulgentem
603 3645 671 3705 item
690 3664 706 3704 a
728 3644 845 3703 nomine
860 3640 873 3727 ΙΙ
889 3645 1078 3724 appellativo,
1101 3653 1133 3705 ut
1152 3642 1255 3705 docilis
1276 3641 1356 3703 doci·

58 3744 140 3819 liter;
163 3744 218 3804 alia
238 3763 254 3804 a
276 3745 433 3819 vocabulo,
457 3754 489 3806 ut
511 3747 618 3807 ostium
639 3745 776 3807 ostiatim.
811 3764 913 3806 verum
933 3765 970 3806 ue
989 3746 1043 3807 bas
1063 3745 1180 3824 quidam
1202 3743 1356 3805 varietmes

127 3965 144 4011 :2
164 3966 278 4012 inermem
293 3981 343 4028 qua
358 3967 491 4029 participii
508 3967 592 4029 funeri
615 3969 753 4045 eaptieotio
772 3967 862 4015 bacato
886 3973 924 4015 est
942 3966 1052 4015 indicavi
1138 3962 1154 4013 3
1174 3961 1282 4012 furentis
1301 3964 1356 4036 sirpe

59 4032 90 4079 M
161 4032 177 4080 4
198 4032 328 4080 salustium
349 4033 422 4082 BM:
448 4037 510 4085 Sall
526 4035 582 4098 Iup.
602 4035 664 4085 38·
658 4050 714 4099 ipse
733 4036 805 4099 quasi
824 4033 976 4083 vitabundus
994 4049 1040 4098 per
1059 4032 1171 4081 saltuosa
1188 4032 1243 4080 loen
1262 4038 1286 4079 et
1305 4040 1355 4080 tra·

58 4100 132 4148 orites
152 4102 291 4149 exercitum
310 4101 413 4149 dilatare
484 4104 572 4166 inquid
589 4104 615 4152 B
683 4104 868 4153 5reeedebant
885 4119 954 4154 corr.
962 4101 1103 4150 recedebat
1122 4101 1146 4150 B
1222 4101 1312 4151 licum
1331 4099 1356 4147 B

57 4180 110 4216 tum
131 4168 171 4218 Aa
189 4168 250 4216 dum
268 4169 301 4216 Μ
381 4171 476 4219 aceedit
495 4171 554 4231 Al!
637 4170 670 4220 10
688 4173 782 4238 recepit
802 4172 833 4221 M
913 4169 943 4219 11
963 4170 1082 4219 consulor
1099 4167 1185 4218 ΑΒΜ
1261 4168 1291 4219 13
1309 4167 1356 4215 sub

57 4256 103 4287 om.
123 4237 149 4285 B
221 4238 271 4286 uim
290 4239 314 4285 in
334 4253 423 4302 parum
442 4239 476 4288 M
544 4240 577 4288 14
595 4240 756 4291 declinationi
774 4241 892 4306 pensinae
910 4238 997 4289 ΑΒΜ
1009 4237 1183 4288 declinationis
1201 4237 1356 4304 paesium:

129 4304 161 4354 16
178 4319 211 4353 na
230 4305 369 4371 novennio]
389 4310 484 4359 donat.
501 4326 529 4373 p.
549 4308 624 4357 1758.
652 4310 686 4371 cs.
704 4311 801 4360 enare.
819 4326 848 4373 p.
869 4306 926 4357 160.
954 4314 1079 4372 eaeeerpta
1095 4309 1128 4357 de
1144 4305 1280 4365 adverbio,
1299 4307 1356 4354 itero

57 4377 89 4423 de
102 4377 305 4438 praepositione,
323 4377 356 4426 de
374 4379 556 4436 eoniemctiooe,
575 4378 608 4427 de
625 4375 798 4429 interiectione
814 4384 918 4427 emateot
934 4379 961 4426 in
977 4377 1064 4428 codice
1077 4378 1198 4426 Parisino
1216 4374 1286 4424 7530
1302 4373 1367 4436 (p).

129 4443 162 4492 17
182 4443 337 4493 Adverbium
354 4471 389 4480 -
408 4445 439 4495 19
458 4446 520 4494 bene
539 4446 637 4495 ctare.
652 4462 681 4509 p.
701 4446 750 4497 167
837 4445 935 4494 adiecto
954 4444 987 4494 M
1073 4443 1105 4494 18
1129 4443 1249 4507 explanat
1272 4442 1356 4504 adque

58 4511 144 4576 implet
158 4528 179 4575 p
250 4526 305 4560 eum
323 4530 368 4564 om.
389 4514 449 4562 AM
532 4513 562 4563 19
579 4513 680 4578 plenam
699 4515 830 4566 Gbmiaiua
910 4512 945 4561 20
966 4512 1081 4562 adiicitur
1099 4526 1117 4569 ς
1135 4511 1232 4560 adeitnr
1250 4510 1275 4559 A
1292 4510 1355 4558 diei-

57 4589 97 4628 tur
114 4580 175 4629 BM
244 4583 278 4629 ita
293 4583 353 4631 ΒΜ
368 4584 402 4631 ait
420 4583 444 4631 A
513 4583 545 4632 21
572 4581 674 4630 modum
692 4583 787 4633 ABM:
812 4584 848 4632 rei
863 4580 955 4631 modus
975 4581 1124 4631 adiectionis
1142 4581 1223 4645 ipsam
1243 4592 1356 4644 pronun-

57 4649 186 4697 tiationem
217 4649 348 4700 diffiniens
376 4666 392 4706 ς
427 4667 492 4714 quae
522 4653 624 4700 modum
655 4651 691 4699 rei
716 4653 773 4716 ipsa
797 4650 913 4701 dictionis
945 4651 1149 4714 pronuntiatione
1179 4647 1266 4697 defluit
1294 4649 1357 4698 Put-

56 4718 140 4766 aeln'na
229 4718 317 4767 defluit
340 4729 405 4767 reete
432 4720 516 4770 ΑΒΜ
601 4719 635 4769 25
659 4729 776 4768 contenet
799 4720 824 4769 A
906 4716 941 4768 36
964 4719 1125 4783 pedetcmtim
1149 4717 1210 4767 ΑΜ
1233 4717 1356 4782 pedeten-

56 4786 102 4833 tim
120 4786 145 4834 B
