3114 5356
137 293 207 355 ue·
279 244 286 253 ¹
641 286 654 311 ⁸
704 290 867 355 anausu

204 439 211 453 .
263 428 289 441 -
362 439 368 451 .
1243 404 1298 448 ‚oe
1352 406 1378 446 u.

136 408 360 544 advbrbiummib
387 498 420 541 er
443 480 544 559 utique
573 478 656 552 facit,
683 478 760 540 velut
784 479 832 540 hie
852 478 931 539 utilis
952 477 1039 539 buius
1060 477 1139 539 utilis
1162 418 1271 539 utibber
1292 408 1362 540 tabit
1382 480 1433 541 ad-

135 586 285 660 verbium,
311 583 406 665 gravis
432 581 557 661 graviter
584 589 614 641 et
638 580 735 641 omnia
759 589 857 642 cetera
881 579 1022 642 similiter.
1067 580 1113 641 sin
1137 589 1235 641 autem
1260 581 1433 661 appellatio-

137 689 185 751 nis
203 688 354 767 genetivus
377 703 464 747 casus
486 684 517 744 iu
538 684 548 745 i
569 681 665 744 littera
685 683 872 757 terminatur,
901 690 931 743 et
949 682 1118 745 adverbium
1138 683 1240 762 utique
1261 683 1292 744 in
1316 702 1332 743 e
1355 683 1432 745 litte-

137 808 200 852 ram
228 789 400 871 productam
424 786 508 863 facit;
542 784 620 847 velut
647 786 696 847 hic
724 802 816 867 purus
844 784 932 846 buius
960 786 1026 864 puri
1053 805 1126 867 pure
1157 786 1227 847 iacit
1251 764 1431 861 adverbium,

138 899 257 973 apertus
286 890 379 971 aperti
405 895 505 969 aperte
529 896 559 948 et
585 896 681 950 cetera
706 887 753 949 bia
779 887 900 964 similia,
928 889 1057 969 exceptis
1083 889 1129 951 his
1158 906 1231 967 quae
1252 894 1332 948 eaba
1354 888 1458 949 hanes

137 994 268 1074 regulam
295 993 495 1055 observantur.
539 1008 575 1051 ex
602 990 660 1052 boc
685 990 762 1051 euim
790 990 870 1069 qnod
891 999 937 1052 est
958 1010 1050 1052 novus
1071 974 1137 1051 novi
1159 987 1272 1050 noviter
1293 989 1378 1064 iacit,
1403 996 1432 1050 et

137 1096 182 1157 sie
200 1104 314 1159 veteres
339 1094 489 1167 dixerunt,
520 1071 557 1153 'et
577 1092 625 1153 hic
646 1091 739 1154 facilis
761 1092 848 1156 buius
870 1093 963 1156 facilis
990 1092 1113 1154 faciliter
1138 1100 1168 1153 et
1187 1090 1288 1166 facile,
1318 1100 1348 1152 et
1367 1091 1433 1152 nilis

137 1197 231 1259 viliter
259 1205 288 1258 et
316 1195 371 1257 vile
399 1196 482 1271 facit,
511 1212 686 1274 quamquam
710 1213 785 1257 nore
813 1204 843 1257 et
864 1195 987 1259 faciliter
1012 1201 1043 1257 et
1072 1194 1176 1255 viliter
1202 1193 1327 1255 debebat
1354 1213 1431 1255 esse.

138 1299 191 1372 sed
213 1299 291 1380 apud
312 1308 427 1360 veteres
448 1297 624 1359 dictumest
644 1315 726 1358 nore.
770 1293 882 1382 facilen
898 1305 995 1360 autem
1017 1297 1173 1379 appellatio
1192 1296 1332 1357 neutrabs
1353 1296 1433 1357 vide·

136 1409 185 1462 tur
203 1420 269 1463 esse
289 1390 323 1460 rb
346 1391 461 1480 εὐχερές
482 1406 512 1460 et
530 1397 697 1459 adverbium
716 1396 856 1476 faciliter
877 1389 1009 1480 εὐχερῶς,
1032 1399 1167 1460 dixerunt
1185 1407 1298 1460 veteres
1319 1398 1433 1459 naviter
1445 1417 1471 1458 ro

137 1503 248 1566 deuter
272 1501 453 1576 humaniter,
481 1517 555 1578 quac
581 1518 637 1561 nos
662 1518 734 1561 nave
757 1497 829 1564 dure
853 1502 989 1565 humane.
1039 1500 1091 1590 sed
1120 1501 1286 1562 humaniter
1310 1500 1429 1579 quidem

137 1606 283 1685 significat
304 1592 543 1682 φιλανθρώπως,
571 1602 698 1664 humane
720 1611 816 1666 autern
838 1595 1047 1685 ἀνθρωπίνως.

223 1704 362 1772 Similiter
388 1705 462 1765 haec
489 1703 623 1766 adverbia
650 1712 719 1767 sunt
745 1703 831 1768 nobis
850 1706 1046 1780 obseruanda,
1069 1724 1144 1785 quae
1166 1705 1297 1784 quamvis
1319 1721 1354 1764 ex
1379 1722 1432 1783 ap·

135 1806 342 1888 pellationibus
369 1806 515 1867 secundae
544 1805 746 1871 declinationis
773 1808 904 1884 veniant,
936 1816 1033 1870 tamen
1055 1808 1191 1887 'regulam
1214 1824 1301 1885 quam
1323 1824 1432 1887 propo-

138 1910 251 1971 suimus
274 1928 333 1971 non
363 1918 534 1988 sequuntur.
579 1910 719 1973 debentes
747 1911 825 1973 euim
846 1911 944 1973 dicere
966 1910 1039 1973 salse
1062 1919 1091 1973 et
1111 1911 1204 1992 prime
1231 1917 1260 1969 et
1280 1909 1365 1970 tertie
1384 1927 1432 1968 se·
1445 1927 1472 1969 ιο

137 2012 265 2074 eundum
290 2011 515 2093 appellationes,
544 2030 619 2091 quae
644 2021 714 2074 sunt
737 2012 829 2075 salsus
850 2013 963 2093 primns
984 2015 1104 2089 tertius,
1128 2032 1188 2075 non
1209 2012 1351 2084 dicimus,
1379 2010 1431 2072 sed

68 2160 84 2185 .
136 2101 218 2176 falso'
237 2114 386 2190 πλαστῶς,
416 2115 511 2195 primo
538 2115 673 2196 πρῶτον,
706 2114 836 2177 secundo
865 2108 1022 2195 δεύτερον,
1052 2116 1135 2177 tertio
1162 2113 1270 2194 ιρλιον.
1320 2113 1372 2175 sed
1403 2121 1433 2173 ot

136 2217 209 2279 haec
236 2215 377 2279 debentes
405 2218 567 2280 seeundum
594 2216 724 2297 regulam
751 2216 864 2293 dicere,
893 2216 969 2278 bene
998 2225 1028 2279 et
1047 2218 1124 2279 male
1146 2236 1200 2298 per
1219 2236 1236 2277 e
1257 2215 1431 2296 productam

136 2318 244 2396 (bouus
266 2319 344 2379 enim
366 2327 412 2382 est
433 2328 463 2381 et
483 2319 590 2396 malus)
612 2318 870 2400 [appellationes],
892 2336 952 2380 non
977 2318 1116 2395 dicimus,
1139 2319 1191 2381 sed
1210 2317 1286 2380 male
1308 2325 1337 2377 et
1355 2316 1432 2377 bene

135 2438 189 2507 per
211 2440 227 2482 e
250 2430 422 2505 correptam.
467 2431 577 2483 temere
597 2421 748 2502 proprium
765 2419 936 2483 adverbium
958 2431 1012 2485 est
1053 2423 1248 2502 nequeenim
1270 2419 1430 2500 emappel·
1443 2442 1471 2483 ae

135 2521 244 2585 latione
265 2541 361 2602 neque
384 2542 418 2585 er
439 2524 529 2584 verbo
552 2522 637 2583 venit.

220 2625 379 2705 Praecipue
405 2631 435 2685 et
455 2624 513 2686 boe
529 2625 742 2686 observandum
763 2633 809 2686 est
833 2624 878 2708 [in
898 2623 1017 2708 primis]
1046 2626 1125 2705 quod
1150 2644 1307 2706 numquam
1328 2625 1431 2688 adrer-

134 2725 216 2789 bium
237 2726 484 2807 praepositionem
506 2727 642 2808 recipiat,
664 2735 780 2807 praeter
800 2728 872 2803 boc,
894 2730 1025 2811 adprime
1044 2725 1076 2789 ἒν
1090 2733 1152 2802 τοῖς
1164 2721 1291 2807 πρώτοις
1311 2737 1431 2807 atquae

135 2831 270 2891 dixerunt
298 2836 410 2890 veteres
437 2844 458 2888 a
490 2848 575 2891 mane
604 2839 632 2891 et
661 2829 786 2891 ‘abhinc
813 2849 906 2893 annos
932 2832 1033 2893 decern
1063 2839 1149 2894 natus
1173 2840 1219 2894 est
1227 2835 1248 2908 ⁹,
1277 2830 1354 2910 quod
1385 2840 1430 2892 est

135 2932 221 2993 ‘ante
242 2949 336 2992 anuos
357 2929 458 2990 decem
479 2937 565 2992 natus
586 2936 659 2993 est'.
1443 2960 1471 3001 5

220 3032 300 3093 llaec
328 3031 390 3093 sola
418 3042 609 3114 corrumpunt
635 3032 766 3111 regulam
799 3035 1024 3116 comparationis
1057 3055 1144 3115 qinom
1174 3056 1260 3117 sopra
1294 3036 1431 3108 diximus,

35 3182 39 3194 ,
134 3154 259 3214 maguus
281 3134 375 3196 maior
399 3135 557 3213 maximus,
585 3136 698 3216 primus
726 3136 807 3217 prior
835 3139 1006 3218 primarius,
1039 3139 1134 3201 malus
1163 3139 1246 3221 peior
1273 3139 1431 3218 pessimus,

134 3237 231 3298 bonus
250 3235 353 3297 melior
370 3237 508 3318 optimus.
524 3235 538 3318 b

404 3425 479 3488 XVII
523 3426 572 3488 DE
597 3427 799 3505 annuenti,
827 3428 874 3489 VT
898 3429 960 3491 tlt
982 3427 1156 3491 nonanta

218 3544 355 3624 Analogia
382 3556 443 3622 est,
474 3555 508 3607 ut
533 3547 651 3609 Graecis
679 3547 790 3628 placet,
814 3537 970 3626 συμπλοκὴ
996 3542 1090 3629 λόγων
1117 3539 1312 3622 ἀκολούθοιν,
1335 3566 1431 3626 eaque
1444 3556 1475 3613 aa*

135 3647 278 3727 generalis
307 3656 361 3710 est
406 3646 542 3729 specialis
572 3669 640 3710 rero
661 3658 706 3711 est
731 3645 736 3733 Ι
762 3668 837 3728 quae
865 3657 1015 3731 spectatur
1033 3670 1112 3713 nunc
1138 3651 1167 3712 in
1189 3650 1279 3712 rebus
1299 3668 1379 3711 ntrnc
1400 3652 1430 3712 in

135 3749 295 3812 rationibus
322 3759 481 3831 occupata3
507 3742 553 3814 cui
583 3752 685 3812 Graeci
704 3753 823 3815 modum
845 3753 929 3814 istius
951 3753 1030 3814 ruodi
1053 3753 1262 3827 condiderunt,
1286 3743 1433 3832 ἀναλογία

133 3940 167 3991 22
204 3921 230 3988 N
244 3946 263 3989 11
280 3944 301 3996 t,
319 3945 328 3985 t
364 3937 504 4006 Praecipue

201 4111 219 4162 8
238 4127 390 4175 quamquam
410 4112 596 4163 Lindernannue
614 4121 742 4178 tamqnam
757 4112 784 4162 N
857 4110 966 4164 faciliter
984 4120 1009 4163 et
1027 4113 1110 4164 uiliter
1125 4113 1234 4165 debebat
1252 4115 1357 4164 coniecit
1369 4114 1432 4165 Lin-

132 4232 265 4285 deaaaaatta
283 4229 359 4282 facile
378 4230 486 4282 debebat
505 4231 530 4299 N
611 4233 642 4286 lb
660 4234 810 4285 aduerhium
829 4197 942 4306 ernerbib
960 4235 985 4283 N
1065 4236 1164 4286 nauiter
1183 4243 1207 4284 et
1223 4235 1318 4285 duriter
1336 4235 1365 4284 N

132 4355 164 4404 17
182 4367 303 4406 naaeroc
321 4353 404 4419 primo
423 4315 533 4417 poietin
554 4353 580 4402 N
663 4354 690 4407 S.
710 4364 735 4404 et
749 4355 799 4407 boc
818 4354 939 4407 debentes
957 4353 984 4403 N
1008 4355 1055 4405 sed
1074 4365 1099 4405 et
1117 4355 1181 4406 haec
1197 4356 1320 4406 debemus
1339 4371 1362 4406 ω

133 4422 166 4474 19
179 4425 294 4488 sortasse
310 4423 392 4473 bonus
408 4424 476 4472 enim
496 4414 520 4474 et
536 4423 619 4474 melus
635 4424 822 4492 appellationes
840 4431 899 4474 anot
968 4425 1002 4476 22
1022 4426 1047 4473 in
1064 4426 1154 4490 primis
1173 4442 1208 4475 ea:
1221 4428 1433 4490 interpretatione

132 4493 247 4544 Graecae
266 4495 411 4544 elocutionis
426 4481 458 4541 ἒν
475 4495 536 4552 τοῖς
554 4485 680 4558 πρώτοις
695 4504 775 4546 ortnrn
788 4510 844 4546 esse
859 4495 959 4546 videtur
1028 4497 1061 4546 24
1073 4510 1088 4543 a
1100 4495 1315 4547 maneDt'oaredea
1322 4513 1352 4560 p·
1363 4497 1431 4548 401:

130 4577 208 4612 nom.
229 4563 253 4612 N
323 4562 510 4614 29XVllorn.
530 4563 556 4612 N
625 4564 659 4616 30
678 4564 1156 4669 Analogia—117‚5aptpmnaas.
1178 4566 1316 4619 Donatian.
1334 4569 1430 4633 [raam.

127 4695 155 4743 p.
175 4683 232 4732 Vlll
255 4682 295 4731 ed.
315 4683 398 4746 Gaias.
470 4698 551 4748 eaque
569 4684 755 4736 Lindemannas
774 4688 820 4748 eati
838 4686 865 4735 N
894 4746 899 4755 .
932 4685 965 4738 32
984 4684 1147 4735 doncideruut
1165 4685 1190 4733 N
1257 4688 1378 4754 analogia
1394 4695 1433 4738 est

130 4751 156 4798 in
174 4751 310 4816 symplourr
327 4789 402 4803 .....
422 4753 581 4819 aeoloytlrtan
601 4769 632 4805 en
651 4755 717 4805 lexei
739 4755 765 4804 N
786 4755 907 4820 analogia
924 4764 963 4804 est
980 4744 1018 4804 ’ἐν
1036 4752 1184 4819 συμπλοκῇ
1203 4747 1296 4819 λόγων
1312 4749 1432 4806 cintilan-

129 4817 195 4868 θων
212 4811 242 4869 ἐν
260 4815 331 4881 λέξει
348 4836 385 4872 ιιι
403 4811 543 4889 ἀναλογία
559 4815 635 4875 ἐστὶν
653 4815 800 4889 συμπλοκὴ
820 4822 959 4875 heracliae
976 4822 1164 4888 Spraadpbr'los.
1186 4823 1196 4873 1
1212 4839 1241 4887 p.
1259 4827 1275 4876 7
