3114 5356
616 307 700 368 aar.
722 284 864 368 suitur.
885 305 957 366 me.
978 305 992 366 1
1396 307 1458 370 eea

703 454 705 458 Α
1246 436 1267 476 p.
1283 424 1328 464 ΜΒ.
1343 424 1369 464 79
1381 424 1406 466 P.

153 499 269 566 rent’‚
292 493 363 553 item
385 492 416 552 in
439 491 593 572 paradoxis
616 492 782 553 Stoicorum
804 491 881 571 apud
902 492 1027 553 eundem
1050 492 1302 554 ‘exsibilatur
1328 495 1459 574 explo-

153 596 299 669 ditur'3
322 594 485 655 secundum
510 611 575 653 eam
598 592 841 654 consuetudinem
862 611 919 671 qua
939 612 977 653 au
1004 592 1113 670 syllaba
1131 612 1200 655 curn
1222 614 1241 655 o
1263 594 1358 656 littera
1377 614 1458 656 com-

154 697 299 758 mercium
322 693 426 767 habet,
449 700 481 754 ut
499 711 566 752 cnm
588 693 712 754 dicimus
736 692 862 754 claustra
885 701 914 754 et
936 693 1059 768 clostra,
1078 693 1148 754 item
1168 694 1291 755 caudam
1309 704 1337 756 et
1354 696 1457 757 codam

153 805 185 858 et
215 796 332 858 similia.
376 795 476 874 perio:
509 813 575 855 cum
606 814 640 854 ex
667 796 724 856 hoc
753 795 884 855 dicamus
912 794 1086 853 infinitivum
1105 812 1207 879 parere
1230 795 1317 856 tertio
1344 796 1456 872 ordine,

125 899 234 978 sapud
256 905 370 959 veteres
393 896 489 975 parire
512 896 622 956 dictum
642 896 823 975 reperimus,
846 901 879 954 ut
897 893 974 973 apud
994 893 1122 955 Ennium

322 1017 388 1059 ova
411 998 538 1077 parire
560 998 693 1059 solent.
1044 1069 1049 1078 Ι

152 1101 226 1161 item
247 1098 346 1158 rident
371 1099 476 1178 procul
504 1098 593 1160 dubio
621 1098 719 1158 cuncti
740 1095 888 1170 dictitant;
921 1097 999 1176 apud
1026 1104 1140 1159 veteres
1167 1099 1267 1160 riduut
1293 1101 1457 1180 reperimus

152 1202 282 1272 dictum,
306 1207 338 1261 ut
359 1200 396 1260 Μ.
420 1200 529 1261 Brutus
552 1200 588 1259 de
609 1198 749 1278 patientia
771 1197 963 1258 ‘incidunt
984 1199 1114 1259 borum
1137 1198 1342 1262 lacrimas’.
1387 1204 1456 1263 item

152 1301 234 1380 iyuod
262 1321 317 1360 nos
345 1300 514 1380 auspicatur
541 1310 655 1360 veteres
682 1298 832 1379 ospicatur
855 1297 1005 1358 dixerunt:
1035 1299 1173 1360 Claudius
1199 1308 1300 1364 octavo
1322 1302 1458 1364 instoria-

111 1391 222 1464 1o'rum
243 1401 398 1462 ‘Flacco
417 1401 646 1479 ospicatur’.
684 1400 755 1459 item
776 1398 855 1476 quod
877 1397 963 1476 vulgo
982 1398 1104 1479 obsepio
1126 1401 1252 1462 dicimus
1273 1410 1388 1465 veteres
1405 1403 1458 1464 ob·

153 1501 233 1582 sipia
257 1501 407 1561 dixerunt:
432 1499 575 1562 Caecilius
593 1501 623 1561 iu
646 1500 791 1580 Hymnide

1177 1603 1293 1665 habes

324 1702 513 1776 Miletida,
537 1719 605 1779 ego
630 1700 732 1763 illam
755 1700 842 1761 huic
863 1700 1104 1780 despondebo
1125 1711 1161 1763 et
1179 1713 1293 1781 gnato
1318 1706 1458 1767 saltum
1489 1700 1494 1710 ’

1098 1801 1289 1883 obsipiam.

111 1929 139 1968 ss
153 1904 223 1966 olbo
244 1904 323 1977 oles,
345 1906 422 1983 apud
444 1913 558 1965 veteres
579 1903 674 1964 olant:
696 1901 815 1963 Plautus
833 1903 864 1964 in
885 1903 1040 1964 Cornicula

280 2074 282 2077 y
323 2006 440 2066 lacite
461 2006 565 2067 olant
585 2003 696 2065 aedes
718 2002 895 2077 Arabice;

154 2106 280 2188 perinde
310 2105 394 2183 quasi
422 2105 470 2167 olo
496 2106 552 2168 olis
576 2105 614 2166 sit
641 2104 806 2165 dicendum.
850 2105 920 2165 item
948 2124 1039 2165 nosco
1069 2106 1184 2180 noscis,
1219 2116 1248 2166 et
1271 2106 1340 2171 huic
1367 2107 1455 2167 verbo

157 2208 270 2288 passim
292 2216 405 2268 veteres
424 2226 443 2285 g
463 2207 589 2267 litteram
612 2205 848 2286 praeponebant:
878 2205 1028 2284 gnoscit
1057 2206 1097 2266 ait
1125 2207 1285 2282 Caecilius,
1317 2209 1456 2286 quoniam

155 2316 186 2368 et
209 2308 427 2388 praepositione
449 2309 547 2370 addita
568 2308 716 2384 adgnosco
737 2313 768 2366 et
789 2326 936 2386 cognosco
958 2308 1092 2370 dicimus.
1135 2309 1206 2370 item
1234 2310 1339 2371 eodem
1366 2311 1455 2371 modo

112 2438 139 2476 so
155 2410 225 2471 novi
253 2429 312 2469 non
336 2409 408 2470 nulli
436 2418 566 2471 veterum
595 2403 778 2486 lormallbant
802 2409 888 2486 gnovi
916 2408 1055 2470 dicentes.
1100 2411 1221 2489 grunnit
1248 2428 1358 2489 porcus
1383 2409 1456 2471 dici-

155 2531 241 2586 mus;
264 2520 377 2571 veteres
399 2512 537 2588 grundire
558 2510 707 2579 dicebant,
730 2516 762 2569 ut
784 2509 822 2570 sit
841 2508 955 2569 instans
976 2510 1117 2588 grundio:
1146 2511 1290 2573 Caecilius

573 2620 750 2671 ‘cruento
771 2611 822 2671 ita
844 2629 907 2670 ore
933 2611 1138 2688 grundibat
1160 2612 1289 2684 miser,

159 2712 300 2775 Claudius
329 2711 477 2772 annalium
507 2712 609 2789 quinto
635 2712 750 2773 decimo
774 2712 999 2791 ‘grundibat
1025 2713 1191 2791 graviter
1219 2730 1333 2791 pecus
1361 2713 1456 2773 suil-

157 2883 208 2916 non
239 2866 342 2931 plodere
367 2866 390 2914 A
417 2874 441 2915 et
462 2868 546 2916 codem
571 2867 687 2930 Scioppii
717 2879 765 2914 non
794 2864 925 2929 deplorent
955 2865 989 2915 M
1015 2880 1067 2914 non
1094 2865 1224 2931 plosernnt
1254 2868 1359 2918 coniecit
1385 2865 1456 2916 Orei-

155 2940 205 2986 lies
223 2939 239 2986 t.
260 2952 282 2985 c.
368 2935 425 2983 lin
444 2933 589 3000 paradoxis]
612 2937 646 2984 lli
665 2937 690 2994 2,
708 2933 743 2983 26
829 2942 890 2998 eput
907 2943 990 2985 entem
1007 2936 1091 2985 codes.r
1107 2937 1222 3000 Sdoppii
1308 2937 1456 2985 exsibilatur
1547 2942 1550 2950 '

156 3007 242 3058 codex
259 3006 375 3068 Scioppii
390 3013 415 3054 et
427 3005 559 3055 Petscltim
579 3004 721 3054 insibilator
736 3002 820 3052 ABM
889 3004 1034 3069 exploditur
1049 3004 1105 3053 siue
1124 3021 1154 3054 ee
1172 3004 1355 3055 consuetudine
1374 3004 1458 3055 ABM

156 3084 181 3125 et
198 3075 283 3124 codex
300 3073 415 3136 Scioppii
483 3073 498 3120 2
519 3089 569 3135 qua
586 3089 618 3121 uu
637 3074 670 3128 Βς
689 3081 712 3123 et
729 3074 813 3123 codec
827 3072 943 3137 scioppii
961 3087 1025 3136 quae
1038 3087 1070 3121 eu
1084 3074 1117 3122 M
1132 3089 1183 3136 que
1201 3089 1266 3125 eam.
1282 3073 1307 3122 A
1326 3085 1417 3138 queetu
1432 3073 1456 3122 B

226 3142 399 3191 commertium
416 3140 477 3189 BM
559 3143 576 3190 4
602 3140 689 3207 pario]
711 3144 839 3192 Priscian.
854 3158 883 3205 p.
903 3142 963 3192 802.
983 3141 1043 3193 879.
1062 3142 1114 3193 905
1200 3143 1274 3192 tertio
1298 3143 1386 3192 ordine
1408 3144 1456 3195 boc

155 3217 213 3263 locu
231 3214 323 3262 omissa
336 3221 398 3274 post
416 3209 476 3270 382,
496 3212 530 3260 27
549 3212 631 3275 glorie
647 3212 739 3262 liabent
756 3211 815 3260 libri
881 3210 898 3260 5
915 3213 1000 3260 cuium
1011 3211 1045 3261 B.
1063 3213 1142 3262 Ennii
1155 3212 1234 3261 uerba
1251 3213 1384 3263 annalibus
1402 3215 1456 3263 uin-

156 3284 253 3331 dicuoit
269 3280 421 3329 Kradnemcs
438 3281 470 3328 de
488 3285 573 3332 ommis
589 3297 660 3330 corr.
679 3282 750 3342 relig.
763 3279 835 3343 publ.
853 3280 923 3330 Rom.
942 3281 1019 3330 Helie
1034 3296 1058 3329 u.
1080 3279 1146 3329 1837
1162 3296 1188 3342 p.
1208 3279 1258 3333 43:
1274 3285 1358 3346 primo
1374 3298 1455 3331 enna—

156 3353 215 3400 lium
233 3350 299 3400 libro
316 3349 455 3399 tribueram!
472 3350 506 3398 ΙΙ.
526 3349 651 3413 Ilbergius
669 3349 737 3398 Ean.
756 3351 840 3397 annal.
861 3348 903 3398 lib.
922 3350 932 3397 l
948 3349 1042 3412 frepm.
1059 3366 1086 3412 p.
1100 3347 1126 3401 3.
1143 3348 1175 3398 lu
1190 3358 1214 3398 et
1230 3350 1367 3400 Vahlenies
1385 3350 1453 3399 Ena.

152 3435 227 3484 poes.
246 3423 293 3468 rel.
307 3435 334 3481 p.
349 3417 418 3466 XXI.
437 3418 453 3467 5
538 3418 555 3468 Β
578 3419 659 3466 solent
676 3417 760 3466 ΑΒΜ
776 3416 840 3466 solet
858 3431 941 3481 genus
960 3418 1052 3482 pennis
1069 3418 1262 3467 condecoratam
1280 3432 1297 3474 5
1385 3417 1402 3468 8
1420 3434 1454 3468 m.

157 3490 247 3537 brutus
264 3487 315 3536 AB
331 3487 484 3535 rnembretus
503 3485 536 3535 M
610 3489 721 3551 petentia
738 3485 797 3533 AM
879 3485 895 3535 9
915 3499 961 3534 nos
980 3485 1125 3550 suspicetur
1143 3485 1242 3541 ΑΒΜς
1261 3501 1307 3536 uos
1327 3488 1454 3551 ospicatur

158 3560 256 3620 Popmo
269 3556 363 3619 [repra.
382 3557 437 3605 dist.
457 3557 516 3606 Lat.
533 3574 560 3620 p.
580 3556 631 3606 350
650 3558 689 3605 ed.
708 3556 820 3605 Haoerc.
850 3555 949 3619 ospicor
971 3570 1021 3617 pro
1040 3555 1158 3619 auspicor
1180 3557 1270 3606 dictum
1287 3557 1345 3604 binc
1362 3558 1455 3605 citave-

156 3636 216 3676 runt
234 3627 391 3676 Forcellinus
409 3642 432 3675 o.
451 3627 552 3689 ospicor
568 3634 592 3675 et
611 3627 638 3676 0.
657 3627 690 3674 J..
710 3625 878 3675 Schneiderus
895 3639 999 3687 prmum.
1016 3625 1077 3674 Lat.
1097 3624 1148 3688 lp.
1162 3623 1197 3675 59
1266 3631 1366 3673 ueteres
1383 3623 1453 3687 ospi-

157 3706 230 3744 catur
249 3695 273 3743 A
294 3702 317 3745 et
334 3695 418 3745 codex
434 3695 550 3758 scioppii
565 3711 636 3758 susp.
654 3699 710 3745 lect.
728 3693 784 3741 112
801 3701 901 3741 ueteres
920 3692 1062 3758 suspicetur
1078 3692 1139 3744 ΒΜ
1154 3701 1252 3742 ueteres
1273 3691 1419 3756 hospicetur
1437 3704 1454 3745 5

231 3762 264 3813 10
279 3763 356 3812 llecco
373 3762 424 3811 AB
442 3772 465 3813 et
482 3765 566 3815 codex
582 3765 696 3827 Scioppii
716 3763 801 3812 llaccio
820 3761 859 3821 M,
878 3778 925 3813 om.
945 3775 962 3816 ς
1032 3763 1159 3828 ospicetur
1177 3763 1202 3811 A
1220 3772 1244 3813 et
1262 3762 1347 3812 codex
1363 3762 1454 3824 Sciop-

153 3837 199 3897 pii-
211 3832 360 3897 hospicetur
380 3832 420 3886 Βς
440 3833 581 3898 suspicetur
600 3833 646 3883 ΜΒ
728 3832 833 3896 obsopio
849 3831 957 3880 dicimus
973 3840 1072 3881 ueteres
1090 3834 1186 3897 obsopo
1205 3845 1222 3887 5
1302 3828 1329 3878 ll
1352 3829 1454 3879 cecilius

156 3901 218 3950 ΒΜ
301 3903 328 3949 in
351 3901 475 3963 Hymnide
499 3904 633 3953 Petscbies
665 3902 690 3950 in
714 3901 836 3964 hymnide
859 3901 918 3951 ΒΜ
943 3902 977 3950 im
1000 3901 1123 3965 hymnide
1141 3901 1165 3950 A
1189 3902 1224 3950 im
1240 3899 1353 3965 hymnite
1370 3900 1455 3950 codes

156 3973 282 4034 Scioppii,
301 3987 347 4021 om.
368 3983 384 4025 ς
475 3971 504 4018 12
523 3970 601 4020 hebes
619 3971 693 4021 ΑΜΒ
712 3979 736 4021 el
752 3972 836 4022 codem
852 3971 966 4034 Scioppii
989 3971 1044 4020 ebis
1062 3970 1095 4030 B,
1115 3987 1162 4021 om.
1181 3984 1198 4027 5
1288 3968 1320 4020 13
1344 3967 1455 4018 Miletida

156 4040 266 4091 boseus
280 4047 349 4101 poet.
367 4055 436 4088 acen.
455 4039 514 4090 Lat.
534 4040 558 4088 V
575 4041 592 4088 2
607 4057 635 4104 p.
657 4040 706 4091 136
724 4039 861 4089 miletidem
879 4038 965 4089 ΑΒΜ
980 4049 1004 4091 et
1022 4040 1106 4091 codeoe
1120 4041 1235 4104 Scioppii
1251 4038 1455 4093 mulierculem5

226 4107 385 4171 dispondcbo
402 4107 428 4156 B
505 4118 528 4157 et
547 4116 625 4174 gnato
644 4111 793 4173 Spengelius
811 4109 885 4161 Ooec.
907 4110 972 4159 Stat.
986 4109 1080 4174 srapm.
1095 4125 1123 4173 p.
1142 4108 1177 4158 24
1195 4117 1220 4158 et
1237 4124 1269 4158 ex
1286 4116 1346 4157 ueto
1364 4106 1414 4156 AB
1432 4113 1456 4155 et

155 4179 243 4229 codex
260 4176 377 4239 Scioppis'
392 4186 416 4225 et
434 4192 466 4226 ex
484 4187 553 4227 tento
571 4177 603 4225 M
621 4193 654 4227 ex
672 4186 731 4227 nato
749 4191 766 4233 5
836 4178 927 4227 saltum
947 4177 1032 4228 ΑΒΜ
1044 4188 1096 4225 tum
1114 4179 1198 4229 codex
1208 4179 1325 4241 Scioppii
1335 4176 1456 4229 seltem5

229 4245 262 4293 14
281 4245 435 4310 obsopem5
507 4248 537 4296 15
556 4247 626 4296 ohmt
644 4260 661 4302 5
731 4247 859 4296 cornicula
877 4246 977 4302 ΑΒΜς
995 4245 1167 4297 Corniculerie
1182 4247 1332 4298 meceres.-
1349 4245 1384 4307 (γ’.
1400 4245 1458 4294 rte-

154 4317 234 4366 sciet.
251 4329 359 4378 parerp.
378 4316 462 4365 Plout.
479 4319 529 4379 lp.
551 4315 601 4365 154
688 4315 720 4365 lu
742 4314 817 4364 lecite
835 4318 903 4366 olent
920 4317 1054 4367 Paciscbius
1067 4326 1210 4379 praeeunte
1227 4316 1348 4377 Scioppio
1371 4312 1456 4361 secors

156 4386 226 4434 olent
245 4381 331 4431 ΑΒΜ
347 4390 371 4433 et
387 4386 472 4435 codex
489 4386 606 4448 Su'oppii
622 4383 693 4433 olunt
709 4398 741 4439 5:
759 4384 794 4446 cs.
813 4400 871 4435 exo.
889 4386 957 4436 Fert.
973 4403 1002 4449 p.
1022 4384 1056 4434 28
1073 4385 1113 4434 ed.
1131 4384 1206 4435 Meti.
1227 4382 1335 4432 Arabius
1352 4380 1411 4441 olet,
1429 4379 1455 4427 id

156 4462 194 4504 est
213 4466 247 4500 ex
264 4451 385 4501 odoribus
404 4453 519 4502 Arabicis
605 4452 682 4502 sedes
699 4453 815 4503 erebicee
833 4454 884 4504 AB
906 4462 930 4505 et
946 4456 1030 4506 codex
1047 4453 1162 4518 Scioppis‘
1184 4453 1278 4502 eedese
1297 4450 1405 4500 liubicee
1424 4447 1458 4496 M

156 4522 236 4571 sedes
254 4520 370 4569 arabicas
387 4534 404 4575 5
480 4523 512 4572 tu
531 4539 548 4587 g
567 4521 617 4571 AB
634 4536 690 4570 cum
709 4521 743 4570 M
816 4523 916 4589 gnoscit
933 4523 984 4572 AB
1001 4523 1110 4587 ignoscit
1128 4521 1159 4570 M
1235 4519 1267 4570 te
1282 4518 1413 4584 adgnosco
1432 4516 1457 4565 Β

156 4590 300 4654 sdignosco
322 4589 354 4639 M
368 4590 479 4640 ednosco
493 4591 518 4640 A
532 4605 645 4655 agnosco
664 4604 682 4646 5
764 4592 853 4641 eodem
871 4591 946 4641 modo
964 4589 1078 4641 nonnulli
1096 4590 1156 4639 noui
1174 4598 1289 4638 ueterum
1304 4588 1390 4637 ΑΒΜ

156 4658 192 4708 20
208 4657 353 4707 sumebant
373 4673 429 4706 cum
446 4661 505 4708 noui
523 4660 639 4708 dicebant
658 4659 688 4709 M
773 4662 860 4726 grunit
877 4661 934 4710 AM
1019 4660 1051 4708 21
1076 4659 1179 4708 cecilius
1197 4656 1263 4707 AM.
1290 4657 1413 4707 (leecilius
1430 4657 1456 4705 in

158 4727 250 4777 Imbris
269 4728 367 4776 alonius
383 4745 410 4792 p.
430 4728 481 4779 4115
551 4729 584 4777 22
604 4729 741 4793 grundibet
759 4729 832 4780 ΑΜΒ
850 4730 991 4796 grundsbet
1008 4729 1033 4776 B
1108 4725 1142 4777 23
1159 4727 1271 4777 enulium
1289 4726 1313 4775 A
1383 4735 1456 4776 sexto

157 4796 424 4847 deeimoli'oniosl.c.
489 4797 675 4862 grendibetA
723 4814 801 4863 pecus
813 4798 915 4848 suillum
926 4799 967 4848 Ab
980 4795 1219 4864 pescusssillumB
1229 4809 1308 4861 pecus
1320 4793 1457 4854 suliumM
