3114 5356
131 264 197 329 506
691 258 877 325 utuuuuts

186 376 371 436 psus-sorr.
1057 384 1063 394 ·
1213 376 1407 430 poss-ssu.

643 464 682 508 ns
703 464 798 509 mmm
819 464 927 509 umores

220 568 339 631 lonicus
359 583 476 647 quoque
496 564 594 627 minor
616 572 733 628 onustat
759 582 795 626 ox
816 564 990 645 homonyma
1018 561 1153 643 dipodia,
1182 564 1216 625 in
1247 584 1310 647 qna
1334 578 1449 632 auseae·

136 673 180 734 dit
198 670 213 753 ΙΙ
234 668 415 752 pyrrichius,
447 665 582 746 sequitur
606 665 772 747 spondeus,
808 664 855 727 rel
879 672 1059 749 anapaestus
1091 671 1122 726 et
1151 667 1341 757 pyrrichius.
1391 692 1445 735 nou

137 790 295 852 numquam
315 771 403 833 etiam
423 757 499 829 κατὰ
518 766 690 845 aovatorum
707 764 840 829 hrerium
861 765 1037 847 syllabarum
1057 766 1209 832 molossus
1227 765 1444 854 'interponitur

137 884 167 936 et
184 872 191 959 Ι
209 875 239 936 in
259 871 391 934 dimetris
413 870 547 950 quidem,
574 886 643 930 eum
660 867 742 948 prior
762 866 843 931 basis
863 875 1052 949 pentasemos
1073 870 1177 946 suerit,
1203 869 1237 933 id
1260 882 1312 935 est
1335 884 1463 956 ternpus

137 994 203 1039 rum
225 975 371 1055 quinque,
401 971 456 1032 erit
476 970 540 1032 sine
559 969 649 1031 duhio
674 968 805 1032 soconda
824 969 1030 1051 heptasemo,
1059 970 1155 1033 idest
1182 979 1361 1055 temporum
1382 994 1446 1057 sep-

137 1086 207 1138 tem.
251 1093 268 1135 a
290 1074 415 1136 dimetro
433 1072 463 1133 in
484 1072 649 1134 trimetrum
666 1069 831 1151 ampliatur.

690 1242 728 1285 BE
748 1242 886 1285 etlumen

222 1346 401 1411 Paeonioum
421 1351 565 1419 metrum,
593 1340 672 1422 quod
692 1340 825 1423 plen'que
849 1342 1026 1422 rythmicum
1047 1362 1115 1407 esse
1140 1344 1297 1423 dirarum,
1329 1356 1441 1409 oonstm

138 1450 238 1532 priore
264 1464 393 1527 paeone,
426 1442 552 1506 admittit
571 1461 640 1503 vero
668 1450 698 1504 ot
721 1450 857 1522 quartum
879 1449 909 1503 et
930 1444 1070 1508 creticum
1091 1433 1126 1508 et
1140 1445 1302 1510 hacohium
1325 1468 1344 1510 a
1365 1448 1471 1511 hreno

138 1550 188 1629 qui
216 1557 271 1609 est.
315 1566 332 1607 a
359 1546 483 1607 dimetro
511 1543 777 1605 interaneorum
799 1542 967 1625 lunqialur.
1011 1548 1068 1609 hoo
1088 1543 1122 1607 ἐν
1142 1544 1313 1629 παραβάσει
1335 1551 1441 1612 Aristo-

139 1652 252 1732 phanes
274 1646 467 1728 conposuisse
487 1644 624 1707 creditur.
671 1644 921 1724 elegantissimum
945 1657 989 1711 est
1013 1648 1117 1728 igitur,
1141 1667 1209 1710 cum
1231 1652 1441 1731 persingulas

75 1736 82 1750 ⁸
139 1750 232 1833 pedes
253 1769 322 1831 pars
342 1747 483 1811 orationis
505 1745 669 1827 impleatur.

549 1932 600 1994 ΒΕ
623 1932 796 1995 tuttsvvtt
817 1933 1028 1999 ussussutuvs

224 2055 368 2118 versuum
392 2070 499 2131 genera
529 2050 686 2131 praecipua
714 2060 783 2112 suot
810 2053 949 2134 quinque.
992 2062 1044 2115 ant
1064 2053 1142 2115 enim
1162 2054 1282 2117 dimetri
1300 2063 1375 2120 sunt
1395 2066 1438 2118 aut
1452 2075 1470 2112 o

139 2158 263 2221 mimetn'
285 2165 334 2217 aut
353 2152 513 2215 tetrametri
534 2161 585 2213 aut
605 2152 778 2233 pentametri
800 2163 851 2215 aut
878 2155 1046 2217 hexametri.
1092 2155 1143 2216 sed
1170 2156 1360 2236 singulorum
1382 2158 1441 2239 plu·

140 2260 232 2321 rimam
254 2267 324 2318 sunt
345 2254 469 2338 species.

225 2359 268 2419 lle
290 2358 422 2420 dimetro.
467 2356 597 2417 llimoter
627 2349 709 2438 [est]
738 2373 773 2415 or
800 2350 937 2416 inle'riore
959 2367 1042 2437 parte
1063 2356 1242 2432 hexametri,
1278 2359 1329 2438 qui
1357 2360 1440 2421 hahet

141 2460 286 2541 dactylum
313 2468 340 2519 et
369 2457 532 2539 spondeum
563 2457 608 2519 rol
637 2456 817 2517 trochaeum.
862 2457 950 2519 huius
978 2457 1144 2538 exemplum
1178 2465 1225 2518 est
1260 2459 1292 2520 in
1324 2461 1441 2522 lloratio

140 2561 208 2639 lale,
1449 2582 1469 2618 m

306 2660 446 2723 terruit
467 2659 612 2731 urbem3

142 2765 228 2849 quale
249 2762 319 2825 illud
343 2769 397 2835 est,

957 2861 1100 2941 primus
1123 2863 1165 2925 ab
1186 2866 1277 2927 oris.

225 2962 267 3023 lle
302 2959 443 3021 trimetro.
489 2957 634 3021 Trirneter
661 2961 769 3021 herous
800 2978 834 3021 ex
865 2960 1001 3023 interiore
1030 2973 1112 3043 parte.
1139 2966 1312 3031 hexametri.
1358 2968 1439 3031 lulius

142 3061 306 3142 exemplum
330 3067 376 3120 est
394 3058 461 3135 tale,
481 3057 486 3143 Ι

307 3161 364 3223 iam
387 3181 457 3241 ruga
480 3161 581 3224 tollere
603 3159 738 3223 Phoebus

306 3263 416 3324 lumina
442 3261 569 3324 destinat
589 3270 665 3324 ortu.

195 3338 202 3354 ι
227 3364 270 3427 ue
297 3374 474 3427 tetrametro.
519 3366 700 3428 Tetrameter
725 3367 836 3429 herous
865 3387 899 3428 ex
928 3368 1065 3431 interiore
1093 3379 1184 3450 parte.
1231 3372 1318 3435 cuius
1346 3394 1436 3435 exem-

143 3467 225 3549 plum
245 3475 290 3530 ost
312 3467 379 3541 tale,

308 3567 431 3631 lulmina
454 3567 581 3629 nrrlrihus
603 3569 688 3630 obvia
709 3578 838 3648 torques.
1445 3614 1463 3651 y.

227 3671 269 3732 llo
295 3678 479 3751 pentametro
507 3670 607 3731 heroo.
652 3671 837 3732 Pentameter
860 3672 969 3734 herous
999 3692 1034 3734 or
1055 3674 1193 3736 interiore
1216 3686 1310 3757 parte.
1355 3678 1436 3739 lortius

143 3772 306 3853 exemplum
329 3779 374 3833 est
389 3768 403 3854 ΙΙ

309 3891 471 3953 sparsaque
493 3871 652 3933 luminihus
674 3871 760 3952 polus
785 3872 895 3935 indicat
916 3884 1004 3936 astra.

144 3974 218 4035 haec
238 3972 330 4033 incisa
350 3973 503 4049 dicuntur,
532 3973 562 4034 id
584 3980 630 4034 est
652 3981 805 4034 commata.
851 3985 881 4035 et
906 3976 1048 4052 quaedam
1070 3996 1104 4037 ex
1126 3979 1264 4041 inferiore
1287 3989 1371 4061 parte
1390 3981 1436 4040 lie

143 4060 264 4137 ramotri
287 4074 415 4137 detracta
436 4082 562 4157 possunt
582 4074 673 4136 videri
695 4075 731 4135 do
753 4077 904 4156 superiore
927 4078 1059 4143 eiusdem
1081 4090 1164 4160 parte
1185 4080 1314 4143 desecta.
1447 4115 1465 4154 s

212 4262 229 4310 2
247 4261 392 4324 omonymla
410 4260 558 4321 (omonimio
573 4260 611 4325 B)
629 4260 749 4325 dipodius
766 4261 851 4312 ΑΒΜ
936 4264 953 4313 4
972 4272 1028 4315 cata
1045 4265 1179 4330 syneresis
1198 4266 1257 4315 ,lm
1280 4268 1437 4318 eatasimere·

143 4331 183 4381 s'rn
199 4330 226 4380 B
313 4330 340 4379 lt
368 4330 500 4379 odimotri
525 4329 572 4378 hoo
597 4330 753 4394 enpumbase
777 4330 936 4382 arostol'ones
959 4333 985 4383 B
1011 4333 1136 4384 ndimetri.
1163 4334 1258 4384 hosen
1279 4337 1436 4401 parabnsesr.

143 4399 273 4449 ostolsnes
292 4400 323 4447 Μ
344 4399 451 4448 admetri
474 4398 553 4448 hosen
579 4399 733 4465 parabasear
755 4399 870 4450 estlanes
885 4401 911 4449 A
1001 4402 1035 4452 18
1060 4403 1173 4453 inferiori
1192 4404 1277 4455 ΑΒΜ
1366 4406 1397 4455 ltt
1413 4404 1437 4451 in

142 4466 350 4533 lloratioJeorm.
370 4469 461 4527 124
529 4466 563 4517 ‘23
581 4465 688 4532 primus]
711 4470 788 4532 Verp.
804 4470 869 4520 Aen.
889 4472 932 4521 Il
1006 4472 1041 4521 24
1055 4472 1170 4521 inferiori
1187 4474 1337 4537 (earn-re)
1350 4474 1374 4523 A

142 4535 177 4586 26
194 4538 245 4587 lum
259 4565 294 4573 -
307 4538 341 4587 29
359 4538 408 4586 tole
427 4554 473 4589 om.
488 4538 522 4587 M
538 4546 563 4588 et
577 4538 617 4588 ed.
632 4540 717 4601 princ.
736 4541 850 4589 loerrnrmr
868 4543 904 4590 ita
921 4543 1045 4604 suppleuit
1055 4542 1197 4600 Buaedius,
1217 4544 1332 4607 proemia
1349 4554 1436 4607 magua

142 4614 269 4669 petuntur.
296 4605 451 4656 Tetrameter
469 4606 585 4656 heroicus
604 4621 636 4654 ex
653 4606 768 4656 interiori
790 4617 862 4673 parte
880 4608 1028 4659 ltexnmetrl.
1054 4610 1128 4660 huius
1147 4613 1292 4676 ‹txrnrplum
1311 4622 1357 4663 est.
1381 4610 1437 4659 Ful-

142 4674 209 4721 mlon
227 4691 282 4740 sqq.
356 4690 417 4724 rmcu
436 4676 461 4724 A
530 4677 565 4725 28
583 4673 697 4723 inleriorl
716 4677 741 4724 A
815 4677 847 4728 31
868 4676 983 4727 inferiori
1001 4678 1026 4728 A
1101 4678 1135 4729 33
1155 4695 1297 4744 sparsaque
1315 4696 1334 4736 ς
1352 4693 1436 4745 sparsa

141 4754 207 4802 aqua
226 4744 310 4793 ΑΒΜ
378 4745 453 4809 polus
469 4744 529 4795 AM
544 4744 654 4809 populus
672 4743 698 4792 B
769 4744 803 4796 34
822 4735 936 4796 inferiori
953 4748 979 4797 A
