3114 5348
622 275 993 337 aerumnosior
1134 285 1138 292 ·
1397 235 1454 341 ιἰι

277 425 279 429 .
1247 407 1269 446 ρ.
1284 394 1329 436 tto.
1343 395 1365 432 lll
1383 393 1406 436 Ρ.

157 479 245 539 quam
269 459 377 537 Vergili
399 460 512 546 scribe,
536 460 640 521 Cicero
661 459 816 538 responde.
861 461 953 538 prima
977 480 1102 540 persona
1123 482 1181 523 non
1204 473 1270 541 eget
1290 483 1377 537 ease,
1407 466 1459 526 sed

158 560 285 620 admittit
306 561 532 632 nominativum,
555 567 586 619 ut
606 560 699 620 servio
719 560 873 637 ingenuus

244 659 337 721 Verba
361 659 483 721 diversis
502 661 619 723 casibus
643 660 720 739 apiid
742 661 890 722 Romanos
910 662 968 722 boo
989 665 1076 724 modo
1098 665 1266 741 iunguntur.
1304 686 1370 727 nam
1392 685 1458 727 oum

158 761 195 822 ab
219 761 300 821 omui
323 779 459 822 sermone
482 761 594 821 Graeco
616 759 718 820 Latina
743 759 868 837 loquella
891 764 1019 842 pendere
1041 764 1187 838 rideatur,
1216 768 1358 845 quaedam
1380 767 1460 827 iure·

134 881 145 917 a
158 862 281 923 niuntur
302 861 346 921 rel
368 860 543 921 lieentia-ab
565 861 693 938 antiquis
723 860 767 919 rel
788 864 965 943 proprietate
990 865 1110 925 Latinae
1138 867 1254 944 linguae
1277 868 1352 928 dieta
1375 888 1460 948 prae-

159 974 204 1025 ter
237 961 481 1024 consuetudinem
517 962 712 1036 Graecorum,
747 981 821 1040 quae
855 963 991 1024 idiomata
1023 966 1216 1045 appellantur.
1261 977 1460 1046 agnoscuntur

160 1073 259 1127 autem
279 1084 315 1125 ex
337 1064 463 1125 casibus.
509 1084 575 1125 uam
599 1064 770 1125 invenimus·
786 1082 862 1141 quae
884 1066 986 1125 Graeei
1008 1085 1061 1144 per
1082 1066 1209 1127 dativum
1227 1068 1328 1129 dictant
1348 1069 1421 1128 haee
1443 1088 1459 1129 a

160 1166 301 1228 Romanis
328 1148 382 1245 per
410 1166 575 1243 genetivum
600 1164 689 1238 elata,
722 1174 754 1225 ut
780 1164 871 1244 podet
898 1183 946 1225 me
974 1167 1109 1240 amoris,
1129 1178 1157 1228 et
1182 1188 1255 1247 quae
1279 1169 1381 1229 Graeci
1407 1188 1461 1249 per

159 1267 327 1345 genetivum
350 1286 451 1328 casum
470 1267 577 1327 dieunt
593 1266 666 1327 haee
683 1285 737 1346 per
760 1266 888 1326 dativum
911 1264 1066 1347 aasairpata,
1090 1277 1121 1337 ut
1142 1289 1231 1347 quareo
1254 1270 1322 1345 tibi;
1345 1278 1460 1331 eeteros

123 1386 147 1425 ιι
161 1369 231 1429 item
254 1387 342 1429 casus
366 1368 438 1429 alios
461 1388 515 1447 pro
538 1367 602 1428 aliis
625 1368 735 1441 alleles,
765 1387 839 1446 quos
867 1387 933 1429 eum
964 1369 1104 1449 exemplis
1132 1370 1161 1429 iu
1188 1392 1242 1432 suo
1261 1389 1378 1448 quoque
1395 1371 1460 1432 loeo

159 1487 315 1549 ponemus.
368 1478 437 1529 sunt
469 1477 620 1548 praeterea
654 1470 764 1547 figurae
794 1488 868 1547 quae
901 1470 1114 1531 consuetudine
1143 1471 1259 1547 quidem
1290 1491 1343 1551 per
1373 1473 1460 1533 alium

159 1589 264 1633 casum
293 1569 445 1642 dicuntur,
474 1571 511 1630 ab
540 1569 667 1647 antiquis
693 1578 790 1630 autem
818 1590 871 1650 ρον
895 1571 1057 1644 diversum,
1086 1570 1163 1631 volut
1190 1581 1257 1632 utor
1278 1574 1333 1634 laao
1355 1593 1387 1634 re
1407 1593 1462 1633 nos

160 1672 303 1745 dicimus,
337 1670 373 1731 ab
395 1672 523 1762 antiquis
545 1679 642 1732 autem
670 1680 737 1732 utor
759 1673 835 1731 haue
858 1691 919 1731 rem
938 1661 1065 1754 ‹lilletum
1088 1681 1149 1746 est,
1182 1692 1257 1750 quae
1286 1683 1314 1733 et
1347 1673 1461 1752 ipsein

160 1772 355 1852 sequentibus
382 1791 571 1851 exponemus
616 1773 689 1834 laaieo
714 1773 802 1850 igitur
824 1772 960 1833 idiomata
990 1773 1175 1835 midtilariam
1202 1777 1379 1844 efferuntur,
1410 1792 1463 1851 per

123 1895 146 1933 ιν
160 1874 266 1946 verba,
282 1892 336 1952 per
350 1873 519 1952 participia,
534 1893 588 1953 per
603 1873 830 1953 appellationes,
846 1893 900 1952 ρον
916 1873 1061 1933 adverbia.
1099 1893 1153 1953 per
1170 1874 1257 1934 verba
1276 1874 1393 1950 quidem
1408 1872 1460 1931 sie.

249 1973 342 2034 Verba
364 1975 505 2051 genetiuis
528 1975 646 2035 casibus
669 1974 712 2034 sie
731 1974 906 2052 iunguntur:
936 1993 1051 2032 niomor
1073 1993 1136 2033 sum
1159 1975 1319 2046 bonorum,
1345 1972 1462 2032 obliuis-

160 2096 213 2139 νον
230 2075 369 2148 iniuriae,
402 2077 545 2136 misereor
565 2069 740 2155 puerorum,
771 2075 946 2136 rennuiscor
965 2075 1088 2145 doloris,
1119 2075 1280 2134 discrucior
1296 2074 1403 2146 animi,
1433 2081 1462 2133 et

160 2177 261 2238 animo
282 2167 422 2250 dicimus3
449 2178 569 2238 miseret
591 2196 638 2236 me
661 2177 718 2250 tui,
741 2177 821 2255 piget
841 2196 888 2236 me
912 2175 996 2248 laeti,
1026 2176 1116 2254 pudet
1138 2195 1185 2234 nie
1205 2174 1330 2252 gratiae,
1361 2176 1462 2252 paeni-

160 2287 203 2340 tet
225 2296 274 2338 me
298 2276 427 2351 laboris,
458 2277 554 2337 taedet
576 2296 623 2336 ine
645 2278 759 2356 operis,
792 2277 870 2337 venit
887 2276 957 2337 milii
981 2276 1010 2336 in
1033 2285 1160 2337 mentem
1182 2276 1269 2336 lmius
1289 2275 1346 2348 rei,
1376 2277 1469 2336 doleo·

122 2382 256 2442 aiiieem
279 2379 321 2440 tui
344 2387 373 2438 et
393 2386 487 2452 taram,
515 2387 680 2457 pertaesum
704 2398 751 2439 me
773 2387 817 2439 est
840 2378 978 2450 iniuriae,
1011 2397 1082 2454 egeo
1104 2377 1211 2450 rietus,
1241 2385 1271 2435 et
1291 2377 1367 2437 rictu
1391 2377 1463 2438 dici-

160 2501 245 2556 mos;
266 2499 375 2541 aecaiso
396 2486 424 2538 te
448 2478 535 2539 huius
556 2481 614 2552 rei,
637 2489 803 2559 pertaesum
827 2487 872 2539 est
891 2498 939 2539 me
961 2478 1018 2551 tui,
1040 2487 1071 2539 ut
1092 2478 1235 2555 Vergilius

331 2580 363 2642 si
385 2599 456 2640 non
478 2590 692 2660 pertaesum
717 2581 909 2655 thalamip

161 2684 216 2747 sed
239 2691 269 2743 et
290 2681 385 2742 ilativo
407 2681 559 2755 eliserunt,
586 2692 618 2743 nt
642 2684 792 2773 Graeelius
812 2684 841 2743 in
861 2682 894 2742 L.
916 2681 1063 2743 Metellum
1094 2684 1229 2759 ‘usque
1256 2682 1346 2742 adeo
1376 2700 1462 2759 per·

162 2795 309 2845 taesnm
332 2801 398 2842 vos
419 2783 506 2843 milri
530 2785 642 2844 esse'.
676 2785 779 2844 similis
802 2804 866 2845 sum
887 2785 929 2845 tui
946 2784 1094 2858 moribus,
1116 2784 1239 2844 interest
1262 2782 1355 2858 illius;
1376 2782 1461 2842 tertia

122 2904 291 2966 aspersona
311 2883 354 2944 sio
375 2885 511 2944 ollertur:
535 2905 601 2945 nam
621 2887 714 2965 prima
736 2887 859 2948 interest
875 2906 957 2959 mea,
987 2885 1115 2947 seeunda
1139 2886 1260 2945 interest
1281 2895 1339 2944 tna.
1384 2883 1463 2942 simi·
1516 2901 1525 2919 ⁰

163 2988 229 3049 liter
248 2986 341 3047 relert
361 3003 442 3058 mea,
462 2987 551 3045 relert
573 2995 638 3058 tna,
659 2987 749 3045 relert
762 2986 848 3046 illius.
889 2988 957 3047 item
978 2990 1120 3064 quaedam
1143 2988 1259 3048 raoniina
1283 2988 1373 3045 lorma
1398 3004 1463 3063 par·

164 3089 331 3168 ticipiorum
349 3086 443 3165 posita
471 3086 604 3162 genetivo
633 3088 713 3147 oasui
739 3088 914 3164 iaangumtur,
948 3100 978 3148 ut
1004 3089 1118 3168 patiens
1147 3088 1271 3159 laboris,
1305 3089 1463 3164 neglegens

164 3190 344 3260 amicorum,
368 3187 509 3265 adpetens
528 3189 685 3266 pecuniae,
707 3190 879 3266 fugitans
898 3190 1039 3263 litium,
1063 3198 1094 3247 ut
1109 3188 1280 3261 Terentius3
1305 3189 1463 3267 cupien-

164 3290 337 3351 tissimus
362 3289 476 3366 legiS,
506 3296 537 3347 ut
559 3288 729 3360 Sallustius,
758 3289 933 3367 superlativo
955 3291 1032 3348 l'aeto
1057 3289 1092 3347 ab
1116 3307 1150 3347 eo
1174 3290 1292 3348 tantalino
1318 3290 1395 3365 quod
1419 3297 1464 3348 est

126 3411 151 3450 ao
165 3390 307 3470 cupiens;
329 3392 466 3467 quoniam
489 3391 638 3470 partieipia
656 3399 685 3449 et
700 3391 864 3450 aemmatiuo
883 3389 1071 3467 eopidantur,
1091 3398 1122 3448 ut
1139 3390 1281 3467 adpetens
1298 3393 1462 3469 pieeiiuiam,

165 3493 294 3569 lugitans
318 3491 398 3564 lites,
426 3493 547 3570 eupiens
569 3492 678 3566 legem,
704 3499 733 3550 et
755 3499 850 3551 elstera
874 3491 960 3550 lartius
982 3489 1058 3548 modi
1082 3493 1189 3566 ligneas
1219 3490 1372 3550 uerborum
1396 3509 1464 3549 suo-

165 3614 230 3654 mm
254 3601 414 3653 sectantur.
461 3611 535 3669 quae
557 3604 653 3652 autern
677 3612 731 3670 pro
753 3591 996 3670 appellationibus
1019 3598 1189 3664 smnuntnr,
1209 3591 1282 3650 liaeo
1298 3591 1461 3666 gerietirum

164 3714 268 3756 casum
290 3694 462 3766 admittunt,
482 3694 567 3753 veluti
590 3713 691 3752 narrans
713 3694 762 3753 lilii
784 3703 845 3767 ost,
869 3712 960 3770 egens
976 3693 1164 3773 peoauaiarum
1187 3701 1240 3751 est.
1276 3692 1343 3750 item
1360 3709 1463 3750 onmes

164 3796 377 3877 appellationes
400 3814 473 3872 quae
495 3796 523 3855 iu
551 3804 596 3855 tor
618 3797 811 3855 terminantur
834 3795 979 3855 desiratae
1001 3814 1017 3854 a
1040 3794 1134 3854 uerbis
1154 3793 1278 3852 euaadem
1298 3791 1461 3868 genetivum

234 3965 329 4071 {lnam
347 3991 380 3999 —
401 3963 432 4012 15
451 3965 551 4027 quidem
571 3967 722 4016 sieClmra's.
739 3967 833 4031 past
902 3964 1039 4026 dloquilla
1057 3979 1126 4012 eurr.
1145 3962 1287 4025 loquelaA
1359 3962 1462 4011 Samo-

213 4043 252 4070 ιθ.

166 4087 211 4134 ris.
248 4099 314 4148 quoe
332 4085 372 4134 A:
391 4093 415 4132 et
433 4103 480 4135 oar.
499 4087 532 4134 Μ
620 4088 651 4135 lll
674 4103 748 4133 easus
766 4087 829 4134 :alios
849 4086 979 4134 Clema’sr'us
1004 4083 1067 4130 alios
1086 4098 1160 4131 rasus
1178 4084 1237 4133 ΑΜ
1322 4097 1422 4145 quoque
1440 4082 1464 4129 A

167 4155 259 4217 enique
278 4153 310 4202 Μ
394 4154 423 4203 11
444 4156 582 4219 puralium
603 4156 633 4203 Μ
652 4156 786 4220 pluralium
803 4155 828 4203 A
907 4155 937 4202 12
956 4154 1023 4201 uelut
1043 4153 1172 4202 (litorisius
1189 4163 1226 4202 est
1248 4151 1285 4207 Μ,
1305 4169 1351 4202 om.
1371 4152 1395 4200 A

169 4224 371 4272 tammonem
392 4223 424 4271 M
442 4226 465 4272 in
485 4236 568 4273 ιιιοιιιο
587 4225 611 4272 A
691 4224 725 4272 20
742 4239 805 4287 egeo
824 4237 840 4277 ς
859 4239 907 4288 ego
927 4224 950 4271 A
969 4233 991 4270 οι
1012 4237 1060 4284 ego
1080 4220 1112 4267 Μ
1187 4222 1218 4270 21
1240 4219 1377 4285 Vergilius]
1400 4219 1463 4268 Aen.

170 4294 213 4342 llll
236 4292 269 4340 18
339 4293 373 4340 ’21
395 4294 485 4342 sirarilis
502 4309 557 4341 sum
576 4325 608 4331 —
627 4295 660 4341 211
681 4294 758 4342 reluat
777 4293 845 4341 illins
862 4296 916 4343 llroe
939 4297 993 4341 loro
1012 4294 1104 4341 riualem
1121 4300 1177 4352 pust
1195 4291 1254 4342 5312.
1277 4290 1307 4338 18
1325 4289 1464 4354 disi-ipules

167 4361 259 4410 liabent
278 4359 352 4411 AM:
373 4363 409 4409 nd
424 4365 544 4412 idiomata
561 4364 690 4411 verbor-mu
708 4365 838 4420 rueoeuei,
858 4367 883 4411 in
906 4363 994 4425 paridam
1011 4369 1035 4409 et
1057 4359 1145 4407 similis
1165 4374 1219 4407 siam
1246 4361 1287 4407 tibi
1306 4362 1410 4423 pontion
1428 4365 1465 4406 est

165 4449 190 4494 ρ,
209 4430 260 4478 still
284 4433 384 4479 riulione
401 4432 471 4492 ialin
487 4450 512 4494 ρ.
533 4432 580 4479 adl
603 4435 731 4494 amplientur
748 4442 771 4481 el
790 4433 891 4480 interest
914 4441 937 4479 et
960 4429 1036 4478 relert
1061 4431 1163 4475 relatum
1189 4448 1205 4477 a
1228 4429 1344 4477 (lltarisio
1367 4446 1393 4491 p.
1413 4427 1465 4475 ‘258

234 4500 269 4548 25
289 4501 392 4547 elluatus
411 4501 434 4548 A
459 4501 602 4549 allia-eretur
620 4518 688 4549 νιινν.
710 4500 817 4548 ollii-itur
838 4500 868 4547 Μ
954 4500 986 4547 27
1007 4497 1143 4558 iri-elegeris
1162 4498 1185 4544 A
1211 4498 1345 4560 negligens
1366 4496 1395 4543 Μ

168 4568 200 4618 28
222 4567 374 4632 Terentius]
403 4571 501 4619 l’lrorm.
525 4573 567 4618 llll
588 4570 621 4621 ll.
645 4569 675 4616 lat
762 4570 795 4615 att
821 4571 941 4617 salustius
961 4568 1015 4615 ΛΜ
1098 4565 1127 4611 :tl
1156 4583 1258 4613 sarcir-auu
1283 4568 1415 4614 imrluuum
1438 4564 1465 4610 ‚ll

233 4638 267 4687 32
292 4653 357 4700 qune
381 4650 465 4687 autem
483 4670 517 4677 —-
534 4639 599 4699 312,
622 4640 638 4687 8
658 4638 780 4703 liguratur
805 4638 902 4687 Ultoris.
927 4655 954 4701 p.
972 4637 1022 4685 2¹57
1119 4634 1152 4683 :33
1176 4636 1310 4683 aaliaiittuut
1337 4636 1465 4684 Clara-isius

169 4709 197 4740 ,n

180 4758 287 4807 mittunt
307 4756 332 4804 A
351 4755 448 4805 uaittunt
469 4756 499 4803 Μ
568 4757 601 4805 :tl
622 4758 742 4804 utrinam·
761 4756 784 4803 A
