3114 5356
628 298 711 358 ΛΒΤ.
735 299 876 361 GRAMM.
898 300 970 362 ΗΒ.
994 302 1006 363 Ι
1407 310 1469 370 365

159 479 278 540 vindico
301 479 460 542 vindicavi:
491 484 548 543 hoc
575 484 696 545 verbum
725 503 784 545 nou
805 503 866 563 pro
894 486 1020 549 delendo
1043 495 1156 549 veteres
1177 419 1468 572 &cepa-nepsam

158 580 362 642 animadverto
385 589 416 642 et
435 582 542 661 punio,
566 591 598 644 ut
619 585 777 646 Sallustius
796 585 897 668 fnisi
926 587 1162 650 vindicatum
1191 590 1309 651 luerit
1336 591 1372 653 in
1401 613 1468 655 no·

159 679 275 755 xios'‚
307 688 337 742 et
363 681 393 741 in
423 681 546 743 Catilina
574 686 824 748 ‘vindicatum
855 687 892 747 in
920 705 984 748 eos
1015 690 1077 767 qui
1105 699 1239 752 contra
1267 691 1465 772 imperium

159 784 449 865 pugnaverant&
485 784 598 847 decollo
620 787 776 850 decollavi:
799 788 856 849 hoc
877 788 999 851 verbum
1017 792 1095 871 apud
1116 801 1229 854 veteres
1245 791 1359 872 decipio
1374 793 1466 872 signi-

131 891 245 961 ssrcal‚
268 896 301 949 ut
320 887 400 969 apud
422 886 558 947 Plautum
579 888 680 948 ‘nna
696 896 752 949 est
778 889 1016 966 decollarit'3
1045 892 1115 966 ilem
1137 892 1268 956 Lucilius
1290 892 1464 956 duodecimo

159 989 317 1068 ‘quibus
350 985 539 1050 lructihus
572 1007 626 1049 me
660 989 848 1052 decollavi
880 991 1024 1053 victus'
1054 1020 1074 1055 a
1096 1011 1171 1072 quae
1192 993 1368 1072 significatio
1386 996 1464 1073 apud
1523 982 1529 991 ’

160 1091 355 1153 Fenestellam
382 1089 528 1151 invenitur
555 1089 585 1150 in
608 1089 684 1151 libro
707 1092 901 1171 epitomarum
930 1093 1061 1154 secundo
1089 1095 1214 1171 ‘quem
1247 1093 1289 1155 ad
1321 1095 1463 1156 modum

160 1194 303 1254 Caesar
329 1211 346 1252 a
376 1191 518 1270 piratis
547 1199 683 1271 captus
702 1192 752 1253 sil
775 1201 891 1271 utque
913 1212 977 1255 eos
997 1195 1082 1274 ipse
1104 1202 1236 1273 postea
1257 1195 1463 1274 ceperit‘et

159 1293 439 1355 decollaverit’.
482 1300 596 1354 veteres
619 1303 717 1354 autem
746 1294 842 1354 securi
868 1313 971 1356 caesos
996 1295 1142 1356 dicebant.
1188 1297 1326 1375 praeloco
1346 1297 1463 1374 praelo-

120 1395 222 1455 rocavi
245 1393 361 1455 Probus
381 1395 463 1473 quasi
487 1414 592 1456 novam
611 1414 712 1456 vocem
732 1395 862 1456 miratur.
908 1395 988 1472 angit
1010 1396 1088 1457 enim
1107 1404 1220 1456 veteres
1248 1395 1399 1470 dicebaut,
1430 1407 1462 1459 ut

158 1494 302 1572 Vergilius

410 1660 416 1670 Ι
898 1603 933 1656 ει
954 1596 1060 1675 angit
1081 1596 1298 1662 inhaerens.

157 1698 289 1759 Lucihus
306 1706 405 1758 tarum
425 1697 466 1758 ait

827 1832 831 1841 =
864 1805 899 1858 et
921 1799 1115 1858 sullocare
1137 1799 1293 1862 lacunas

121 1930 144 1969 ff
324 1904 493 1958 conatur

157 2001 266 2060 inchoo
285 1996 435 2059 inchoavi:
463 1997 507 2057 sic
526 1997 683 2060 dicendum
707 2006 790 2077 putat
810 1998 902 2060 lulius
924 1999 1092 2073 Modestus,
1120 2000 1186 2077 quia
1212 2001 1251 2063 sil
1271 2001 1458 2081 conpositum

159 2120 175 2160 a
196 2102 288 2168 chao,
310 2099 392 2159 initio
410 2117 519 2159 rerum.
556 2099 607 2159 sed
630 2100 748 2160 Verrius
771 2109 800 2160 et
815 2089 938 2161 Flaccus
958 2101 989 2186 in
1007 2110 1155 2180 postrema
1177 2100 1286 2180 syllaba
1305 2102 1459 2182 adspiran-

158 2201 227 2262 dum
245 2201 453 2280 probaverunt.
492 2201 599 2261 cohnm
623 2201 700 2261 eninr
722 2203 800 2281 apud
824 2209 936 2262 veteres
954 2202 1096 2263 mundum
1110 2203 1271 2281 significat,
1293 2204 1371 2265 unde
1387 2203 1458 2264 suh·

156 2311 284 2364 tractum
299 2296 313 2383 ΙΙ
328 2301 480 2366 incohare„
521 2301 709 2380 Tranquillus
738 2322 855 2383 quoque
877 2302 924 2364 his
945 2303 1114 2366 adsentiens
1135 2306 1165 2365 in
1193 2304 1292 2366 libello
1316 2325 1372 2367 suo
1395 2303 1457 2383 ple·

117 2430 142 2469 ro
156 2404 278 2465 nissime
297 2405 384 2465 edere
404 2405 541 2464 incohata
560 2403 706 2465 disseruit.
744 2404 852 2466 similat
871 2422 931 2464 non
953 2402 1077 2465 dicimus
1094 2406 1146 2466 sed
1168 2406 1271 2468 similis
1294 2414 1348 2467 est.
1384 2424 1456 2467 sane

155 2507 291 2568 dixerunt
314 2499 449 2567 auctores
470 2504 588 2567 simulat
608 2524 661 2584 per
680 2525 714 2579 a,
737 2506 794 2568 hoc
814 2515 859 2566 est
877 2495 1024 2582 ὁμοιάζει,
1049 2514 1080 2567 ut
1103 2507 1205 2568 Cicero
1228 2509 1265 2570 de
1283 2527 1316 2569 re
1338 2506 1455 2588 puplica

155 2606 320 2668 ‘nullum
352 2615 409 2667 est
439 2606 646 2687 exemplum
672 2607 731 2667 cui
760 2607 931 2668 malimus
965 2606 1195 2670 adsimulare
1222 2594 1297 2671 rem
1330 2607 1455 2689 publi-

155 2711 264 2782 cam',
284 2709 427 2786 Vergilius

686 2812 838 2871 lormam
861 2811 1092 2871 adsimulata
1115 2810 1291 2871 Camerti.

115 2941 140 2981 a
155 2913 285 2974 secunda
308 2914 400 2973 forma
424 2919 469 2971 est
496 2930 572 2989 quae
595 2911 712 2973 licentia
740 2911 920 2990 antiquitatis
950 2911 994 2970 vel
1022 2911 1245 2973 consuetudinis
1272 2932 1288 2972 a
1316 2909 1454 2972 hhcutius

227 3136 237 3184 l
265 3148 316 3182 non
340 3147 386 3198 pro
407 3131 518 3182 delendo
541 3147 557 3189 ς
582 3148 632 3182 non
652 3132 763 3182 delendo
783 3132 816 3181 M
840 3147 889 3181 non
911 3131 1073 3181 delendeudo
1088 3132 1115 3182 B
1137 3146 1187 3182 non
1206 3132 1384 3182 deserendoA

153 3208 169 3255 2
190 3207 359 3254 animatuerto
379 3202 404 3250 B
485 3203 606 3251 salustius
624 3200 715 3252 ABM.
743 3203 799 3268 Iup.
812 3201 844 3252 31
932 3203 958 3249 in
977 3202 1068 3250 noxios
1087 3202 1112 3249 A
1141 3202 1165 3250 in
1184 3203 1278 3250 noxius
1296 3200 1356 3250 ΒΜ
1437 3202 1453 3253 3

154 3277 181 3324 in
200 3269 317 3337 Catilina]
333 3271 350 3322 9
419 3273 436 3320 4
455 3271 553 3337 decipio
565 3270 625 3319 BM
639 3272 732 3336 dicipio
747 3271 770 3318 A
784 3271 899 3335 decapite
915 3271 929 3320 b
1000 3271 1016 3319 5
1034 3271 1100 3334 apud
1112 3267 1239 3334 Plautum]
1255 3271 1325 3334 Gopl.
1339 3271 1372 3318 lll
1387 3270 1410 3329 l,
1420 3270 1454 3321 36

224 3357 275 3391 uua
294 3349 332 3390 est
351 3355 415 3403 quae
433 3340 569 3389 decollauit
587 3355 604 3395 ς
628 3340 793 3405 ἰηβερίίιιίε,
813 3340 862 3388 illic
880 3338 942 3388 milri
959 3354 1010 3388 una
1029 3347 1067 3387 est
1085 3354 1145 3404 spes
1163 3340 1300 3398 coenatica,
1319 3353 1349 3387 ea
1367 3341 1390 3387 si
1408 3340 1454 3388 de-

154 3412 265 3470 collabit,
280 3409 372 3470 redibo
390 3409 438 3458 huc
457 3410 489 3458 ud
508 3424 595 3458 senem
612 3410 644 3458 ad
660 3423 764 3458 coenam
782 3423 897 3473 asperam
916 3409 1042 3458 Bacchius
1135 3407 1152 3458 a
1171 3408 1262 3470 quibus
1279 3423 1317 3455 me
1336 3408 1453 3458 lructibu’

154 3481 280 3532 decollaui
300 3479 323 3529 I.
341 3481 436 3529 Dorceu.
458 3481 539 3528 Lucil.
558 3490 605 3529 sal.
622 3483 670 3529 rel.
688 3477 736 3525 xil
754 3478 770 3527 5
786 3495 813 3541 p.
831 3477 863 3526 51
952 3478 1074 3527 decollam
1092 3476 1118 3525 A
1201 3476 1385 3528 dictitamus·

153 3567 218 3616 qrrae
238 3547 391 3613 significatio
411 3549 479 3613 apud
500 3548 666 3596 Fenestellam
691 3547 764 3596 aliter·
782 3546 909 3596 inuenitur
926 3562 951 3602 ς.
983 3549 1111 3599 excidiese
1134 3548 1240 3596 oilerius
1261 3546 1453 3608 aipnillcotionia

151 3622 320 3684 definitionem
340 3619 402 3668 vidit
422 3618 606 3680 Weaselinpiac
623 3634 677 3667 vor.
697 3620 752 3667 leel.
773 3618 782 3665 l
802 3617 849 3674 ²0,
874 3620 986 3682 quaracla
1003 3635 1052 3668 aea
1070 3625 1139 3668 recle
1155 3616 1308 3666 intellexerit
1325 3614 1452 3664 Fenestel-

151 3694 192 3741 lae
209 3688 289 3739 aeria
358 3686 593 3752 lepilomatumq
672 3685 784 3748 8utque
803 3685 863 3734 AM
878 3694 954 3749 alque
973 3686 997 3735 Β
1079 3689 1134 3752 ipse
1151 3703 1196 3736 om.
1217 3682 1275 3732 ΒΜ
1361 3696 1451 3747 caepe-

152 3761 186 3808 rit
202 3757 234 3807 M
251 3756 363 3821 eoeperit
382 3755 405 3802 A
477 3765 501 3803 et
519 3774 564 3807 om.
585 3755 616 3803 M
687 3752 717 3803 ll
740 3753 880 3819 Vergilius]
899 3755 964 3806 Aen.
983 3756 1041 3804 Vlll
1057 3756 1109 3806 260
1180 3753 1211 3803 12
1230 3761 1254 3801 el
1272 3751 1388 3801 lancibus
1405 3767 1450 3800 an-

151 3828 190 3894 git
208 3825 344 3876 inhaerens
364 3838 381 3879 ς
452 3825 484 3873 lu
501 3825 628 3874 suffocare
649 3825 678 3873 M
750 3825 853 3873 lacunas
872 3841 940 3875 corr.
960 3826 1068 3890 lagunas
1085 3824 1117 3872 M
1134 3826 1228 3889 laguna
1242 3820 1280 3882 B,
1299 3838 1346 3872 om.
1365 3834 1382 3874 ς

154 3896 186 3947 18
204 3895 278 3946 incho
297 3892 414 3943 inchoaul
434 3895 458 3942 A
532 3895 563 3943 17
588 3894 684 3944 achao
703 3909 719 3950 ς
741 3893 804 3942 aeho
822 3894 847 3942 A
871 3909 932 3942 acoo
954 3893 1010 3942 BM
1095 3893 1182 3941 uerius
1201 3902 1225 3941 et
1244 3891 1336 3940 llaccus
1351 3889 1449 3940 ABM:

151 3967 259 4015 Verrius
280 3963 383 4012 Flaccus
408 3964 502 4026 aliique
526 3968 565 4013 vel
583 3963 687 4013 Verrius
711 3963 816 4012 Flaccus
834 3990 869 3998 -
886 3963 1003 4028 probauit
1026 3965 1130 4015 coniecit
1156 3961 1319 4012 (Macedonas
1336 3962 1362 4009 ia
1380 3960 1449 4010 Suel.

153 4038 226 4086 Caes.
246 4033 295 4089 46;
314 4049 418 4096 quorum
433 4035 561 4096 posteriue
577 4034 735 4096 probandum
748 4032 806 4095 facit,
826 4035 876 4082 nisi
889 4034 1046 4096 pranuaelici
1062 4048 1175 4082 errorem
1191 4034 1334 4096 relinquere
1350 4033 1450 4079 amoa-

150 4122 211 4155 aem,
231 4105 263 4153 de
282 4103 378 4151 Granio
398 4102 491 4152 Flacco
509 4105 627 4165 copileoil
645 4103 772 4153 Mrlllerae
785 4101 873 4165 praef.
893 4102 960 4151 Fert.
976 4118 1003 4164 p.
1021 4101 1080 4149 XlV
1153 4100 1185 4150 18
1203 4100 1374 4165 probauerunt
1392 4098 1453 4147 AM

152 4181 306 4239 putauerunt
326 4170 349 4218 B
418 4170 510 4220 cohum
527 4171 662 4221 Potachiar
678 4179 816 4236 praeeunte
834 4170 984 4221 Coeaudouo
1002 4173 1018 4220 l.
1037 4186 1077 4220 e..·
1093 4169 1127 4231 ef.
1148 4186 1205 4219 exe.
1225 4169 1293 4218 Fert.
1310 4184 1337 4230 p.
1356 4164 1390 4216 39
1409 4170 1448 4218 ed.

153 4244 228 4293 Muli.
247 4240 336 4289 choum
356 4239 437 4288 ABM
455 4239 561 4288 cohaum
581 4253 598 4295 ς
669 4242 736 4290 eninr
754 4239 806 4289 AB
824 4248 908 4289 aulem
927 4239 958 4287 M
1029 4239 1061 4290 19
1083 4239 1204 4287 incohare
1221 4236 1391 4286 Pataediuael
1403 4238 1451 4286 Ga-

151 4312 278 4362 soobonaa
294 4309 411 4358 inchoare
423 4309 509 4358 ΑΒΜ
594 4309 718 4358 adsentiat
730 4326 799 4360 corr.
813 4308 959 4358 adsentiens
973 4309 997 4356 A
1086 4309 1135 4356 ianr
1155 4306 1220 4356 bello
1239 4318 1286 4355 suo
1303 4304 1450 4368 plenissime

151 4381 227 4430 edere
245 4379 363 4427 inchoata
380 4379 502 4427 disseruit
520 4377 605 4426 ABM
621 4386 646 4427 et
663 4379 747 4428 codem
764 4379 880 4442 Scioppii
896 4395 966 4442 arcp.
987 4381 1043 4428 lect.
1063 4379 1085 4425 ll
1101 4378 1117 4426 2
1136 4375 1220 4425 libello
1239 4387 1286 4423 auo
1303 4372 1449 4437 plenissime

151 4450 240 4498 aedem
260 4447 401 4497 inchoatam
419 4450 453 4497 ita
471 4447 628 4500 disseruits
652 4446 736 4495 libello
761 4461 808 4496 suo
832 4447 980 4512 plenissimo
1003 4446 1093 4495 aedem
1115 4443 1257 4493 incohatam
1276 4443 1311 4490 ita
1328 4440 1450 4492 disseruit

152 4520 295 4569 Palaeiius.
315 4534 364 4567 non
380 4521 509 4581 pertinere
526 4517 589 4566 doec
606 4516 642 4563 od
655 4516 724 4566 Suel.
744 4515 812 4580 Aup.
832 4515 867 4565 60
892 4516 980 4565 aedem
998 4515 1065 4565 lovis
1084 4513 1193 4578 Olympii
1213 4509 1321 4560 athenis
1339 4511 1450 4573 antiqui-

151 4599 191 4637 tus
211 4585 354 4635 inchoatam
374 4589 434 4637 cidit
454 4585 688 4636 Garamanticae.
704 4584 819 4647 fortusse
836 4600 867 4633 ea
880 4586 912 4634 de
925 4600 951 4633 re
965 4584 1086 4634 disseruit
1155 4580 1190 4631 20
1208 4580 1291 4630 similo
1307 4578 1451 4630 nonABM

203 4656 234 4704 21
248 4656 347 4718 omyazi
359 4655 417 4704 AM
435 4655 526 4704 omiazi
539 4653 563 4701 B
580 4645 652 4715 ὁμοῦ
666 4668 691 4700 τι
704 4655 839 4718 Scioppius
854 4659 871 4705 l.
887 4673 909 4705 e.
962 4654 996 4702 22
1011 4652 1106 4701 nullum
1121 4659 1158 4700 est
1171 4649 1315 4714 exemplum
1330 4664 1377 4700 om·
1390 4663 1408 4705 ς

153 4741 227 4787 quam
246 4726 338 4774 alimus
357 4724 415 4774 ΒΜ
431 4740 506 4787 quarn
525 4723 590 4772 alius
609 4721 634 4770 A
654 4722 726 4784 quasi
743 4722 844 4777 aliusg
881 4739 890 4757 ·
921 4737 974 4772 rem
993 4721 1120 4787 puplicam
1140 4718 1172 4768 M
1254 4718 1288 4770 23
1307 4717 1448 4784 Vergilius]

152 4795 215 4844 Aea.
237 4794 283 4843 Xll
298 4795 348 4842 ‘224
394 4790 398 4800 '
418 4793 587 4842 astruendus
606 4789 665 4840 ΒΜ
682 4791 798 4839 licentius
815 4790 841 4839 A
887 4812 889 4817 ¹
