3114 5356
187 304 247 368 rec
720 342 723 347 -
749 300 913 367 cntntsn

235 435 258 477 ρ.
274 385 319 466 rio.
334 420 357 463 n
369 419 393 464 r.
1264 431 1286 473 p.
1305 416 1348 461 ru.
1364 416 1391 460 ra
1402 416 1431 459 u.

349 490 436 570 quid
460 486 612 553 laciam‘i
632 488 667 550 in
690 488 855 552 latebras
879 489 1018 552 condas
1044 489 1195 569 pectori
1217 490 1482 573 penitissime,

185 603 214 656 et
235 594 266 656 in
288 593 462 656 Curculione

351 695 454 758 selve
476 693 696 767 oculissime
716 693 831 757 bomo.

186 796 239 862 scd
257 816 329 861 num
352 797 520 861 oculissime
538 794 670 877 βραχέως
690 794 867 876 legendum?

268 900 349 963 luter
366 899 503 962 adverbia
527 919 544 962 a
565 900 788 980 pronominibus
807 898 933 961 deducta
954 894 1062 975 aliquid
1086 915 1121 968 ex
1145 896 1280 976 eo.quod
1299 903 1345 958 est
1366 896 1513 975 uliquiss

184 1003 334 1084 quippiam
356 1020 392 1063 ex
413 1020 448 1063 co
470 1000 550 1082 quod
569 1009 614 1063 est
638 1000 793 1084 quispiam,
812 1000 939 1079 quicque
959 1016 995 1058 ex
1017 1016 1052 1059 eo
1074 999 1154 1077 quod
1175 1007 1220 1062 cst
1240 999 1375 1078 quisquc,
1400 999 1483 1078 qnid,

184 1105 367 1185 numquid'

271 1206 303 1266 G.
321 1206 411 1268 lulius
427 1205 577 1268 Romanus
594 1204 634 1267 ite
655 1206 746 1267 refert
767 1205 804 1266 de
824 1203 961 1267 adverbio
974 1199 989 1288 ΙΙ
1004 1201 1059 1264 sub
1078 1201 1163 1263 titulo
1188 1191 1341 1281 ἀφορμῶν.
1381 1201 1485 1263 adver·

186 1309 267 1372 bium
291 1316 340 1370 est
363 1327 433 1390 pars
460 1307 602 1368 orationis
630 1324 704 1385 quae
729 1306 841 1371 adiecta
867 1306 956 1368 verbo
984 1292 1226 1385 significationem
1254 1304 1318 1366 eius
1346 1303 1486 1383 explanat

187 1417 276 1489 etque
302 1410 308 1423 '
351 1401 413 1471 let*
446 1415 493 1469 est
519 1409 597 1469 enim
624 1408 744 1470 verbum
768 1409 881 1483 scribo,
918 1408 965 1470 cui
993 1409 1018 1470 si
1045 1406 1187 1469 adiciatur
1212 1405 1290 1467 bene
1315 1405 1376 1467 sive
1393 1405 1484 1481 mele,
1501 1427 1527 1469 ιο

187 1510 266 1589 quod
294 1530 310 1571 e
362 1509 549 1586 adverbium,
581 1510 668 1572 laciet
694 1511 770 1574 bene
796 1512 909 1587 scribo,
941 1511 1016 1573 male
1041 1510 1149 1572 scribo.
1194 1508 1297 1571 codem
1323 1515 1370 1569 est
1396 1515 1427 1569 et
1452 1508 1484 1569 in

188 1611 308 1673 Graecis
334 1610 479 1674 adverbiis
506 1631 574 1674 cum
601 1613 735 1695 partibus
765 1613 950 1688 constitutio,
982 1607 1131 1693 ἑπίρρημά
1161 1606 1243 1673 ἐστιν
1274 1607 1362 1687 telove
1393 1601 1486 1689 λόγου

186 1702 309 1776 ἄπλετον
335 1709 384 1774 nu
406 1703 440 1774 ri
469 1713 551 1796 ῥῆμα
575 1704 630 1793 τὴν
657 1703 820 1796 ἀναφορὰν
847 1712 925 1794 ἔχον.
969 1732 1026 1795 qua
1048 1715 1160 1777 ratione
1181 1714 1270 1793 igitur
1291 1713 1486 1791 σχπλιασμοῦ

188 1804 338 1894 δηλωτικὰ
359 1807 543 1897 ἐπιρρήματα
564 1817 688 1880 dixerint
708 1836 812 1900 parum
827 1824 939 1900 specto.
978 1836 1065 1896 quam
1081 1825 1194 1898 partem
1216 1815 1357 1877 orationis
1378 1814 1484 1888 nostri,

187 1936 248 1981 unu
274 1926 308 1979 ut
334 1936 489 1982 numerum
516 1928 583 1982 octo
610 1921 737 2002 partium
761 1917 767 2004 l
792 1920 930 1996 articulo,
967 1920 1073 1983 idest
1103 1920 1147 2004 cpi
1173 1909 1298 2000 ὄρθρῳ,
1328 1916 1483 1977 deficiente
1498 1934 1543 1981 rs.

188 2020 375 2102 supplerent,
404 2021 457 2083 sed
485 2022 552 2101 quia
579 2023 715 2085 videbant
737 2023 905 2085 adverbium
926 2022 994 2084 e'ssc
1018 2041 1078 2084 non
1105 2039 1210 2101 posse,
1244 2026 1483 2097 segregaverint

188 2123 335 2203 nunquia
356 2124 484 2186 nesciam
507 2125 649 2204 quaedam
670 2125 734 2187 allis
755 2124 888 2206 partibus
909 2124 1048 2185 orationis
1073 2123 1208 2185 adverbia
1230 2139 1296 2182 csse
1318 2119 1485 2181 communia

189 2232 219 2286 et
242 2219 318 2287 velut
336 2226 464 2287 nominis
485 2227 584 2289 iuncta
605 2227 778 2302 consortiis,
806 2214 951 2305 ut‘gratis
973 2225 1046 2288 laiso
1065 2245 1133 2287 vero
1155 2215 1269 2300 subito',
1299 2222 1396 2284 ‘domi
1417 2224 1483 2285 est’

189 2326 294 2389 ‘domo
316 2328 428 2405 veuit';
455 2347 510 2391 nec
531 2331 628 2391 miuus
646 2329 753 2403 verbo,
781 2337 814 2390 ut
832 2329 981 2405 cousrdt03
1006 2328 1076 2390 item
1097 2326 1337 2388 coniunctionum
1358 2326 1484 2388 nexibus

190 2429 353 2504 strictiora,
381 2439 414 2492 ut
442 2450 508 2493 cum
537 2432 677 2504 dic-imus,
706 2431 800 2511 inquit
821 2431 956 2494 Vmbrius
978 2427 1183 2505 Primus,‘ubi
1206 2430 1231 2491 si
1253 2438 1286 2492 ut
1312 2416 1398 2509 ergff,
1431 2437 1525 2491 antas

190 2532 457 2613 praepositionibus
488 2533 608 2607 similia,
639 2534 755 2614 ut‘pro
789 2535 844 2597 sub
873 2554 943 2615 pree
976 2525 1108 2615 propter?
1160 2539 1190 2593 et
1217 2531 1352 2593 Vmbrius
1383 2539 1485 2592 tumen

189 2634 441 2697 interiectionibus
469 2634 566 2697 locum
597 2654 656 2696 non
686 2636 780 2712 dedit,
807 2656 875 2698 cum
899 2637 978 2699 volut
999 2644 1127 2698 extrema
1147 2634 1223 2694 linea
1245 2632 1313 2694 duci
1332 2640 1485 2713 postremo

189 2735 232 2799 vel
256 2736 293 2797 ab
317 2736 364 2796 bis
385 2743 487 2816 posset
507 2737 556 2814 qui
579 2755 641 2797 eam
663 2739 803 2800 orationis
824 2748 937 2819 partem
960 2736 1087 2800 adverbii
1116 2745 1205 2796 totam
1229 2753 1296 2797 esse
1318 2733 1483 2795 volucrunt.

189 2855 314 2918 quorum
336 2837 428 2915 siquis
449 2837 627 2900 detensionis
650 2839 728 2901 ineat
749 2841 909 2914 tramitem,
947 2841 1024 2920 quod
1045 2840 1155 2900 idcirco
1175 2835 1341 2914 πανόέκτης
1363 2853 1387 2898 a·
1406 2837 1486 2898 Stoi-

190 2940 233 3002 cis
255 2959 288 3001 ea
311 2958 379 3020 pars
407 2938 546 3002 orationis
574 2939 731 3015 habeatur,
759 2943 863 3003 eodem
890 2943 940 3004 illo
967 2941 1142 3004 summoveri
1170 2961 1203 3002 se
1229 2960 1318 3022 posse
1344 2939 1526 3020 respicietur

190 3040 268 3103 uude
290 3041 419 3103 conlidit.
463 3062 531 3104 nam
559 3062 624 3104 cum
653 3041 818 3127 πανδέκτῃς
838 3045 901 3113 iure
928 3046 1056 3121 dicatur,
1081 3064 1134 3106 cur
1161 3064 1220 3105 non
1246 3042 1336 3122 alligit
1362 3058 1486 3102 consor-

191 3144 265 3205 tium
292 3142 359 3205 sui?
402 3162 466 3205 eam
490 3164 606 3225 quoque
631 3145 841 3208 interiectionis
865 3157 979 3229 partem
1005 3166 1110 3210 vocare
1139 3147 1297 3220 secretim,
1330 3145 1387 3206 nisi
1416 3145 1485 3222 quia

190 3245 277 3307 rideri
297 3254 377 3306 metu
391 3292 627 3309 ...............
643 3248 697 3310 etsi
719 3267 773 3310 nec
796 3260 895 3312 nostra
917 3253 991 3313 ratio
1010 3257 1119 3310 temere
1142 3270 1173 3310 se
1191 3247 1391 3309 ‹tetihcrationi
1412 3265 1486 3307 sune

191 3338 401 3427 sententiisque
421 3351 568 3430 permisit,
591 3351 640 3431 qui
648 3396 837 3413 ............
847 3354 984 3434 propriae
1005 3352 1119 3413 virtutis
1137 3371 1203 3415 cum
1218 3348 1380 3413 orationem
1397 3347 1486 3408 islant

191 3574 474 3632 wsswnmua

191 3679 249 3714 uum
257 3664 535 3715 cumuenueuruciure
544 3664 642 3715 dicutur
650 3680 695 3714 cur
704 3680 753 3715 nou
765 3665 846 3731 alligit
857 3648 1009 3716 consortium
1023 3666 1063 3716 sui
1073 3679 1128 3714 cnm
1136 3678 1212 3726 quoq.
1221 3643 1373 3711 inflectionis
1386 3666 1485 3723 partem

191 3743 290 3803 uocaui
307 3752 429 3802 secretius
447 3752 497 3801 nisi
525 3768 542 3815 u
567 3752 645 3802 rideri
662 3761 774 3803 metuere
786 3759 811 3803 et
822 3753 848 3801 iu
858 3753 910 3802 talu
918 3758 943 3801 tu
955 3754 1002 3802 etsi
1016 3768 1062 3801 uec
1071 3753 1176 3801 naratio
1187 3758 1280 3800 temere
1292 3762 1320 3798 se
1334 3746 1485 3797 deliberatio

191 3838 217 3888 ui
226 3854 274 3906 sne
284 3840 442 3905 sententiisq,
450 3839 566 3905 permisit
577 3841 621 3903 qui
820 3840 925 3906 proprio
932 3840 1031 3889 uirtutis
1038 3827 1059 3889 c'
1067 3840 1206 3889 orationem
1216 3839 1290 3886 istem
1298 3833 1396 3886 uinclis
1403 3834 1486 3884 nliene

260 3980 295 4030 28
312 3986 456 4030 metuerunt
475 3980 620 4042 numeni,
639 3979 702 4045 etsi,
720 3993 765 4029 nec
782 3994 804 4029 ω

190 4107 527 4133 -—-—-·—·v

262 4184 276 4236 1
296 4183 391 4236 latbrns
411 4183 437 4233 N
511 4182 669 4251 penitissime
687 4197 709 4232 ω
798 4185 815 4234 2
834 4184 859 4232 ἱιι
878 4180 1039 4247 Curculione]
1060 4183 1113 4243 12,
1132 4181 1166 4232 28
1255 4183 1272 4232 t
1293 4181 1430 4248 legendum
1448 4182 1485 4230 in-

191 4265 230 4307 ter
247 4255 369 4306 adnerbie
387 4254 420 4303 N.
451 4254 566 4319 sortasse
591 4254 651 4303 item
671 4254 793 4303 adverbia
896 4252 929 4303 12
956 4269 1013 4302 cum
1042 4254 1156 4317 partibus
1183 4251 1316 4302 Putacbtus
1341 4266 1400 4301 cum
1425 4251 1485 4301 arti-

192 4328 241 4377 bus
258 4324 296 4375 N:
326 4325 415 4376 eadem
440 4332 479 4373 est
501 4325 526 4374 in
551 4322 654 4374 Graecis
678 4324 777 4372 artibus
802 4324 915 4374 adverbii
940 4323 1085 4372 constitutio
1108 4323 1211 4372 coniecit
1230 4322 1418 4372 Lindemauaus

193 4410 310 4448 euvenus
335 4394 407 4446 ecrrb
436 4394 462 4443 N
561 4393 592 4445 1³
617 4406 743 4442 anuerron
767 4393 793 4442 N
875 4391 907 4444 14
930 4407 1081 4445 surranum
1108 4392 1227 4441 dixerunt
1255 4390 1280 4438 N
1364 4392 1396 4441 15
1424 4388 1485 4440 detl-

138 4494 145 4503 ·
191 4468 274 4518 ciente
291 4483 313 4517 ω
338 4464 464 4516 deficienti
477 4464 502 4514 N
577 4461 619 4568 tlii
643 4460 777 4528 consulto]
796 4463 879 4513 subito
897 4462 924 4511 Ν
946 4464 1043 4514 occultu
1067 4462 1151 4512 subito
1168 4461 1315 4524 Fabricius,
1337 4461 1381 4526 qui
1405 4449 1485 4524 sabra

192 4589 276 4640 subito
289 4587 380 4637 deleuit
448 4585 483 4638 20
500 4581 635 4688 issqffidff
715 4585 748 4635 22
767 4582 983 4634 interiectionibus
1000 4583 1134 4634 Fabricius
1152 4582 1302 4632 interiectib.
1321 4580 1348 4629 N
1427 4595 1484 4630 eum

192 4707 233 4758 nel
250 4715 365 4758 extreme
382 4704 409 4753 N
492 4702 526 4755 23
542 4702 642 4753 uelnbis
658 4714 745 4770 posset
765 4704 792 4754 N
869 4705 903 4754 24
922 4702 1095 4753 detrusionem
1111 4715 1133 4750 ω
1202 4699 1338 4768 tramitem]
1359 4708 1443 4751 tamen
1462 4699 1490 4748 N.

260 4776 295 4828 26
311 4775 399 4840 alliget
416 4790 437 4824 ω
462 4772 552 4839 alliget
567 4772 702 4825 Fabricius
786 4775 820 4824 27
843 4774 893 4823 iem
916 4788 1017 4837 quoque
1034 4770 1216 4823 interiectionis
1234 4781 1364 4837 expertem
1383 4770 1485 4821 uocauit

193 4847 312 4894 secretius
329 4858 364 4894 uu:
382 4858 416 4892 aa
435 4857 558 4893 vocavere
575 4842 685 4894 rectius?
