3114 5356
135 371 237 416 mvn
680 338 889 402 0οι00000

42 535 46 543 ’
136 535 279 600 maximo
300 530 461 598 defecisse
486 524 681 610 reperimus,
713 524 784 586 sive
806 522 885 608 quia
907 521 937 584 is
958 519 1056 601 artis,
1079 527 1115 582 ut
1138 517 1300 592 diximus,
1323 515 1430 578 minus

135 637 260 724 peritus
295 633 372 709 fuit,
405 631 476 694 sivo
502 625 579 713 quia
608 634 676 688 tum
697 645 771 688 cum
800 622 855 687 ille
882 621 1027 708 priscum
1057 618 1243 706 exemplum
1267 616 1431 681 tractabat

136 738 314 829 pluralem
333 727 599 796 deletafuerunt.
644 747 683 789 00
712 724 877 810 pertinent
906 723 1002 799 hacc,
1032 718 1206 808 inquibus
1230 740 1315 806 0000
1337 717 1430 782 00010

136 837 382 922 circumscripta
397 837 482 911 0001,
507 827 626 891 lacuna
645 848 709 913 qua
729 825 877 889 (10100100
896 823 1076 888 litterarum
1092 821 1292 886 indicaretur
1307 818 1429 902 relicta,

137 939 194 1004 ills
210 937 330 1018 omisit,
350 933 423 1013 332,
442 931 480 991 12
495 938 645 1007 00000010
660 926 784 1015 [nwcum
805 941 900 990 100001
916 944 1015 989 seciim
1035 928 1184 987 nobiscum
1199 925 1348 985 uobiscum
1364 942 1428 984 cum

136 1043 207 1122 iilis!
228 1043 361 1118 pencris,
384 1033 457 1111 333,
476 1030 516 1090 22
536 1033 832 1112 000100000000100
856 1026 949 1114 apios]
975 1031 1114 1101 masculi,
1134 1026 1206 1106 376,
1224 1029 1243 1086 4
1263 1028 1341 1088 idam
1364 1028 1427 1106 {pro

136 1149 157 1208 l.
173 1144 313 1223 caluitio,
344 1133 421 1212 389,
447 1133 492 1206 17,
508 1135 637 1194 uerebar
657 1134 819 1213 {quorsum}
840 1135 996 1204 arroderet,
1024 1130 1102 1208 402,
1128 1129 1165 1190 10
1188 1137 1311 1190 canulro
1334 1129 1426 1207 {subi-

136 1246 209 1325 tum]
229 1259 312 1317 0000,
337 1239 398 1300 410
405 1281 414 1316 ,
438 1234 476 1296 16
500 1251 562 1312 pro
583 1235 707 1314 [fratre]
731 1245 828 1311 proc,
847 1236 924 1314 410,
951 1230 992 1292 23
1019 1232 1250 1310 00000ηεί01000
1270 1231 1425 1310 rclcoyno

135 1350 238 1410 sceris.
274 1345 443 1428 praeterea
461 1333 620 1397 incertam
640 1330 810 1420 archetypi
832 1333 1025 1418 scripturam
1041 1329 1183 1416 produnt
1203 1330 1425 1414 10000,329,1

136 1456 219 1511 actui
241 1452 354 1509 cerium
375 1437 403 1502 B
426 1448 496 1500 noia
512 1443 625 1499 certam
645 1432 681 1496 M
708 1445 778 1498 acin
804 1439 948 1498 incertum
969 1432 1017 1513 A,
1052 1432 1129 1512 330,
1154 1434 1166 1492 1
1200 1443 1232 1495 ut
1265 1453 1333 1497 cum
1358 1438 1424 1497 dici·

137 1567 202 1610 000
231 1545 262 1608 Α
300 1549 354 1605 001
390 1542 516 1602 damus
548 1533 584 1597 M
626 1545 659 1598 ut
692 1540 721 1598 si
753 1539 888 1599 dicamus
923 1533 969 1615 Β,
1011 1536 1091 1614 349,
1132 1534 1172 1596 28
1214 1538 1259 1596 ud
1295 1542 1424 1614 0000100

136 1651 229 1723 redii,
257 1643 316 1708 ubi
342 1643 423 1704 redit
449 1637 604 1702 omissum
632 1645 682 1700 est
711 1636 746 1698 in
774 1635 848 1699 AM
877 1634 1013 1699 lacunae
1032 1633 1154 1697 indicio
1181 1633 1294 1701 relicto
1323 1637 1358 1700 in
1387 1636 1422 1700 M

138 1750 173 1814 in
198 1747 226 1810 B
247 1751 357 1809 autem
385 1741 433 1804 ita
460 1758 630 1827 perperam
648 1736 800 1824 suppleta
819 1738 996 1822 scriptura,
1028 1756 1048 1798 a
1080 1742 1188 1813 000010
1212 1742 1334 1801 recedit.
1378 1739 1422 1803 de

138 1849 259 1915 lectum
293 1854 402 1908 autem
433 1841 537 1927 ipsius
568 1837 737 1925 archetypi
766 1839 801 1902 in
833 1838 948 1924 primis
974 1857 1172 1922 cognoscere
1199 1837 1276 1903 licet
1304 1844 1384 1924 491,
1412 1845 1421 1905 1

138 1971 225 2036 000,
253 1945 366 2012 ubios
392 1944 506 2009 dcesse
526 1940 686 2029 quaedam
711 1950 744 2004 et
768 1961 840 2004 eam
865 1938 1016 2002 lacunam
1037 1961 1095 2024 per
1121 1938 1292 2025 conplures
1317 1963 1420 2007 versui

137 2051 302 2139 pertinere
324 2048 406 2112 vitio
435 2042 715 2120 membranarum,
746 2052 783 2106 ut
804 2038 949 2122 videtur,
976 2038 1149 2105 10010000
1174 2040 1279 2105 solum
1301 2040 1418 2107 Horati

136 2172 252 2217 vorsus
278 2149 314 2212 in
341 2144 449 2212 media
470 2152 564 2230 parte
587 2143 694 2208 mutili
720 2142 778 2208 sed
804 2143 903 2207 etiam
930 2163 970 2204 ca
991 2163 1075 2228 quac
1100 2143 1248 2228 proxime
1277 2153 1418 2207 secuntu:

136 2248 310 2316 manifeste
347 2248 483 2334 docent.
526 2245 609 2309 itern-
636 2247 717 2327 525,
754 2247 774 2306 0
807 2245 841 2306 10
872 2241 1062 2306 definitione
1092 2252 1267 2307 metrorum
1304 2243 1418 2309 Horati

138 2351 314 2438 descriptio
339 2349 436 2414 unius
458 2347 612 2411 carminis
638 2346 672 2409 in
697 2344 873 2429 archetypo
897 2342 1014 2406 lacuna
1034 2343 1216 2435 1010000010
1236 2345 1313 2423 1011,
1338 2347 1414 2410 0010

136 2453 273 2517 lacunae
295 2449 450 2515 indicium
481 2448 586 2535 spatio
608 2447 744 2512 duorum
766 2465 921 2510 versuum
940 2443 1054 2509 relicto
1074 2447 1194 2510 rostitit
1222 2447 1257 2509 in
1279 2447 1323 2510 M.
1368 2471 1416 2514 nor

138 2555 245 2617 minus
267 2553 393 2616 iactura
408 2544 671 2614 membranarum
693 2557 764 2613 orta
779 2569 850 2611 0000
865 2555 943 2633 0010
966 2543 1063 2627 10000,
1080 2549 1158 2628 330,
1176 2552 1188 2609 1
1210 2552 1312 2612 Cicero
1329 2555 1415 2613 01000.

138 2657 265 2738 01410,
288 2658 308 2719 9
325 2657 429 2732 Nepos
444 2657 571 2714 inlustri.
617 2651 676 2714 sed
696 2649 793 2714 latius
816 2648 877 2712 hoc
894 2646 1084 2711 lacunarum
1105 2669 1209 2734 genus
1232 2657 1322 2737 00101
1337 2674 1414 2738 quar

138 2755 224 2843 quod
240 2753 433 2839 pertractari
447 2750 508 2815 hoc
524 2749 594 2815 loco
610 2750 723 2837 possit.
762 2772 839 2814 nam
853 2772 918 2814 non
936 2747 1040 2813 solum
1059 2749 1188 2835 abipso
1204 2752 1414 2838 antiquissim

136 2856 288 2930 librario,
312 2875 407 2939 quom
423 2874 490 2915 non
505 2850 602 2914 nimis
621 2850 812 2935 diligentem
831 2850 996 2915 hominem
1018 2850 1122 2914 fuisso
1144 2851 1254 2915 multis
1274 2854 1413 2942 exempli

137 2955 289 3043 adparet,
305 2951 461 3040 conplura
478 2953 597 3016 omissa
613 2973 686 3015 esse
697 2949 867 3034 videntur,
883 2951 941 3015 sed
957 2951 1116 3037 quaedam
1136 2955 1233 3017 0110οι
1248 2954 1319 3018 0100
1334 2955 1412 3020 dubi

137 3056 202 3142 ipsi
227 3054 441 3139 grammatico
467 3051 695 3138 neglegentius
724 3063 872 3118 auctores
905 3075 986 3138 quos
1012 3052 1208 3138 sequebatur
1235 3052 1411 3121 dcscriben

136 3156 313 3221 tribuenda
335 3164 420 3221 0001.
467 3157 576 3241 110000
590 3153 672 3217 hacc
690 3155 853 3236 omittam;
875 3152 957 3217 illud
977 3152 1113 3236 addam,
1132 3165 1263 3243 0000100
1281 3178 1321 3219 00
1336 3160 1411 3224 01100

138 3280 222 3345 0000
238 3280 280 3322 ex
297 3258 480 3343 0011001000
503 3256 658 3320 momoria
673 3264 854 3343 propagata
869 3264 946 3318 sunt
967 3254 1068 3317 multa
1084 3276 1181 3341 sacpc
1209 3279 1229 3319 a
1246 3260 1410 3324 rccentibu

137 3357 281 3423 libra1iis
297 3381 406 3424 erroro
427 3359 548 3424 omissa
565 3380 647 3441 0000,
670 3357 757 3446 quod
779 3365 847 3420 turn
864 3356 1005 3420 maxime
1028 3354 1214 3440 accidebat,
1231 3381 1304 3422 cum
1320 3361 1409 3427 code}

137 3459 189 3525 vol
210 3460 310 3524 simili
331 3460 432 3525 verbo
455 3470 530 3544 post
548 3460 649 3524 breve
671 3459 811 3546 spatium
837 3459 976 3545 rcpctito
996 3453 1037 3519 ab
1056 3457 1323 3525 interiacentibus
1349 3486 1408 3528 ocu

138 3559 344 3624 aberrabant.
391 3560 431 3624 de
462 3561 554 3626 00100
576 3562 664 3627 modi
687 3561 830 3642 lacunis,
860 3561 888 3623 01
910 3558 1005 3624 modo
1026 3579 1065 3620 00
1092 3562 1235 3645 000010
1257 3585 1322 3628 000
1350 3563 1407 3629 libr

137 3661 257 3726 omissa
279 3661 411 3726 1000001
432 3670 520 3726 00010
535 3663 569 3726 10
584 3662 720 3751 00110010
743 3663 864 3748 0001010
879 3660 1046 3743 extabant,
1069 3684 1133 3725 non
1157 3673 1406 3733 0001000οιοο

137 3770 237 3826 retur.
282 3761 340 3826 sed
362 3786 462 3850 pergo
477 3763 520 3828 ad
540 3763 666 3850 roliqua
682 3785 765 3850 quac
785 3763 826 3827 ad
849 3762 1008 3826 rationem
1026 3765 1147 3828 vetusti
1163 3766 1285 3831 codicis
1302 3790 1405 3834 accur:

137 3864 202 3927 tius
221 3864 480 3948 cognoscendam
501 3866 675 3950 pertinent.
720 3863 889 3950 inquibus
911 3861 993 3925 illud
1014 3867 1157 3930 maxime
1171 3868 1405 3937 aninradvcrtcr

138 3964 214 4029 dum
238 3972 307 4046 001,
330 3963 541 4051 conpluribus
564 3965 644 4030 locis
666 3965 825 4054 quandam
842 3987 939 4052 00000
965 3967 1088 4052 scripta
1105 3966 1156 4031 vel
1178 3969 1211 4032 in
1230 3974 1404 4058 marginibr

138 4064 251 4130 addita
267 4065 370 4129 fuisso
379 4115 388 4148 ,
404 4065 525 4153 quibus
539 4066 692 4131 librarius
708 4066 761 4132 vel
775 4066 915 4131 correxit
938 4086 978 4129 00
998 4088 1082 4153 quae
1104 4091 1204 4155 prave
1226 4075 1347 4161 scripta
1362 4100 1403 4141 cs:

138 4167 292 4250 cognovit
317 4166 371 4230 vel
400 4167 579 4252 supplevit,
614 4168 722 4255 siquid
755 4168 965 4254 neglegentia
996 4169 1206 4254 praeteritum
1237 4195 1310 4238 0000
1341 4178 1402 4242 vid:

137 4265 214 4330 inde
239 4268 326 4330 enim
348 4267 568 4333 memorabilis
601 4269 761 4356 quaedam
784 4268 940 4335 librorum
961 4268 1151 4353 diversitas,
1182 4295 1265 4358 0000
1296 4277 1402 4363 singul

138 4368 217 4432 locis
231 4369 429 4455 conspicitur
445 4377 522 4432 nata
539 4391 612 4433 csse
627 4369 768 4437 videtur.
801 4371 983 4435 clarissima
1005 4379 1114 4433 autom
1128 4372 1198 4436 eius
1213 4377 1261 4439 rei
1283 4398 1401 4467 exemp

138 4479 215 4532 sunt
236 4468 334 4553 haec,
357 4471 392 4533 in
415 4468 534 4556 quibus
555 4470 726 4558 archetypi
749 4473 939 4558 scripturam
954 4471 1126 4537 brevitatis
1149 4495 1249 4540 00000
1272 4477 1304 4539 X
1327 4478 1398 4544 litte

136 4569 434 4659 10010001,463,1
460 4575 567 4698 [00010
599 4580 847 4666 soiisnrbaniioic
872 4574 1005 4651 Bsocct
1031 4585 1084 4636 cut
1110 4583 1182 4639 sciis
1209 4588 1399 4658 0000000001

137 4702 214 4766 ΑΜ
232 4709 339 4780 [occid
362 4714 436 4771 00110
455 4715 680 4810 000000αηὶ100
701 4708 751 4791 X,
780 4713 841 4773 467
852 4759 860 4790 ,
892 4711 932 4773 26
954 4718 1115 4788 quaestura
1141 4709 1171 4772 A
1192 4725 1385 4789 qimcsiurum

136 4894 214 4957 quoe
232 4885 383 4940 structura
405 4841 611 4981 ichaonam
631 4876 676 4960 X,
700 4877 773 4960 492,
792 4875 1216 4955 5000000010011000000
1237 4883 1378 4947 chimis
