3114 5356
455 288 638 350 ulolffiuls
660 288 742 348 Α11Τ.
766 288 905 350 uetuit.
928 287 1049 349 stult
1342 288 1403 351 421

1205 401 1272 445 auc
1289 403 1313 443 sa
1328 402 1352 444 r.

108 478 248 538 ermiuat.
295 475 398 537 Cicero
421 475 465 536 sic
494 494 558 536 eam
581 474 697 548 delinit,
727 475 926 535 ‘delinitio
955 482 1012 535 est
1039 475 1162 535 oratio
1188 414 1297 563 pspirare
1318 477 1405 556 quid

108 578 151 638 sit
173 577 218 637 (le
242 596 312 656 quo
336 578 460 655 agitur
482 576 656 638 ostendit
676 594 783 655 quam
804 575 1060 637 brevissirne'.

664 762 713 823 DE
745 761 843 822 ARTE

152 927 162 945 .
188 885 245 944 Ars
271 890 317 943 est
341 882 382 942 rei
404 856 688 985 cuiusquoentia
719 900 774 942 usu
799 879 843 939 vel
872 878 1026 941 traditione
1054 880 1097 941 vel
1126 881 1239 942 ratione
1267 852 1406 963 percepta

108 983 231 1045 tendens
251 983 288 1044 ad
310 1002 394 1044 usum
418 983 544 1062 aliquem
567 982 641 1043 vitae
662 981 872 1044 necessarium.
909 980 1023 1042 Tullius
1038 982 1095 1042 hoc
1111 983 1199 1043 nroclo
1215 1001 1279 1043 eam
1295 982 1405 1057 delinit,

108 1087 184 1146 ‘ars
214 1092 274 1145 est
301 1085 590 1165 perceptionum
620 1085 915 1145 exercitatarum
946 1082 1189 1158 constructio
1221 1084 1263 1144 ael
1298 1105 1405 1147 unum

108 1186 245 1246 anitum
268 1185 398 1246 utilem
418 1187 517 1246 vitae
537 1185 838 1267 pertinentium’.
878 1205 926 1247 ars
949 1185 1042 1260 dicta,
1065 1184 1144 1263 quot
1166 1192 1229 1246 arto
1248 1196 1406 1268 praecepto

108 1287 222 1366 singula
245 1287 366 1348 deliniat
387 1294 417 1347 et
438 1287 517 1349 velut
538 1288 598 1349 vias
619 1286 760 1364 quasdam
782 1287 932 1363 ostendat3
961 1287 1005 1348 vel
1026 1276 1087 1345 tal
1109 1286 1162 1361 τῆς
1180 1275 1299 1365 ἀρετῆς,
1329 1289 1406 1350 unde

108 1395 221 1449 ueteres
243 1397 336 1448 artem
360 1408 414 1468 pro
437 1389 542 1450 virtute
565 1388 760 1469 appellabant.
805 1390 911 1451 aruum
933 1406 1040 1467 genera
1064 1396 1133 1449 sunt
1152 1388 1252 1468 plura,
1283 1408 1406 1468 quarum

108 1489 297 1567 grammatice
318 1490 379 1551 sola
401 1490 534 1553 litteralis
558 1498 618 1565 est,
652 1508 687 1550 ex
709 1507 769 1568 qua
794 1491 940 1553 rhetorice
962 1498 992 1551 et
1012 1490 1127 1569 poetice
1149 1490 1333 1567 consistunt-3
1364 1492 1408 1553 itl-

108 1591 187 1651 eirco
210 1590 344 1652 litteralis
366 1591 459 1663 dicta,
488 1591 567 1669 quoti
595 1610 611 1651 a
637 1589 741 1651 litteris
766 1590 894 1672 incipiat.
939 1609 1007 1653 nam
1030 1601 1059 1651 et
1080 1592 1288 1669 grammaticus
1305 1592 1408 1654 Latine

108 1689 252 1752 litterator
280 1700 326 1753 est
351 1691 515 1773 appellatus
541 1702 570 1753 et
597 1693 785 1771 grammatica
806 1687 1000 1776 litteralium,
1029 1711 1104 1771 quae
1124 1694 1248 1755 sormam
1269 1694 1408 1774 loquendi

108 1792 142 1852 atl
164 1801 276 1854 certam
298 1791 440 1855 rationem
463 1792 569 1872 dirigit.

637 1978 687 2039 llll
709 1978 871 2041 illlum

193 2091 304 2152 littera
326 2099 372 2153 est
392 2111 461 2172 pars
483 2090 603 2153 minima
630 2087 711 2152 vocis
740 2090 910 2153 articulatae
938 2092 975 2153 alr
1003 2092 1148 2154 elemento
1177 2093 1322 2173 iucipiens
1349 2110 1406 2154 una

108 2192 200 2270 ligura
218 2191 365 2253 notabilis.
407 2194 536 2255 Scaurus
558 2193 601 2254 sic
621 2212 684 2254 eam
708 2192 825 2267 delinit,
852 2193 949 2254 littera
976 2202 1021 2255 ost
1042 2193 1122 2255 vocis
1144 2194 1208 2255 eius
1228 2212 1304 2272 quae
1318 2193 1406 2255 scribi

108 2301 208 2373 potest
234 2294 338 2354 lorma.
379 2294 556 2354 elementum
586 2302 632 2354 est
656 2295 777 2355 minima
799 2293 843 2355 vis
865 2302 895 2355 et
912 2294 1096 2357 indivisibilis
1117 2296 1239 2356 materia
1261 2295 1341 2357 vocis
1361 2314 1407 2356 ar·

108 2392 246 2454 ticulatae
272 2393 317 2453 vel
343 2393 573 2472 uniuscuiusque
602 2395 645 2455 rei
673 2395 788 2456 initium
815 2415 831 2456 a
858 2415 917 2476 quo
940 2396 1065 2458 sumitur
1094 2396 1307 2458 incrementum
1327 2405 1357 2458 et
1377 2397 1406 2458 iu

108 2493 187 2572 qnod
210 2494 374 2556 resoluitur.
418 2496 506 2556 huius
525 2497 618 2574 ligura
639 2495 735 2557 littera
758 2507 896 2575 vocatur3
930 2506 959 2560 et
979 2506 1048 2559 sunt
1075 2516 1178 2559 omnes
1200 2500 1310 2577 tigurae
1330 2498 1408 2559 litte·

108 2613 208 2657 rarum
238 2614 361 2658 numero
391 2596 493 2658 xxtlt
538 2597 591 2659 sed
612 2598 716 2659 harum
734 2606 912 2678 potestates,
943 2618 1016 2678 quas
1040 2600 1182 2661 elementa
1209 2599 1405 2673 nominamus,

107 2697 253 2778 plurimae
285 2698 502 2777 intellegtmtur.
558 2699 669 2762 litteras
702 2700 787 2761 etiam
822 2708 935 2763 veteres
965 2701 1107 2763 elementa
1138 2701 1288 2778 dixerunt,
1328 2703 1406 2782 qnotl

108 2798 272 2860 orationem
293 2799 370 2860 velut
390 2800 534 2878 quaedam
557 2801 669 2862 semina
692 2809 864 2865 construant
890 2811 978 2881 atque
1001 2800 1170 2864 dissolvant.
1216 2802 1324 2866 etenim
1351 2803 1407 2867 dil-

108 2901 166 2961 lert
187 2909 288 2961 utrum
309 2901 376 2980 quis
397 2900 477 2962 dicat
497 2900 674 2963 elementum
695 2921 732 2963 an
756 2902 881 2965 litteram
910 2922 946 2963 an
972 2923 1026 2983 per
1052 2923 1101 2978 se,
1135 2906 1203 2983 quia
1231 2905 1407 2968 elementum

108 3001 227 3080 quidem
249 3010 296 3064 est
315 3001 359 3063 vis
381 3001 444 3083 ipsa
464 3012 494 3063 et
513 3010 660 3083 potestas,
681 3002 777 3075 littera
799 3013 897 3067 amem
917 3007 1010 3083 ligura
1032 3014 1078 3066 est
1098 3007 1271 3085 potestatis,
1299 3026 1315 3068 a
1340 3027 1409 3070 vero

108 3122 219 3165 nomen
245 3112 291 3165 est
318 3113 348 3165 et
373 3103 527 3184 potestatis
552 3112 582 3164 et
605 3106 724 3182 figurae.
769 3106 858 3186 igitur
883 3105 1059 3168 clementum
1086 3106 1282 3186 intellegitur,
1312 3107 1409 3171 littera

108 3204 264 3280 scribitur,
287 3225 305 3266 a
325 3206 502 3267 nominatur.
532 3204 643 3265 littera
664 3205 741 3267 elicta
763 3208 847 3287 quasi
868 3208 1005 3286 legitera,
1031 3206 1097 3286 quia
1120 3207 1240 3287 legitur,
1262 3208 1305 3269 rel
1329 3209 1408 3287 quod

107 3306 276 3386 legentibus
298 3307 354 3368 iter
375 3307 519 3380 ostendit,
549 3307 594 3368 vel
616 3327 632 3368 a
654 3307 740 3370 litura
762 3326 849 3387 quam
871 3308 998 3388 patitur,
1030 3308 1075 3368 vel
1101 3309 1180 3386 quod
1203 3309 1329 3388 legendo
1354 3310 1409 3372 ite·

108 3418 200 3471 ratur.
245 3409 383 3471 accidunt
403 3406 559 3486 unicuique
577 3407 690 3470 litterae
712 3409 783 3483 tria,
804 3427 913 3470 nomen
933 3409 1026 3488 ligura
1047 3417 1188 3491 potestas.
1232 3429 1341 3472 nomen
1362 3419 1409 3471 est

108 3527 168 3587 qno
190 3509 299 3570 dicitur
316 3510 362 3570 rel
384 3507 570 3584 enuntiatur3
606 3510 714 3586 ligura,
743 3528 811 3571 cum
832 3511 941 3591 scripta
964 3511 1105 3592 aspicitur
1126 3511 1171 3572 vel
1190 3520 1323 3587 notatur3
1355 3530 1408 3590 po·

108 3619 201 3672 testas
222 3628 280 3688 qua
302 3610 378 3671 valet
399 3609 430 3670 in
457 3611 571 3671 ratione
594 3611 729 3685 metrica,
759 3610 788 3672 iel
812 3618 859 3672 est
884 3629 953 3673 eum
978 3611 1014 3673 ad
1044 3612 1251 3692 proprietatem
1278 3629 1361 3673 suam
1389 3630 1406 3672 a

107 3710 230 3789 reliquis
251 3721 431 3790 segregatur.

193 3811 1407 3891 LitteraequibusutimurXXlllhaesuntahcdefgltiltlmnopqrstu

107 3931 188 3991 xyz.
220 3913 325 3973 harum
337 3913 517 3973 differentiae
533 3921 602 3973 sunt
616 3919 685 3972 tres.
714 3912 808 3990 prima
821 3911 983 3972 dillerentia
994 3911 1026 3970 iu
1036 3910 1139 3970 litteris
1151 3910 1305 3987 qualitates
1320 3911 1409 3972 habet

108 4013 193 4087 duas,
213 4013 293 4091 quod
305 4023 356 4073 aut
366 4012 488 4073 latinae
499 4020 569 4074 sunt
579 4013 777 4073 autGraecae.
806 4012 927 4073 latinae
944 4019 1085 4072 suntuna
1101 4018 1131 4070 et
1148 4010 1263 4089 viginti,
1280 4012 1409 4074 Graecae

178 4161 191 4212 1
213 4159 310 4227 Cicero]
330 4171 396 4214 erut.
417 4161 460 4221 33,
482 4161 532 4214 ltu
606 4161 694 4212 defluit
713 4161 747 4211 M
763 4161 856 4211 diffinit
874 4163 899 4212 B
917 4163 1031 4213 defininit
1048 4162 1074 4212 A
1155 4162 1223 4214 {ton
1240 4162 1318 4230 sara]
1336 4164 1408 4216 Mar.

111 4232 213 4283 Victor.
230 4248 258 4295 p.
277 4231 347 4283 2449
363 4249 403 4297 sq.
427 4231 508 4283 Proh.
528 4247 556 4296 p.
578 4229 631 4282 229
656 4232 696 4283 ed.
727 4230 837 4282 Vendat.
865 4232 939 4283 Sero.
963 4235 990 4282 ia
1007 4234 1102 4284 Donat.
1117 4250 1144 4298 p.
1162 4233 1216 4286 312
1232 4235 1273 4285 ed.
1298 4235 1408 4287 Vtsdot.

178 4303 197 4351 4
220 4300 261 4349 vel
278 4302 376 4351 ratione
392 4317 439 4352 on.
459 4301 485 4351 B
569 4299 587 4350 ὁ
611 4299 700 4350 delinit
717 4299 748 4348 Μ
770 4299 885 4350 deliniuit
899 4300 925 4351 A
947 4300 1070 4351 dimetati
1087 4300 1113 4350 B
1194 4301 1212 4353 8
1234 4301 1338 4353 definiat
1359 4302 1410 4352 AB

108 4370 227 4419 ‹letininit
244 4367 278 4417 Μ
345 4373 428 4436 apctis
446 4368 549 4435 (apotes
567 4367 613 4432 Μ)
631 4377 715 4419 cretes
729 4367 814 4418 ΑΒΜ
893 4369 977 4420 1001
993 4387 1040 4422 ouo.
1057 4369 1083 4419 B
1164 4370 1195 4421 ta
1214 4371 1336 4423 litterator
1351 4371 1409 4423 ΒΜ

108 4439 235 4488 litteratus
254 4436 280 4486 A
368 4440 402 4488 14
419 4453 452 4489 on
471 4434 589 4504 urum]
608 4440 703 4491 Donat.
718 4454 747 4503 p.
768 4436 836 4488 ttae
852 4453 909 4504 sqq.
929 4439 1001 4490 Mar.
1022 4440 1122 4490 Victor.
1137 4456 1167 4504 p.
1183 4439 1254 4490 2452
1271 4455 1286 4489 s
1304 4477 1311 4491 .
1327 4441 1409 4495 Pron

108 4525 132 4572 p.
152 4507 208 4559 230
224 4523 281 4572 sqq.
301 4509 342 4558 ed.
364 4508 474 4560 Vendat.
524 4546 528 4550 -
562 4505 837 4558 testimonum
923 4506 955 4558 tt
973 4507 1061 4557 defluit
1077 4507 1104 4558 B
1120 4508 1220 4557 ‹lellniit
1377 4509 1410 4561 17

108 4577 259 4626 elimentum
276 4574 308 4624 Μ
378 4586 417 4627 est
433 4594 481 4628 our.
499 4575 552 4626 AB
620 4576 656 4627 Β)
673 4577 791 4626 elimenta
808 4574 896 4624 ΑΒΜ
962 4576 995 4626 21
1014 4576 1134 4626 elimenta
1151 4575 1211 4627 ΑΜ
1278 4578 1313 4629 22
1332 4580 1411 4629 ratio·

108 4660 166 4695 nem
184 4644 247 4704 ΒΜ
326 4654 476 4695 construunt
494 4643 554 4695 ΒΜ
632 4645 709 4695 dilect
725 4645 751 4694 A
820 4644 855 4694 23
870 4644 1015 4693 elimentum
1034 4644 1119 4694 ΑΒΜ
1185 4644 1333 4696 elimentum
1352 4646 1413 4698 ΑΜ

177 4714 213 4765 ‘25
231 4712 381 4763 elimentum
398 4714 457 4764 AM
543 4711 578 4763 18
597 4713 721 4762 eadunt
739 4711 824 4762 ΑΒΜ
908 4710 945 4763 29
967 4712 1036 4775 qnod
1054 4712 1148 4763 dieitur
1164 4713 1224 4765 ΒΜ
1307 4714 1344 4767 110
1359 4730 1409 4780 qun

108 4782 175 4832 natet
195 4783 221 4833 Β
240 4795 290 4844 qua
308 4782 350 4831 nel
370 4781 403 4832 Μ
419 4782 479 4846 qula
499 4780 539 4830 nel
555 4783 580 4830 A
649 4779 684 4832 3³
701 4779 850 4830 ettennon
869 4778 903 4829 Μ
969 4781 997 4830 tn
1013 4796 1062 4833 on.
1082 4779 1176 4842 ΑΒΜ,
1194 4781 1290 4839 addc
