3114 5356
676 347 882 440 1111111111
930 375 932 378 -
1091 343 1096 349 ·
1403 370 1429 410 ιιι

128 532 321 618 priusquam
344 529 566 593 Mediolanum
590 529 866 613 proficisceretur,
897 531 1020 594 Itomae
1043 531 1249 608 versabatur,
1280 532 1332 596 vel
1355 555 1428 596 cum

129 656 159 695 a.
189 637 265 695 1511
298 630 430 718 publice
452 632 576 693 accitus
603 630 646 693 ihi
676 652 733 715 per
754 629 881 716 aliquot
903 653 1007 695 anrros
1029 633 1153 697 litteras
1176 633 1333 716 docebat,
1365 656 1428 720 que

130 746 276 820 tempore
300 731 470 795 Phaedrus
493 741 639 796 mortuus
662 741 762 793 1111.
788 733 882 812 1116,
907 732 1039 816 quidam
1062 734 1105 796 ad
1127 733 1335 798 Parrhasium
1358 757 1428 821 per-

133 839 295 899 venirent.
330 843 363 897 et
381 832 523 896 Charisii
537 830 668 918 quidem
690 831 808 895 librum
825 844 857 896 et
879 835 949 919 ipse
968 833 1162 899 Parrhasius
1184 835 1315 921 saepius
1338 857 1429 898 usur-

134 939 224 1024 pavit
249 938 282 998 11
304 936 463 1023 quaesitis
486 955 544 1020 per
566 932 738 1019 epistulam
758 943 790 996 et
806 957 844 998 eo
858 934 1035 1020 praebente
1055 933 1195 999 Ioannes
1217 935 1344 1001 Pierius
1367 943 1428 1000 Va-

133 1039 275 1101 lerianus
300 1038 334 1099 iu
355 1034 686 1120 castigationibusin
701 1034 885 1117 Vergilium
907 1058 936 1098 a.
960 1037 1033 1099 1521
1059 1038 1182 1101 Romae
1205 1037 1302 1101 editis
1325 1038 1429 1101 multa

135 1140 208 1203 inde
231 1136 358 1201 attulit:
381 1137 424 1199 ef.
448 1137 564 1219 castig.
584 1135 618 1198 in
634 1133 835 1218 Verg.'Aeu.
858 1133 892 1197 11
908 1140 960 1217 ild.
994 1148 1140 1202 mortuus
1161 1148 1212 1201 est
1233 1137 1427 1202 Parrhasius

134 1242 219 1305 cirea
240 1261 362 1303 annum
389 1240 480 1301 1520.
525 1236 626 1301 libros
649 1245 757 1300 autem
773 1234 941 1319 legaverat
960 1236 1113 1302 familiari
1135 1261 1193 1303 suo
1208 1248 1305 1325 atque
1331 1239 1427 1303 disci-

134 1342 209 1428 pulo
232 1341 377 1405 Antonio
399 1339 602 1425 Seripando,
632 1339 686 1421 qui
712 1359 786 1401 eum
809 1346 1008 1417 moreretur,
1037 1340 1190 1404 heredem
1212 1338 1343 1426 reliquit
1365 1342 1427 1404 fra·
1540 1385 1551 1399 .

135 1456 213 1506 trem
235 1443 484 1528 Hieronymum.
529 1440 557 1502 is
572 1461 668 1524 porro
690 1437 750 1501 hac
769 1438 842 1522 ipsa
861 1437 1041 1505 hereditate
1061 1440 1246 1525 largissima
1265 1453 1372 1506 motus
1394 1445 1427 1506 irt

136 1545 331 1610 monasterio
365 1545 398 1607 S.
430 1542 562 1605 Ioannis
595 1541 628 1603 11
661 1538 880 1623 Carbonaria,
917 1541 1004 1628 quod
1031 1551 1101 1605 erat
1132 1541 1268 1628 Neapoli
1303 1545 1427 1610 ordinis

134 1647 464 1732 augustinianorum,
483 1645 575 1707 euius
590 1641 714 1706 ordinis
730 1642 800 1727 ipsc
815 1643 1000 1728 praefectus
1015 1653 1107 1726 erat,
1130 1645 1331 1710 bibliotheca
1353 1668 1426 1711 eon·

135 1749 201 1812 dita
222 1748 409 1811 annulata
432 1743 532 1808 libros
548 1742 747 1809 conlocavit:
771 1742 814 1807 cf.
830 1744 971 1809 Andros.
989 1744 1103 1809 anecd.
1124 1746 1243 1811 Graec.
1265 1757 1297 1812 et
1317 1748 1427 1812 Latin.

134 1856 147 1912 l
168 1873 199 1936 p.
222 1848 328 1912 XXX
347 1870 418 1933 sqq.
438 1846 480 1908 A.
504 1844 622 1910 Ianelli
642 1842 747 1930 praes.
767 1845 801 1906 11
824 1844 953 1910 Cataldi
983 1846 1112 1910 lanellii
1139 1847 1258 1913 librum
1290 1848 1331 1913 de
1359 1849 1428 1912 vita
1451 1855 1455 1863 '

136 1951 301 2015 Parrhasii
328 1973 360 2037 p.
374 1946 451 2010 ‘VII
476 1970 547 2034 sqq.
570 1948 641 2010 eius
670 1953 778 2008 autem
800 1946 1019 2012 bibliothecae
1041 1948 1189 2031 11111111,
1218 1951 1273 2035 qui
1296 1949 1426 2035 quidem

136 2062 206 2139 pest
224 2052 334 2116 varios
350 2070 462 2130 casus,
486 2070 568 2135 quos
589 2056 806 2112 narraverunt
820 2046 1004 2112 Andresius
1026 2057 1058 2113 et
1073 2048 1230 2114 Ianellius
1252 2048 1273 2112 l.
1292 2072 1332 2131 e.,
1353 2050 1426 2115 reli-

138 2156 193 2241 qui
220 2163 329 2234 erant,
360 2172 446 2215 anno
472 2153 551 2213 1799
574 2150 752 2233 inregiam
781 2147 1013 2213 bibliothecam
1037 2150 1255 2218 Borbonieam
1276 2152 1428 2216 translati

134 2265 217 2319 sunt.
263 2263 362 2340 atque
383 2252 475 2315 iniis
498 2252 560 2316 fuit
581 2250 724 2315 Charisii
748 2249 862 2315 codex.

216 2355 282 2419 Sed
314 2375 388 2418 eum
418 2375 438 2416 a
466 2353 605 2417 Cataldo
635 2350 772 2415 Ianellio
807 2352 841 2415 in
865 2349 1015 2435 catalogo
1044 2351 1263 2421 bibliothecae
1288 2355 1427 2422 Latinae

136 2458 255 2520 veteris
277 2465 311 2520 at
335 2454 493 2519 classicae
521 2455 762 2541 manuscriptae
789 2475 873 2540 quae
902 2452 936 2514 in
961 2454 1053 2537 regio
1075 2452 1291 2539 Neapolitano
1315 2480 1426 2524 museo

135 2556 318 2622 Borbonieo
339 2557 535 2621 adservatur
554 2579 586 2642 p.
611 2560 629 2618 5
652 2578 722 2642 sqq.
747 2554 887 2620 Charisii
909 2553 1054 2618 codicem
1076 2576 1140 2617 non
1158 2577 1195 2620 eo
1212 2557 1319 2622 studio
1339 2561 1426 2646 quod

135 2659 227 2723 huius
257 2658 411 2723 editionis
438 2659 582 2722 rationes
614 2658 781 2744 postulant
808 2655 1007 2741 descriptum
1033 2677 1105 2719 esse
1136 2657 1283 2736 videam,
1314 2660 1355 2724 de
1387 2684 1427 2725 ea

135 2760 261 2846 quidem
284 2769 377 2847 parte
400 2782 483 2847 quae
507 2760 550 2824 ad
572 2762 801 2845 grammaticos
822 2758 966 2845 pertinet
991 2760 1175 2822 accuratius
1199 2782 1362 2847 exponere
1380 2765 1427 2826 vi-

134 2884 201 2924 sum
221 2870 282 2924 est.
327 2883 403 2926 nam
425 2861 459 2924 in
482 2861 545 2926 1111
568 2863 691 2927 codicis
713 2883 797 2926 unus
817 2859 1078 2925 membranarum
1093 2863 1265 2948 quaternio
1280 2863 1426 2930 adiectus

134 2973 180 3025 est
202 2984 222 3025 a
245 2961 373 3049 reliquo
394 2963 470 3027 libri
491 2972 683 3048 argumento
703 2961 846 3044 alienus,
869 2962 904 3025 in
920 2982 983 3047 quo
1003 2963 1092 3026 vitae
1106 2963 1296 3049 pontificum
1312 2965 1426 3031 eodem

133 3074 275 3150 tempore
298 3065 440 3152 scriptae
461 3075 550 3148 sunt,
574 3065 750 3152 dequibus
771 3064 946 3150 diligenter
964 3063 1144 3148 disputavit
1160 3062 1201 3127 G.
1218 3063 1260 3127 H.
1275 3065 1425 3132 Pertzius

133 3163 253 3228 archiv.
283 3166 429 3232 societat.
455 3167 532 3231 hist.
557 3167 668 3232 Germ.
694 3169 795 3254 antiq.
817 3166 847 3230 V
868 3192 900 3253 p.
928 3169 968 3229 70
997 3166 1068 3251 sqq.
1100 3164 1203 3230 111111
1232 3168 1331 3252 igitur
1360 3192 1425 3233 nen

133 3269 235 3350 magis
258 3266 312 3330 hie
329 3266 460 3332 dicendi
476 3267 567 3333 locus
590 3277 641 3332 est
656 3289 754 3354 quarn
769 3268 810 3332 de
826 3267 1019 3352 fragmentis
1035 3266 1236 3351 digestorum
1252 3279 1285 3332 et
1299 3269 1426 3334 Lucani

132 3383 161 3431 et
176 3368 319 3454 Gargilii
334 3369 496 3434 Martialis
519 3392 602 3456 quae
625 3371 658 3433 in
679 3368 802 3434 chartis
823 3369 984 3434 deleticiis
1005 3370 1123 3445 latent,
1146 3366 1321 3453 dequibus
1338 3370 1424 3455 frag·
1478 3443 1482 3452 ⁸

132 3472 246 3535 1111111
268 3479 344 3556 post
365 3470 530 3535 Pertzium
553 3471 708 3536 dixerunt
726 3471 765 3534 Ε.
785 3470 824 3536 Τ.
847 3471 1020 3557 Gauppius
1043 3469 1076 3531 11
1098 3471 1425 3539 commentationede

131 3581 282 3658 quattuor
302 3571 391 3635 foliis
409 3573 630 3657 antiquissimi
650 3573 788 3636 alieuius
811 3572 1012 3657 digestorum
1029 3568 1151 3665 codipis
1175 3573 1326 3659 rescripti
1341 3573 1424 3638 Nea·
1452 3604 1461 3620 ·

129 3672 194 3757 poli
206 3695 316 3759 nuper
335 3673 456 3759 reperti
470 3671 690 3739 Vratislaviae
713 3698 743 3738 a.
769 3677 849 3738 1824
869 3673 958 3737 edita
980 3681 1014 3736 et
1034 3671 1075 3736 A.
1092 3668 1199 3735 111111
1222 3672 1317 3737 class.
1340 3685 1424 3741 auct

131 3774 199 3858 lp.
221 3779 297 3840 387.
343 3795 382 3839 ea
404 3785 511 3839 autem
539 3776 661 3840 codicis
689 3798 767 3865 pars
788 3775 829 3839 de
858 3796 923 3861 qua
946 3773 1092 3837 dicturus
1121 3795 1191 3837 sum
1221 3775 1324 3862 prime
1353 3777 1424 3842 loco

131 3876 227 3942 babet
246 3886 314 3940 tres
333 3878 594 3942 membranarum
617 3879 864 3963 quaterniones,
888 3874 1006 3940 deinde
1025 3875 1176 3939 undecim
1200 3876 1337 3941 schedas
1360 3901 1425 3942 una

130 4000 276 4064 conpage
305 3980 452 4060 iunctas,
487 3977 627 4064 denique
655 3980 719 4044 duo
750 3975 1015 4042 membranarum
1042 3976 1135 4062 paria
1162 3980 1339 4063 separatim
1368 4002 1423 4066 po·

130 4082 201 4160 sita,
225 4081 283 4165 qui
305 4090 355 4143 est
372 4100 526 4143 numerus
548 4080 740 4144 schedarum
762 4080 897 4165 triginta
919 4100 1047 4141 noveru.
1092 4080 1253 4166 scriptura
1271 4080 1423 4146 librarius

128 4203 204 4243 1111
228 4192 279 4244 111
300 4180 475 4246 admodum
497 4182 622 4244 minuta
643 4205 747 4269 eaque
770 4180 939 4269 permultis
965 4178 1132 4243 scribendi
1154 4183 1345 4268 conpendiis
1374 4205 1422 4246 re-

130 4281 211 4344 ferta
231 4291 266 4345 et
287 4283 333 4345 ita
354 4281 486 4347 omnino
509 4306 577 4348 rem
599 4285 703 4367 gessit
724 4294 760 4348 ut
782 4283 1044 4348 membranarum
1068 4283 1296 4367 parcissimum
1321 4283 1424 4350 fuisse

128 4381 288 4446 hominem
319 4383 445 4447 videas.
490 4385 621 4469 paginis
644 4386 731 4448 enim
755 4384 908 4450 bifariam
937 4382 1054 4446 11111111
1081 4384 1114 4446 11
1137 4384 1242 4449 forma
1264 4384 1422 4449 membra·

128 4505 237 4548 aarum
256 4486 392 4550 nonita
415 4507 541 4569 magna·
558 4484 632 4569 plus
655 4485 896 4571 quinquageni,
923 4484 1087 4548 interdum
1111 4487 1208 4549 etiam
1229 4482 1421 4570 septuageni

127 4607 238 4651 versus
264 4588 299 4651 in
331 4585 470 4651 dimidia
500 4597 592 4672 parte
623 4586 762 4670 paginae
792 4587 845 4651 vel
880 4586 1029 4650 eolmuna
1055 4608 1152 4671 quam
1182 4584 1281 4669 vulgo
1309 4586 1422 4653 dieunt

127 4690 232 4775 scripti
256 4699 347 4753 sunt.
394 4696 579 4771 praeterea,
602 4687 710 4772 siquid
732 4691 829 4774 spatii
853 4690 887 4752 11
907 4689 972 4752 fine
996 4708 1148 4750 versuum
1169 4686 1319 4751 relietum
1342 4698 1420 4772 erat,

125 4787 154 4850 id
169 4790 254 4876 quod
271 4809 378 4877 saepe
400 4786 521 4850 accidit
543 4789 576 4851 in
592 4801 784 4874 argumento
802 4798 936 4875 propter
955 4810 1064 4853 rerum
1087 4790 1278 4854 varietatem
1297 4791 1420 4856 crebris

126 4911 270 4957 versuum
289 4890 405 4957 initiis
424 4887 594 4974 distinete,
617 4912 655 4955 eo
677 4891 724 4955 ita
742 4912 821 4955 11111
841 4899 892 4954 111
906 4887 1059 4953 librarius
1082 4898 1119 4953 ut
1141 4892 1269 4959 duabus
1291 4891 1424 4959 11111111
