3114 5356
196 277 257 341 me
763 275 926 341 cmmsn
1020 351 1022 355 Α

244 395 410 449 araucas.
507 406 513 413 ·
622 425 627 434 .
1269 387 1434 445 pirum..

359 494 379 530 s
401 465 720 530 ilicctaebruimur
742 480 911 540 numero;

193 568 243 631 uhi
265 567 391 630 Marcius
411 567 552 630 Salutaris
572 567 802 629 interiectionem
829 565 868 627 ait
895 585 961 628 esse
987 565 1111 645 grarim
1138 565 1373 643 ingemescentis.
1418 587 1486 630 nam

195 677 225 733 et
245 669 399 732 Terentius
416 670 447 732 in
463 670 607 733 Eunucho

352 768 501 834 inlecta
522 790 626 853 pare
647 771 756 851 inquit,
778 771 881 832 ultro
900 767 942 829 ad
964 786 1040 831 earo
1062 786 1230 843 veniens
1253 769 1431 832 indicans

362 881 425 935 te
417 893 555 949 mare,
577 876 677 937 lerre
695 893 764 936 non
785 879 1039 953 posscacturn
1060 879 1134 944 est
1157 869 1264 981 ilicet
1498 896 1511 936 ι

364 977 509 1057 peristi.

196 1079 263 1142 nam
284 1085 314 1140 et
334 1079 383 1140 hic
404 1087 528 1140 nonest
549 1079 723 1141 inlocovel
742 1077 839 1183 statim
859 1077 1013 1151 continuo,
1035 1075 1088 1137 sed
1110 1094 1164 1156 pro
1185 1094 1221 1135 cu
1243 1074 1321 1153 quod
1340 1083 1387 1137 est
1409 1076 1485 1148 hom,

197 1188 229 1244 ut
250 1181 288 1243 sit
310 1181 378 1241 hem
399 1181 578 1262 peristi·

279 1282 422 1345 lnrurrosc
445 1282 478 1343 G
498 1282 648 1344 Gracchus
671 1280 712 1341 uti
739 1280 784 1342 lex
806 1280 918 1361 Papiria
946 1278 1120 1359 accipiatur,
1152 1280 1402 1357 nequaquam
1429 1280 1486 1343 in·

105 1415 109 1421 ·
196 1382 751 1448 iuriosenohiscontumcliam
773 1382 913 1463 imponi
936 1381 1102 1445 sinatis’.
1500 1400 1523 1442 ro

279 1485 566 1567 lmperahiliter
594 1486 671 1546 Cato
703 1502 807 1561 senex3
843 1483 892 1546 ubi
920 1483 1060 1546 Maximus
1097 1484 1169 1563 ‘pro
1204 1480 1292 1544 nimis
1327 1481 1485 1564 imperiose

197 1589 297 1651 (lure'.
1139 1583 1161 1647 ¹a

281 1689 440 1752 inimiciter
462 1688 577 1750 Tubero
599 1688 785 1751 historiarum
806 1689 875 1764 llll,
901 1687 1130 1750 ‘inimiciter
1151 1686 1393 1749 irascendum
1414 1707 1486 1749 uon

197 1798 281 1855 est’.

279 1893 442 1956 luridenter
462 1889 604 1952 Laberius
625 1892 655 1953 iu
677 1892 786 1967 Tusca,
809 1893 1041 1956 ‘inridenter
1061 1893 1183 1974 petit’.
1203 1887 1209 1972 Ι
1501 1906 1524 1948 u

280 1996 414 2058 inaurato
435 2013 489 2074 pro
511 2013 570 2055 non
593 2003 693 2057 aurate
713 1995 837 2083 Titinius
858 1995 889 2056 in
908 1995 1043 2068 barrato,
1392 1998 1397 2007 ‘

359 2098 552 2158 inauratae
575 2102 686 2175 atque
706 2097 874 2159 inlautae
895 2085 1075 2159 mulieris.

280 2200 439 2280 lnopinans
459 2197 568 2259 rectius
585 2197 692 2260 dicitm
712 2216 799 2278 quam
815 2199 1011 2280 'necopinans

281 2301 436 2380 integriter
456 2299 559 2361 vitiose
579 2307 682 2380 putant
704 2300 777 2376 dici,
800 2301 986 2380 redintegra
1008 2302 1068 2362 ut'
1061 2300 1189 2381 impigre.
1292 2316 1298 2327 ·

282 2399 608 2465 industriosissimehl.
638 2403 709 2464 Cato
741 2401 893 2482 Originum
926 2400 967 2476 ll,
1008 2402 1206 2481 pleraque
1239 2401 1359 2464 Gallia
1393 2400 1525 2469 duasar

195 2526 257 2569 res
285 2502 633 2566 industriosissime
660 2505 921 2584 persequitur,
949 2522 1021 2566 reru
1054 2504 1257 2566 militarem
1285 2512 1322 2565 et
1350 2478 1487 2585 argute

192 2608 328 2686 loqui'.

279 2705 424 2766 lndustric
450 2705 487 2765 Μ.
515 2704 587 2766 Cato
615 2704 727 2767 dierum
755 2706 898 2769 dictarum
931 2709 967 2770 de
995 2706 1147 2769 consulatu
1174 2726 1245 2781 suo,
1276 2708 1362 2786 ‘ego
1392 2727 1486 2788 quae

192 2811 261 2870 iam
283 2807 425 2887 pridem
447 2806 605 2884 cognovi
620 2802 633 2889 ΙΙ
650 2815 760 2887 atque
782 2809 955 2870 intellexi
976 2818 1088 2888 atque
1115 2809 1296 2885 arbitror,
1320 2830 1395 2874 rem
1419 2832 1486 2893 pu·

192 2910 329 2971 blicam
353 2926 486 2970 curare
507 2908 699 2969 industrie
721 2929 894 2971 summum
917 2911 1123 2992 periculum
1145 2915 1257 2972 esse’.
1498 2933 1525 2976 m

279 3009 433 3089 impariter
453 3009 590 3071 Horatius
613 3010 817 3090 epistolarum,

356 3112 530 3173 versibus
552 3112 748 3191 impariter
767 3113 926 3193 iunctis;

190 3215 240 3277 ubi
264 3213 299 3285 Q.
323 3213 477 3275 Terentius
496 3214 624 3276 Scaurus
647 3214 677 3276 in
699 3218 915 3279 commentariis
937 3218 966 3279 in
992 3227 1082 3280 artem
1104 3217 1249 3298 poeticam
1269 3217 1343 3279 libro
1365 3219 1391 3280 x
1413 3219 1485 3281 ‘ad-

191 3318 341 3380 verbium’
361 3316 455 3394 inquit
476 3317 653 3396 ‘ligrrravit’.

274 3419 367 3482 lnvito
390 3426 422 3479 ut
443 3419 516 3480 lalso
537 3418 658 3484 Plautus
676 3421 706 3483 in
729 3424 823 3484 Caeco
844 3423 889 3483 vcl
909 3422 941 3483 io
964 3422 1174 3502 praedonibus,
1494 3451 1523 3491 ao

354 3539 474 3599 neque
496 3540 573 3584 eam
595 3523 715 3588 invito
742 3545 759 3587 a
780 3544 834 3587 me
856 3543 1019 3604 umquam
1042 3525 1223 3599 abduces;

187 3623 265 3705 quod
292 3623 403 3685 idcirco
428 3625 525 3705 putari
553 3627 753 3700 tractandum,
782 3627 848 3706 quia
876 3645 995 3687 numero
1024 3626 1127 3706 plurali
1156 3627 1360 3690 adverbialiter
1386 3630 1482 3691 inritis

186 3727 269 3789 rideo
294 3726 420 3799 dictum,
443 3732 472 3785 ct
494 3725 570 3805 apud
594 3745 645 3787 eos
667 3728 788 3790 forsitan
812 3748 878 3791 cum
898 3729 1033 3791 continua
1051 3749 1122 3792 voce
1144 3730 1298 3793 laetentur.

270 3826 484 3890 lnlecehrosius
506 3825 625 3888 Plautus
648 3827 678 3888 in
699 3830 910 3905 Bacchidibus,

185 4012 223 4065 26
259 4012 286 4062 Ν
301 4016 330 4059 111
345 4016 366 4067 :t
383 4015 397 4056 1
432 4011 564 4076 impariter

255 4179 367 4245 illicet]
390 4181 469 4246 Verp.
492 4179 558 4230 Aen
577 4178 600 4227 ll
617 4179 669 4228 121
746 4180 977 4233 2interiectioncm
996 4197 1018 4231 ω
1034 4182 1195 4232 iniectionem
1213 4182 1239 4232 N
1316 4180 1482 4235 3Terentius

186 4252 373 4305 hmdmuaus
393 4238 527 4301 terentium
545 4247 578 4297 Ν
598 4245 711 4298 abach.
731 4249 741 4296 1
762 4248 785 4307 l,
801 4252 818 4300 8
885 4253 1009 4303 duenies
1027 4251 1161 4302 Fabricius
1238 4251 1268 4302 ll
1289 4251 1482 4316 imperlabiliter

187 4322 322 4374 inimiciter
340 4321 478 4370 inridenter
496 4322 611 4369 inaurata
626 4318 723 4382 antiqui
741 4318 870 4369 aduerbiis
890 4324 929 4372 usi
946 4331 1050 4385 suntp:
1070 4322 1262 4388 imperiobiliter
1279 4331 1405 4386 excerpta
1416 4323 1484 4374 Ber-

186 4391 475 4456 aemwimperabilitcr
493 4389 548 4442 cod
571 4388 647 4440 Laid.
671 4388 833 4454 iupcubiliter
850 4393 905 4442 cod
918 4391 1052 4444 QSoactom
1138 4392 1170 4445 13
1188 4392 1248 4443 hist.
1267 4393 1324 4443 llll.
1343 4393 1369 4441 N
1451 4393 1483 4445 11

186 4465 304 4527 lusuratq
323 4462 408 4525 (eurr.
424 4461 482 4527 -te)
499 4473 545 4525 pro
559 4471 609 4507 non
626 4468 715 4524 aurata
733 4457 818 4521 (corr
838 4463 897 4526 -tel
914 4463 940 4512 N
969 4464 1083 4515 inaurato
1108 4477 1154 4527 pro
1179 4479 1229 4513 uon
1254 4472 1340 4513 aurate
1358 4472 1483 4527 excerpto

187 4533 330 4583 Beraeuria
412 4531 447 4583 20
465 4531 532 4596 origi
546 4529 568 4579 ll
587 4528 613 4577 N
691 4527 725 4578 ‘23
742 4530 823 4595 egoli
841 4530 876 4597 (b.
893 4548 917 4584 e.
938 4534 1014 4601 quac)
1033 4533 1059 4584 N
1074 4548 1174 4599 egoque
1191 4534 1335 4588 Fabricius.
1369 4534 1483 4598 sortasse

187 4616 236 4668 ego
252 4615 352 4665 quoque
372 4600 408 4664 (b.
429 4618 451 4652 e
467 4600 515 4664 qq)
584 4598 618 4651 21
634 4597 763 4664 Horatius]
784 4604 884 4665 persius
901 4604 928 4652 N
942 4604 1027 4658 Horat.
1048 4621 1079 4659 ω
1097 4603 1193 4658 Horat.
1210 4605 1242 4655 (ie
1259 4621 1285 4655 a.
1300 4619 1327 4667 p.
1345 4605 1406 4655 75
1449 4605 1484 4657 28

188 4670 257 4734 ubiq.
274 4672 397 4722 terentius
412 4685 440 4721 sc
445 4703 591 4721 .........
612 4671 762 4733 lmentariis
778 4671 804 4720 N
821 4673 915 4737 ubique
932 4675 1064 4726 Terentius
1083 4673 1218 4725 Scaurus'
1213 4691 1239 4725 ιιι
1255 4677 1445 4726 commentariis
1461 4690 1483 4725 ω

187 4807 221 4859 54
241 4739 299 4872 (1811),
304 4739 343 4874 ἐξ
360 4740 385 4789 N
471 4738 505 4792 33
518 4740 632 4804 summae
647 4753 697 4788 non
713 4743 910 4829 continuarooe
928 4744 1034 4795 laetetur
1122 4743 1185 4795 31
1179 4760 1203 4794 ιιι
1223 4743 1408 4812 Bacchidibus}
1430 4748 1439 4796 l
1458 4747 1481 4811 l,
