3114 5356
155 297 215 362 1³4
714 292 876 356 ClbllllSll

201 427 224 469 p.
240 413 285 458 roe.
301 411 339 454 rae
350 410 375 454 n.
1239 418 1262 460 p.
1275 407 1311 450 ιι.
1327 407 1355 448 ra
1370 404 1394 450 ι.

480 480 634 562 deperit
654 481 856 561 inpotente
876 497 1015 551 amore,

152 585 231 668 quod
250 585 290 646 ita
312 601 429 665 quaque
447 585 557 648 dictum
576 590 659 646 notat
676 580 797 643 Plinius.

238 687 406 766 Insequenti
421 687 543 750 'Asinius
560 685 641 747 Polio
663 684 699 746 ad
722 685 876 746 Caesarem
897 682 926 756 l,
949 679 1186 760 ‘insequenti
1208 681 1296 743 die'.

239 789 351 868 lugeris
376 786 502 852 d'teius.
527 834 561 849 ..
585 833 593 847 .
675 785 841 866 philologus
857 783 984 846 Pinacon
1000 783 1040 845 111
1062 828 1220 844 ......
1246 785 1298 847 sod
1320 794 1350 847 et
1373 788 1444 849 Cato

152 888 199 953 bis
219 888 378 969 ingeris,
400 899 434 954 ut
454 898 536 953 notat
555 889 666 951 Plinius
687 888 789 951 eodem
804 886 879 948 libro
893 887 938 948 Vl.
968 885 1135 964 ‘iugeribus
1156 886 1275 964 quidam
1297 907 1444 968 gramma-
1466 904 1479 946 ι

153 993 222 1055 tici’
251 991 345 1072 inquit
373 991 482 1055 Plinius
506 992 562 1053 ‘ita
585 990 740 1052 dicendum
765 995 884 1071 putant,
910 988 993 1067 quasi
1017 988 1055 1049 sit
1081 989 1137 1049 hoo
1161 988 1244 1068 inger
1267 999 1328 1052 tarn
1355 1009 1445 1070 qnam

99 1088 104 1094 ⁴
153 1096 211 1165 boc
232 1094 333 1170 tuber,
361 1104 390 1157 et
406 1094 443 1156 ab
464 1094 522 1156 hoc
545 1094 644 1171 ingere
665 1097 724 1152 tam
746 1109 834 1170 quam
853 1089 889 1151 ab
911 1091 967 1153 hoc
985 1089 1103 1165 tubere,
1133 1098 1162 1151 et
1182 1091 1222 1152 ita
1242 1100 1275 1154 ut
1291 1091 1444 1154 tuberibus

156 1197 320 1276 iugeribus,
349 1205 378 1258 et
403 1205 514 1258 tantum
537 1195 691 1274 ingemm'.
741 1195 830 1254 Varro
857 1210 955 1253 rerum
988 1192 1164 1254 rusticarum
1187 1193 1228 1254 111
1258 1194 1445 1273 ‘iugerum

155 1298 290 1378 agelli’
313 1306 343 1359 ct
361 1299 508 1377 ‘iugero
528 1298 615 1357 uno’
637 1312 704 1355 cum
731 1294 850 1368 dixerit,
877 1294 954 1355 idem
975 1294 1033 1356 ‘iu
1054 1295 1253 1374 iugeribus
1274 1295 1444 1373 multis’3

155 1400 207 1462 sad
228 1407 258 1461 et
277 1401 290 1461 l
311 1418 410 1462 rerum
431 1399 605 1460 rusticarum
626 1395 824 1474 iugeribus
846 1413 934 1475 saepe
956 1394 1042 1472 dixit,
1071 1397 1147 1476 quod
1169 1398 1269 1476 utique
1291 1398 1445 1461 descendit
1459 1417 1482 1460 ιι

156 1519 178 1564 ιι
200 1501 389 1563 seminudae
411 1502 509 1580 iuger,
531 1506 565 1561 ut
582 1494 676 1557 tuber.
1059 1557 1069 1572 ο

239 1602 323 1663 lteris
345 1601 434 1664 lulius
449 1601 580 1682 Hyginus
600 1599 631 1660 in
648 1599 757 1660 Cinnae
777 1600 994 1680 propemptico,
1017 1599 1077 1661 ‘ab
1099 1601 1205 1662 Aetio
1223 1601 1446 1681 navigantes

156 1703 277 1766 stadia
299 1701 465 1765 circiter
488 1702 722 1764 erlvenium
747 1702 791 1763 ad
814 1704 990 1765 isthmum
1017 1702 1346 1765 Leucadiensinm.
1392 1705 1445 1767 ibi

155 1805 280 1869 solent
316 1805 425 1867 iteris
456 1804 643 1866 minuendi
675 1823 789 1867 causa
822 1804 1002 1879 remulco,
1029 1801 1042 1888 ll
1069 1822 1173 1882 quem
1207 1804 1346 1868 Graece
1379 1799 1446 1867 raai-

155 1927 292 1982 ucqu
320 1906 463 1981 dicunt,
492 1924 617 1968 navam
645 1907 874 1969 traducerc’.
923 1906 1066 1968 Pacuvius
1091 1923 1207 1985 quoquc
1229 1906 1343 1968 iteris
1363 1908 1444 1984 dixit,
1460 1928 1484 1973 ie

156 2011 223 2090 quia
246 2010 396 2090 genetivus
417 2009 484 2090 plus
507 2026 600 2089 quam
620 2028 678 2071 una
699 2009 808 2089 syllaba
829 2027 892 2071 ooo
912 2008 999 2070 debet
1020 2027 1162 2070 cresccre
1183 2027 1269 2088 quam
1290 2018 1336 2071 est
1350 2011 1447 2073 nomi·

155 2111 269 2174 nativus
299 2110 464 2191 singularis.
507 2111 594 2173 itiner
619 2108 624 2195 Ι
648 2110 725 2172 idem
745 2110 775 2172 in
796 2111 914 2186 eodem,
943 2112 1165 2190 ‘quaerunt'
1191 2110 1284 2189 inquit
1310 2114 1446 2176 ‘etiam

153 2233 225 2276 non
253 2213 351 2274 nulli
377 2212 552 2292 quamob
577 2231 652 2274 rem
684 2231 706 2273 o
733 2211 902 2275 Corcura
935 2213 1062 2275 iubeat
1087 2212 1219 2274 Action
1247 2213 1446 2294 navigare,

153 2314 249 2395 quod
277 2323 335 2377 est
360 2334 376 2376 e
404 2313 844 2395 regione-traductionis
865 2315 1159 2389 Leucadiensis,
1187 2322 1223 2375 et
1245 2320 1383 2381 rurs'us
1403 2321 1448 2382 ab

153 2417 259 2480 lotio
282 2418 382 2479 circa
402 2417 565 2479 insulam
586 2424 739 2479 moneat
757 2417 828 2493 ire,
858 2436 963 2496 qnam
984 2436 1001 2479 a
1024 2418 1188 2480 Corcura
1210 2426 1355 2480 rectum
1379 2421 1487 2487 iti-rr

159 2607 310 2660 1-19Ν

155 2701 225 2745 tenta
256 2707 341 2744 amare
371 2693 440 2757 qaod
468 2694 503 2743 lta
528 2707 606 2755 quoq,
630 2689 700 2739 dictt‘r
722 2697 791 2739 notat
819 2691 884 2757 plini
913 2707 929 2741 :·
956 2689 981 2760 ff
1008 2691 1125 2756 filologus
1156 2706 1274 2744 ιιιιιιιωιι

189 2780 334 2843 Insequenti
364 2780 462 2830 asinius
491 2775 584 2843 p'ollios
613 2777 645 2826 ad
673 2790 786 2841 cesarem
817 2762 855 2825 ,1.Ι
889 2777 1032 2841 Insequenti
1062 2779 1116 2828 die:
1143 2777 1241 2843 lugaria
1267 2789 1307 2831 ate

155 2882 177 2920 s.
192 2875 218 2916 et
235 2875 290 2916 cato
307 2865 349 2914 his
367 2865 464 2931 ingeris
480 2871 508 2912 ut
526 2869 595 2912 notat
611 2862 676 2929 plini
687 2863 776 2913 eodem
788 2863 831 2912 lib.
842 2864 878 2913 Vl
893 2864 999 2930 iugerib:
1017 2865 1122 2929 quidam
1139 2865 1221 2928 inquit
1234 2870 1306 2932 gram
1432 2875 1450 2924 5

155 2952 250 3019 plinius
269 2951 304 3000 ita
321 2950 433 3019 dicendis
449 2957 539 3015 putant
557 2952 632 3011 qnasi
650 2951 683 3001 sit
700 2949 727 2999 h.
743 2951 816 3016 inger
836 2957 962 3014 tamqnam
979 2951 1005 3002 h.
1025 2953 1098 3002 tuber
1114 2959 1139 3001 et
1157 2951 1188 3001 ab
1206 2951 1310 3020 luinge

155 3038 187 3088 ab
211 3037 236 3086 b.
255 3037 343 3087 tubere
366 3044 391 3086 et
413 3037 448 3086 ita
471 3045 498 3085 nt
522 3035 653 3087 tuberibus
678 3037 808 3103 iugeribus
829 3044 853 3087 et
873 3038 945 3087 tantu
966 3039 1149 3105 iugerduarro
1169 3041 1272 3089 reims
1279 3076 1355 3090 .....
1363 3043 1396 3092 ΙΙΙ
1418 3043 1451 3094 10

156 3123 246 3189 iugerir
264 3121 340 3187 agelli
367 3129 392 3172 et
415 3123 502 3189 iugera
519 3137 646 3177 unacum
665 3124 759 3175 dixerit
777 3124 845 3174 idem
863 3125 889 3175 iu
907 3126 1015 3192 iugerib:
1035 3127 1122 3176 multis
1141 3141 1161 3176 s.
1180 3133 1204 3175 et
1223 3127 1259 3174 .1.
1283 3142 1310 3176 re

157 3207 264 3274 iugerib:
291 3222 355 3275 sqpe
378 3210 444 3261 dixit
461 3211 529 3275 quod
546 3211 608 3274 utiq,
628 3209 753 3261 discendit
770 3212 843 3277 inger
859 3218 886 3261 ut
907 3212 979 3261 tuber
1004 3227 1021 3260 ι·
1042 3209 1065 3280 ll
1084 3210 1129 3262 LX
1147 3213 1251 3262 ueniunt
1270 3212 1302 3261 ad
1322 3214 1344 3262 is

191 3294 263 3344 lteris
291 3295 368 3347 iulius
399 3297 510 3365 hyginus
541 3301 566 3349 in
596 3299 671 3364 cinnq
699 3299 874 3364 propemptiea
905 3298 937 3348 ab
973 3299 1039 3348 aetia
1071 3299 1220 3364 nauigantes
1254 3298 1310 3348 stad

157 3379 356 3432 leucadiensium
385 3382 429 3433 ibit
454 3383 536 3434 solent
567 3385 638 3436 iteris
668 3385 798 3435 minuendi
828 3401 905 3437 eausa
930 3387 1042 3437 remulco
1073 3401 1148 3450 quem
1171 3401 1248 3453 grqee
1273 3400 1309 3435 rm

135 3467 201 3517 odiit
227 3483 317 3520 nauem
343 3470 473 3522 traducere
495 3473 619 3537 pacuuiua
643 3488 718 3536 quoq,
743 3472 814 3520 iteris
837 3472 903 3522 dixit
921 3490 939 3539 q
958 3477 1023 3540 geue
1045 3473 1102 3540 plui·
1118 3489 1169 3523 una
1194 3472 1260 3538 sylla
1287 3472 1363 3523 debet
1417 3475 1450 3528 15

155 3571 176 3626 q
209 3558 224 3606 e
257 3557 359 3607 nomina
388 3559 465 3624 singu
495 3559 574 3609 itener
603 3560 646 3610 idei
679 3559 705 3608 in
737 3557 800 3608 eadd
830 3559 904 3622 (irunt
931 3561 1013 3624 inquit
1041 3561 1092 3611 etii
1114 3559 1193 3609 riuulli
1218 3561 1268 3621 qui
1291 3561 1361 3616 ob·.r

158 3658 219 3693 cura
252 3645 339 3695 iubeat
374 3647 456 3695 action
488 3646 610 3711 nauigare
647 3647 717 3713 qnod
752 3652 790 3697 est
822 3662 836 3696 e
871 3647 974 3713 regione
1007 3648 1172 3700 traductionis
1208 3646 1379 3698 leucadiensis

157 3745 246 3783 rursus

226 3870 242 3923 3
262 3870 356 3936 pallius
378 3873 403 3921 ιἰι
427 3869 512 3921 codice
533 3869 580 3920 luit
601 3886 670 3925 corr.
688 3871 765 3937 pollio
853 3869 985 3923 3btteius
1003 3871 1151 3938 Philologus
1167 3845 1296 3921 novanda
1315 3873 1350 3922 lll
1365 3893 1379 3925 s
1397 3873 1450 3925 Sed

53 3967 55 3971 ·
156 3947 219 3991 etur
302 3941 496 4007 ogrammatiei
513 3939 647 3991 Pliniusm
722 3941 852 4006 ¹lingere,
871 3947 990 4005 tunquam
1008 3942 1104 3992 abhoc
1122 3942 1208 3993 tubere
1226 3958 1248 3992 ω
1330 3943 1448 3994 8rernm

156 4013 306 4062 rusticarum
324 4011 356 4060 lll
371 4025 392 4060 ω
463 4010 496 4061 10
513 4011 597 4075 primo
613 4026 696 4063 rerum
715 4010 873 4071 rusticarum,
892 4012 1022 4078 iugeribus
1041 4027 1062 4062 ω
1134 4012 1166 4064 13
1182 4013 1264 4063 stadia
1281 4012 1326 4062 Lx
1343 4015 1450 4064 ueniunt

157 4081 191 4131 ad
208 4079 330 4130 lstbmum
348 4079 558 4131 Leucadiensinm
574 4097 595 4131 ω
675 4081 707 4131 18
729 4082 893 4144 quamobrem
909 4083 965 4134 eius
983 4097 1042 4133 eura
1059 4098 1081 4133 tu
1162 4082 1194 4134 lll
1211 4082 1407 4148 ronconiensis,
1425 4091 1450 4135 et

160 4165 289 4202 rumesta

224 4325 241 4373 2
259 4324 295 4373 ita
313 4320 421 4389 quoque]
443 4322 549 4386 antique
567 4321 701 4372 Fabricius
769 4322 912 4373 lPiuacau
929 4323 1078 4376 Ritscbelr'ue
1093 4339 1199 4390 porerp.
1219 4322 1304 4373 Plaat.
1321 4323 1374 4386 lp.
1386 4325 1447 4374 244.

155 4400 263 4444 celemon
279 4400 305 4444 et
319 4400 380 4458 post
394 4393 483 4443 Ateius
501 4400 599 4456 etpost
614 4392 724 4441 Piuacon
742 4393 775 4442 lll
793 4395 888 4458 aliquot
902 4395 1002 4445 litterae
1017 4397 1042 4445 iu
1060 4395 1145 4445 codice
1162 4396 1251 4445 deesse
1271 4393 1401 4455 uidentur,
1424 4400 1451 4442 ut

129 4451 135 4467 ⁶
151 4462 267 4525 sortasse
284 4467 403 4529 scriptam
418 4463 500 4525 suerd
515 4462 603 4513 Ateius
621 4462 701 4524 inquit
719 4461 865 4529 philologus
884 4455 1013 4512 nescim
1031 4465 1065 4513 Ill
1081 4464 1122 4513 his
1136 4464 1232 4530 ingeris
1314 4463 1450 4527 bquidam

155 4533 324 4598 grammatici,
341 4533 438 4583 Plinius
455 4532 538 4596 inquit
554 4531 688 4583 Fabricius
774 4533 890 4583 liranum
910 4535 1060 4584 rusticarum
1079 4532 1124 4597 lll]
1146 4535 1187 4593 12,
1210 4535 1221 4583 l
1239 4540 1268 4582 ut
1286 4533 1347 4583 olim
1366 4534 1393 4582 in
1410 4533 1450 4582 iu·

154 4616 215 4667 gero
234 4602 312 4668 agelli
328 4609 371 4653 aut
387 4601 499 4664 duobus,
522 4602 663 4654 sedetiam
682 4602 750 4650 cerri
770 4609 812 4650 ant
833 4617 941 4667 capreae
966 4605 992 4653 in
1019 4603 1150 4668 iugeribus
1174 4603 1261 4653 multis
1349 4603 1382 4655 10
1401 4603 1450 4653 de·

154 4671 253 4722 scendit
270 4687 285 4721 a
302 4672 377 4739 inger
391 4671 524 4723 Fabricius
598 4673 632 4723 14
647 4661 782 4719 odarum
801 4672 932 4724 Fabricius
1016 4672 1048 4723 16
1069 4672 1136 4734 quod
1157 4674 1270 4738 genitino
1289 4646 1451 4738 pluralibus

153 4740 251 4804 syllaba
269 4741 418 4860 debetQplus
436 4756 549 4793 crescere
569 4756 645 4806 quam
661 4740 795 4792 Fabricius
888 4742 920 4793 17
943 4741 968 4791 iu
987 4741 1075 4793 eodem
1096 4741 1229 4792 Fabricius
1317 4742 1349 4793 18
1365 4743 1452 4792 lubeat

154 4810 226 4860 Aetio
245 4808 292 4860 ω’
386 4812 466 4862 itener
482 4812 508 4862 N
