3114 5356
572 108 705 170 lNS'l'lT.
730 107 842 169 Gmtt.
865 106 938 169 LlB.
961 108 1016 170 llll
1393 108 1456 172 283

202 223 372 282 parrana.
1240 235 1262 278 ρ.
1278 223 1403 269 ιιιιιι.

237 294 453 377 Polqsqndeton
471 300 518 356 est
539 293 673 375 pluribus
694 293 952 355 coniunctionibus
972 312 1047 356 nexa
1069 295 1178 371 umbo,
1199 300 1235 356 ut

820 395 1074 474 Athamasque
1094 394 1292 474 Thoasque

320 496 549 575 Pelidesque
571 495 842 576 Neoptolemus
864 492 1083 575 primusque
1104 497 1283 559 Machaon

321 608 358 662 et
378 597 571 661 Menelaus
594 606 629 661 et
651 598 733 680 ipse
755 597 833 659 doli
854 597 1065 659 lubricatur
1084 595 1241 684 Epium!

129 711 184 764 tet
205 702 296 765 aliubi
909 778 915 787 ἱ

879 785 1089 862 frugesque
1110 793 1288 866 receptas

320 895 356 950 et
378 895 525 949 torrere
546 894 681 965 parant
703 885 864 947 flammis
886 894 922 946 et
943 886 1125 963 frangere
1147 905 1247 948 saxo.

153 989 255 1070 plures
276 989 499 1051 coniunctiones
522 995 681 1048 conectunt
702 987 871 1048 sententias.
1459 1073 1465 1082 ι

238 1091 373 1170 llialpton
395 1097 441 1150 est
462 1088 522 1150 sive
544 1088 662 1168 elialysis
683 1088 776 1150 oratio
798 1088 879 1150 nulla
901 1088 1108 1149 coniunctione
1129 1089 1319 1170 interposita,
1340 1099 1372 1153 ιιι

119 1191 143 1251 ie
929 1190 997 1251 alii
1018 1190 1220 1253 navalibus
1240 1192 1307 1267 ite,

321 1275 735 1336 lmmmssfutir

155 1367 184 1421 et
207 1360 296 1423 aliubi

320 1445 521 1522 naufragia
544 1444 648 1506 labes
670 1445 822 1524 generis
842 1445 998 1523 ignorat
1019 1464 1146 1506 senex.

155 1546 318 1607 sententiae
339 1546 388 1607 bic
406 1546 508 1625 plures
529 1547 592 1607 sine
612 1546 819 1608 coniunctione
840 1545 990 1607 liniuntur.

120 1742 144 1786 ro
527 1718 551 1777 V
600 1714 650 1774 DE
672 1711 872 1776 suffultum
896 1710 1083 1774 nuntians

238 1815 366 1877 Schema
388 1816 527 1878 dianoeas
549 1836 565 1877 a
587 1816 736 1877 schemate
758 1814 858 1875 lexeos
876 1813 934 1873 hoc
955 1812 1058 1889 distat,
1086 1815 1165 1894 quod
1190 1814 1313 1876 altemm
1337 1817 1367 1876 in
1392 1835 1456 1877 ver·

155 1916 255 1978 biset
283 1917 439 1988 verborum
458 1915 475 1998 ll
495 1919 675 1979 ornamentis
704 1915 852 1991 consistit,
881 1914 1004 1975 alterum
1031 1913 1061 1974 in
1090 1916 1337 1997 contemplatione
1366 1917 1454 1978 animi

157 2035 320 2095 sensusque
346 2027 486 2080 versatur.
531 2019 568 2079 de
596 2021 745 2080 schemate
773 2036 843 2096 ergo
870 2016 1008 2077 ‹lianoeas
1031 2016 1109 2077 velut
1130 2017 1205 2078 viam
1227 2018 1330 2099 paucis
1354 2026 1454 2079 osteu-

157 2119 236 2193 dam,
257 2138 331 2198 qua,
355 2121 447 2199 siquis
468 2121 590 2181 otiosior
609 2120 712 2194 fuerit,
735 2119 821 2180 etiam
843 2118 971 2196 reliqua,
999 2136 1074 2195 quae
1092 2118 1177 2196 quasi
1197 2120 1353 2180 remotiora
1375 2120 1455 2180 vide·

124 2220 279 2295 nubuntur,
302 2222 439 2301 persequi
457 2222 573 2300 poterit.
619 2222 652 2280 ιιι
672 2222 760 2298 igitur
781 2220 900 2281 schema
923 2219 1062 2281 dianoeas
1084 2239 1138 2300 per
1160 2221 1214 2282 bas
1237 2220 1353 2300 species
1374 2220 1432 2280 XV.

240 2324 298 2384 Per
319 2321 532 2400 dialogismon‚
555 2329 587 2381 ut
607 2323 685 2401 apud
704 2320 872 2383 Terentium
890 2331 937 2382 est

319 2423 406 2502 qnid
428 2423 550 2502 igitur
571 2419 727 2484 faciam?
747 2441 817 2485 non
839 2421 935 2484 eam?
955 2442 1002 2485 ne
1024 2440 1120 2483 nunc
1142 2421 1306 2500 quidem,

319 2542 400 2584 cum
421 2543 597 2586 accersor
617 2523 741 2585 ultro?
763 2543 805 2585 au
831 2525 962 2606 potius
984 2525 1037 2585 ita
1059 2541 1113 2583 me
1135 2542 1354 2604 conparem,

320 2643 392 2684 non
415 2626 563 2705 perpeti
585 2625 829 2689 meretricum
852 2623 1125 2688 contumelias?

130 2722 202 2785 ubic
220 2743 350 2805 persona
376 2724 540 2786 introducta
569 2727 682 2805 quaerit
704 2727 782 2806 apuel
810 2746 843 2788 se
864 2744 1009 2805 quaenam
1034 2727 1133 2808 potius
1160 2727 1274 2791 utilitati
1293 2748 1363 2791 suae
1384 2748 1455 2824 pars

162 2826 290 2906 eugendo
312 2826 359 2887 sit
1310 2824 1316 2832 ’

161 2977 181 3025 Ν

160 3061 362 3131 Polysyntletone
368 3065 460 3130 plurib:
468 3065 815 3118 coniunctionibmeuaoriut
822 3065 1419 3134 athamasq,thqosq,pelidesq,neoptolem:prim

160 3160 268 3217 receptas
278 3159 303 3202 et
310 3159 406 3202 torrere
417 3159 508 3216 parant
522 3151 630 3203 flammis
642 3161 666 3203 et
677 3152 795 3218 frangere
806 3166 868 3203 saxo
879 3151 967 3217 plures
977 3150 1426 3204 coniunctionesnectuntsententias
1436 3168 1452 3202 :-

126 3243 149 3296 1⁰
161 3250 270 3321 llialytou
292 3257 307 3304 e
328 3256 384 3306 siue
402 3254 509 3322 dialqsls
535 3259 581 3306 ori
601 3257 672 3306 nulla
688 3257 866 3307 coniunctione
888 3235 1010 3319 imposita
1033 3264 1062 3305 ut
1079 3256 1124 3305 alii
1143 3255 1255 3305 naualib:
1274 3256 1308 3304 ite
1331 3255 1410 3305 fertee

161 3340 175 3387 i.
185 3357 205 3391 r.
215 3349 240 3391 et
251 3340 334 3392 aliubi
343 3342 478 3407 naufragia
486 3343 557 3392 labes
565 3343 668 3408 generis
680 3343 867 3408 ignoratsenex
880 3341 1006 3407 sententie
1021 3339 1064 3389 hie
1074 3341 1162 3407 plures
1177 3340 1234 3390 sine
1244 3340 1353 3390 eoniune
1366 3340 1409 3389 flul

127 3414 149 3469 15
162 3423 893 3479 beschematedioecese-Schemadianoeasasebemate
903 3412 1407 3492 lexeosh,distatqottriinr’rbisetirboiom
1437 3415 1442 3425 ’

162 3514 344 3620 mistithalteria
369 3516 395 3564 in
421 3516 602 3581 ntemplatione
629 3518 707 3566 animi
736 3530 852 3578 seususq,
885 3523 1002 3564 uersatur
1031 3529 1048 3565 ι·
1075 3511 1099 3581 fs
1125 3513 1223 3578 reliqua
1248 3516 1265 3576 q
1289 3513 1328 3575 qai
1353 3527 1406 3562 rem

162 3631 193 3685 lle
221 3641 334 3684 scemate
364 3648 425 3698 ergo
451 3635 572 3687 dianoeas
596 3639 633 3685 ult
657 3637 700 3686 uia
724 3636 814 3700 paucis
842 3635 975 3685 ostendam
1006 3652 1026 3706 q
1057 3638 1080 3685 si
1109 3635 1167 3699 quis
1198 3633 1319 3684 otiosior.
1333 3633 1410 3682 fuerit

162 3720 308 3770 uidebuntur
336 3723 455 3784 persequi
486 3722 580 3786 poterit
613 3716 636 3790 ss
670 3722 766 3788 perpeti
800 3721 935 3770 meretricia
969 3721 1136 3772 contumelias
1169 3720 1211 3770 bic
1244 3716 1367 3785 personas
1404 3720 1429 3769 in

162 3801 196 3856 Fit
212 3807 293 3872 igitur
309 3804 412 3856 schemo
430 3806 552 3857 dianoeas
566 3823 613 3872 por
629 3808 677 3858 has
695 3808 795 3874 species
805 3807 855 3857 XV
868 3822 885 3856 t·
898 3804 922 3877 ss
938 3808 1003 3858 ultro
1020 3824 1053 3857 an
1072 3810 1158 3875 potius
1177 3810 1212 3858 ita
1230 3823 1270 3857 me
1288 3807 1398 3872 conpare
1412 3821 1428 3854 n

127 3883 203 3941 ttler
226 3891 399 3957 dialogismou
425 3901 454 3941 ut
479 3894 512 3959 ap
536 3896 643 3946 terentir'r
668 3895 763 3959 equid
780 3896 860 3961 igitur
876 3893 972 3946 faeiari
989 3895 1020 3944 ea‘t
1037 3909 1069 3944 ne
1087 3897 1122 3946 ιιῖ
1137 3895 1240 3958 quidem
1258 3908 1316 3943 cum
1334 3907 1452 3942 accersor

128 3970 231 4028 ternos
258 3979 343 4044 qnqrit
372 3979 442 4044 apud
471 3993 499 4029 se
527 3982 601 4043 qnam
633 3982 735 4031 utilitati
763 3997 811 4047 suq
843 3997 902 4047 pars
934 3981 1054 4048 eligenda
1093 3983 1126 4031 sit
1158 3978 1184 4050 sl
1215 3981 1282 4047 uidit
1312 3991 1429 4048 egentem

177 4151 180 4155 -
221 4117 239 4169 3
257 4115 405 4182 primusque
419 4114 541 4166 Machaon
556 4133 577 4167 ω
662 4119 679 4170 6
702 4119 842 4185 frugesque
856 4128 971 4185 receptas
986 4137 1009 4171 ω
1094 4121 1125 4170 11
1145 4120 1209 4170 ferte
1226 4120 1271 4168 riti
1288 4118 1334 4169 fd
1351 4126 1361 4168 t
1379 4119 1388 4166 l
1404 4133 1417 4166 r
1431 4133 1453 4167 ω

225 4185 256 4236 14
274 4182 396 4234 finiuntur
412 4183 450 4234 De
468 4199 490 4234 ω
574 4186 606 4238 17
624 4191 779 4241 ornamentis
795 4191 911 4241 consistit
927 4206 949 4240 ω
1031 4188 1064 4240 tc
1082 4189 1159 4240 luerit
1175 4190 1251 4239 etiam
1271 4187 1371 4251 reliqua
1388 4201 1454 4250 quae

163 4255 228 4312 tunsi
243 4255 386 4305 remotiora
396 4254 550 4306 uidebuntur
566 4273 588 4306 ω
669 4259 703 4310 23
717 4274 861 4325 comparem
878 4262 978 4327 perpeti
997 4274 1019 4310 ω
1092 4261 1127 4310 25
1142 4270 1252 4325 persona
1272 4257 1413 4308 introductu
1431 4271 1453 4305 ω

223 4393 442 4460 anthamasque]
462 4395 543 4460 Verp.
561 4395 626 4448 Aen.
647 4398 669 4445 ll
688 4396 739 4448 262
810 4397 827 4448 o
844 4396 993 4465 frugesque]
1014 4400 1092 4464 Verp.
1109 4398 1176 4448 Aen.
1196 4397 1275 4448 1178
1347 4395 1380 4447 10
1396 4391 1453 4460 alii]

167 4458 237 4528 Vero.
257 4463 324 4516 Aen.
346 4462 393 4511 llll
408 4462 460 4515 otta
544 4464 573 4515 13
592 4464 738 4532 naufragia]
756 4470 823 4517 iuter
839 4471 938 4519 inemo
952 4471 1104 4534 oaptooroo
1119 4469 1263 4533 frequenta
1280 4468 1378 4530 recepit
1392 4465 1456 4516 nto-

164 4525 256 4581 lechas
272 4531 606 4596 oap.Lae.re1.p.alo
694 4539 797 4600 ignoras
822 4540 921 4588 senex?
940 4541 1046 4589 coniecit
1068 4537 1220 4589 llibbeelriao
1306 4535 1339 4586 te
1360 4550 1411 4600 qua
1431 4534 1454 4584 sl

164 4600 212 4657 quis
226 4616 247 4650 ω
317 4599 350 4650 ‘fl
367 4601 436 4665 apud
452 4600 608 4668 Terentium]
624 4602 736 4655 Eanrlrlt.
757 4607 767 4654 l
786 4604 810 4665 l,
831 4607 844 4657 l
