3114 5356
520 334 651 396 usna.
677 334 782 397 cnm.
800 335 870 396 cru.
894 337 918 398 n
977 409 979 413 Α
1297 334 1356 395 173
1391 422 1394 427 Ι

122 462 146 504 μ.
164 448 212 491 ιω.
227 449 252 491 ιι
269 448 293 490 r.
1189 442 1212 503 p.
1230 450 1263 492 ιοι
1280 447 1304 490 ι.

66 521 198 583 litteram
221 530 251 582 et
274 522 382 583 adicias
401 541 450 596 re,
471 522 543 583 lacis
562 523 716 597 infinitiva,
738 523 812 583 velut
833 506 897 584 amo
918 536 998 582 amas
1018 539 1130 593 amare,
1149 519 1243 580 babeo
1266 520 1357 582 babes

69 625 192 686 babere.

158 727 203 788 Eo
231 725 351 787 verbum
380 726 474 804 quarti
503 727 612 791 ordinis
642 736 686 787 est
710 737 737 787 et
763 723 863 812 quael}
877 746 912 788 ex
938 747 973 788 eo
995 726 1145 807 conposita
1169 735 1252 801 sunt,
1280 727 1358 788 velut

70 849 145 890 exeo
171 838 291 890 transeo
318 835 470 908 praetereo
497 829 568 890 adeo
596 827 668 890 abeo
698 848 786 891 veneo
806 830 871 891 inco
890 830 1008 910 prodeo.
1053 830 1125 890 b'aee
1147 829 1277 906 quamvis
1299 830 1357 889 sint
1392 840 1398 851 ·

44 932 169 1008 squarti
190 930 318 1003 ordinis,
339 938 434 990 tamen
457 930 619 1010 inperleeto
641 941 771 1012 tempore
790 951 805 991 e
826 949 883 990 non
903 933 1072 1003 admittunt,
1097 938 1127 990 ut
1141 929 1218 991 ibam
1233 930 1356 1004 ibamus,

70 1033 188 1094 exibam
210 1033 360 1094 exibamus
382 1041 412 1093 et
435 1040 538 1094 cetera.
583 1034 653 1095 item
675 1034 773 1095 eadem
793 1035 888 1095 futuro
909 1033 1009 1094 finitivi
1032 1051 1085 1112 per
1104 1031 1143 1092 bo
1164 1031 1356 1106 declinantur,

71 1145 105 1197 ut
124 1136 172 1199 iba
189 1136 247 1197 ibis
268 1135 322 1197 ibit
349 1143 378 1196 et
399 1143 494 1195 cetera
517 1136 657 1196 similiter.
702 1137 769 1197 item
795 1137 974 1217 participium
1002 1135 1116 1209 eniens,
1152 1143 1180 1194 et
1207 1136 1358 1214 genetivus

28 1240 33 1247 '
71 1239 217 1299 exeuntis.
252 1239 281 1299 in
303 1235 408 1298 verbis
429 1239 522 1317 quarti
544 1238 653 1300 ordinis
676 1240 801 1300 tutorum
821 1240 848 1300 in
868 1256 912 1299 am
934 1246 993 1313 est;
1015 1236 1148 1305 sedtum
1171 1237 1200 1297 in
1221 1237 1258 1297 bo
1273 1238 1358 1298 elter-

71 1349 135 1415 (ιιι,
163 1341 299 1419 quotiens
322 1348 367 1401 est
389 1359 423 1400 ex
445 1339 577 1417 eoquod
600 1348 645 1400 est
667 1359 701 1400 eo
720 1335 880 1421 πορεύομαι
901 1349 927 1402 et
948 1358 1021 1418 quae
1040 1359 1075 1401 ex
1095 1339 1159 1420 ipso
1181 1339 1357 1414 derivantur,

35 1462 58 1503 ιο
70 1459 165 1502 veneo
186 1435 407 1521 πιπρᾶσπομαι,
427 1452 544 1502 transeo
566 1439 761 1522 παρέρχομαι,
781 1444 920 1505 circumeo
940 1439 1144 1523 περιέρχομαι,
1164 1461 1234 1503 exeo
1248 1437 1358 1521 έξέρχο·

69 1565 141 1621 μαι,
163 1554 316 1624 praetereo
334 1541 498 1624 διαβαίνοι,
527 1545 599 1605 arleo
617 1541 828 1624 προσέρχομαι,
855 1545 924 1607 abeo
945 1536 1126 1624 ἀπέρχομαι,
1147 1545 1213 1606 ineo
1235 1542 1358 1624 εἰσέρχο·

69 1667 142 1722 μαι,
162 1646 273 1726 prodeo
295 1647 480 1730 προέρχομαι.

158 1747 250 1828 lgitur
271 1768 306 1809 cx
328 1758 463 1828 quattuor
484 1747 634 1810 ordinibus
650 1745 801 1809 verbonrm
818 1748 1035 1809 declinationem
1049 1748 1182 1809 bifariam
1199 1749 1357 1810 activorum

70 1860 101 1911 et
124 1851 308 1931 passivorum
329 1852 445 1932 plenam
466 1870 518 1933 per
540 1851 653 1931 speeies
667 1850 847 1928 digessimus
866 1871 899 1911 ex
922 1849 1088 1910 discrimine
1110 1850 1182 1912 eius.
1227 1853 1257 1913 in
1279 1860 1358 1911 cete·

36 1953 113 2014 rvris
135 1952 273 2014 omnilvus
293 1954 388 2016 verbis
412 1955 519 2016 eadem
538 1952 648 2032 regala
675 1959 735 2027 cst,
768 1972 804 2013 ne
830 1955 867 2015 sit
893 1972 965 2033 opus
991 1953 1122 2033 pluribus
1151 1953 1253 2014 instari
1279 1954 1356 2032 quod

70 2055 145 2115 satis
167 2056 277 2117 exista
300 2055 506 2117 declinatione
528 2063 731 2134 cognoscetur.
776 2055 840 2135 sed·
855 2062 947 2115 tamen
976 2056 1116 2133 quaedam
1137 2055 1174 2114 de
1195 2055 1357 2115 dillerentia

69 2156 277 2219 observatione
313 2157 497 2238 collcpimas.
542 2158 723 2237 respeximus
761 2156 848 2217 simul
889 2158 1027 2236 cuiusque
1058 2156 1274 2217 declinationis
1308 2156 1359 2217 ecl

70 2259 184 2319 ordinis
207 2258 342 2335 verbum,
370 2261 475 2339 quibus
501 2259 602 2319 modis
630 2255 797 2338 audiasque
825 2257 1000 2340 temporibus
1027 2266 1055 2318 et
1079 2259 1179 2336 quales
1200 2259 1356 2320 brevitates
1411 2284 1417 2298 ·

18 2374 23 2383 '
69 2363 216 2443 recipiant
238 2363 315 2424 iuxta
339 2371 449 2450 veteres
469 2369 613 2423 auctores.

29 2563 56 2604 μ
461 2561 465 2568 ·
616 2549 692 2591 nnrru
712 2549 821 2593 enonas

158 2633 236 2714 Ergo
267 2636 352 2715 primi
382 2636 492 2697 ordinis
516 2637 641 2697 activum
669 2645 798 2715 tempore
824 2635 930 2696 linitiva
957 2636 1087 2714 perlecto
1115 2635 1171 2695 boc
1196 2634 1299 2714 recipit
1327 2643 1357 2695 et

65 2736 200 2817 peragit,
226 2737 304 2814 quod
326 2739 493 2816 frequenter
511 2740 540 2800 in
562 2758 618 2800 usu
642 2738 747 2799 dicitur
772 2757 825 2819 pro
846 2737 979 2818 paravisti
1003 2737 1126 2817 parasti,
1156 2737 1225 2797 item
1254 2756 1356 2816 parare

66 2859 125 2920 pro
144 2858 297 2919 paravere,
321 2850 459 2920 pararunt
478 2861 531 2922 pro
553 2848 743 2923 paraverunt;
765 2841 831 2903 item
848 2840 1130 2922 plusquamperfecto
1151 2857 1282 2919 pararam
1307 2857 1357 2918 pa·

65 2960 154 3003 raras
173 2933 289 3022 pararat
309 2961 479 3022 pararamns
505 2945 646 3024 pararatis
674 2954 808 3024 pararant
833 2964 885 3025 pro
913 2960 1080 3023 paraveram
1101 2960 1255 3022 paraveras
1274 2960 1358 3023 para·

23 3061 53 3104 aa
69 3052 155 3104 verat
174 3063 379 3124 paraveramus
398 3047 574 3125 paraveratis
592 3054 779 3135 paraverant3
801 3046 866 3106 ilem
885 3048 1011 3126 optativo
1033 3044 1153 3126 perlecti
1175 3044 1284 3106 utinam
1306 3062 1357 3123 pa-

66 3146 161 3207 rarim
184 3165 238 3226 pro
261 3150 419 3226 parav-erim
443 3158 470 3209 et
494 3157 604 3224 oetera;
627 3149 696 3209 item
718 3148 896 3211 subiunctivo
913 3148 1002 3208 lutari
1018 3166 1121 3227 pararo
1138 3165 1192 3226 pro
1207 3165 1355 3227 paravero.

66 3257 224 3329 praeterea
246 3250 276 3310 in
298 3252 412 3330 passivo
433 3251 562 3313 eiusdem
589 3250 699 3311 ordinis
726 3251 833 3311 dnitivo
852 3251 1011 3328 inperfecto
1036 3247 1176 3327 parabare
1197 3268 1251 3329 pro
1272 3266 1357 3329 para·
1457 3322 1463 3337 ἱ

66 3352 169 3427 baris,
196 3353 265 3413 item
288 3355 385 3417 luturo
407 3353 547 3434 parabere
569 3373 622 3433 pro
640 3352 803 3433 parallelis,
833 3351 900 3411 item
928 3351 1053 3429 optativo
1076 3351 1239 3429 praesentis
1262 3358 1288 3409 et
1313 3350 1356 3409 in-

71 3576 103 3627 ll
118 3603 153 3612 -
170 3576 201 3626 18
220 3576 245 3625 N

69 3664 104 3713 15
177 3677 210 3711 ex
227 3663 374 3713 discrimine
391 3665 446 3714 eius
463 3667 487 3714 iu
503 3667 594 3716 ceteris
612 3663 728 3716 omnibns
745 3660 805 3711 uerb

177 3766 208 3800 ne
225 3753 257 3801 rit
275 3765 339 3818 opus
353 3751 446 3816 plurib:
461 3754 550 3803 instrui
561 3767 584 3816 ep
596 3753 657 3801 satis
672 3765 702 3798 ex
712 3750 762 3797 ista

177 3847 343 3903 cognoscetur
373 3855 389 3886 :·
416 3837 441 3904 ss
465 3841 624 3905 respeximus
650 3835 725 3886 simul
754 3852 784 3883 cn

210 3923 261 3975 Sed
296 3925 322 3974 tri
350 3926 400 3988 ridi
433 3927 464 3977 de
498 3927 640 3976 differentia
674 3923 800 3972 obseruari

177 4011 274 4063 ordinis
316 4013 420 4062 uerbum
461 4014 578 4076 quibusq.
619 4011 773 4077 temporibus
809 4016 833 4057 et
875 4007 963 4070 quales
1003 4006 1046 4055 bre

175 4100 266 4150 uitales

141 4245 311 4296 declinatione
329 4246 457 4296 verborum
473 4245 552 4293 tribue
570 4258 682 4293 acroama
699 4242 814 4292 columnia
836 4241 981 4305 perscripta
1005 4239 1030 4286 ia
1054 4236 1170 4284 arniacvva
1184 4236 1281 4298 pagiua
1299 4231 1354 4280 bre·

67 4319 152 4366 ciarev
170 4332 241 4381 quam
257 4332 312 4366 erre
330 4310 408 4366 soleal
426 4317 563 4365 extiterant
581 4328 668 4363 ocreas
730 4311 761 4360 15
778 4311 862 4361 uerbis
882 4330 895 4358 ι
912 4325 942 4358 ne
959 4325 980 4356 ω
1043 4304 1075 4355 to
1093 4319 1126 4353 ex
1144 4304 1201 4355 istis
1218 4316 1355 4368 eognosce-

66 4397 110 4435 tur
127 4402 148 4434 ω
219 4386 249 4435 17
268 4388 411 4436 obseruatio
429 4409 440 4434 ι
459 4385 617 4449 respeximus
635 4400 656 4431 ω
726 4381 845 4442 cuiusque
864 4379 997 4429 ordinisve

139 4594 259 4644 lllvrtura
278 4592 434 4658 linitiiper
452 4591 522 4642 boN
603 4587 720 4638 liverbis
738 4602 784 4640 aar,
806 4585 832 4634 N
919 4581 982 4648 tuni]
1007 4599 1063 4634 cum
1080 4582 1106 4631 N
1191 4581 1218 4631 ll
1240 4594 1354 4629 araneum

70 4666 96 4714 N
183 4665 215 4715 12
239 4678 404 4714 uvoerxorrar
426 4663 478 4712 linit
498 4658 632 4709 declinatio
652 4657 721 4705 uerbi
746 4656 815 4706 .llll.
837 4655 975 4705 ordinisN
1061 4651 1355 4703 llidedillerentinnvm

68 4736 248 4785 absentatione
266 4733 425 4800 collegimus,
443 4744 467 4783 et
485 4730 643 4796 respeximus
661 4726 792 4777 labriam
881 4725 911 4775 18
926 4725 1017 4788 quibus
1036 4723 1117 4772 modis
1135 4722 1276 4784 acribusque
1293 4731 1355 4768 tem-

69 4806 175 4870 poribus
198 4803 330 4854 Fabra'eiar
419 4801 449 4850 lo
476 4805 547 4852 iuxta
569 4816 590 4849 ω
618 4801 668 4846 iura
689 4795 714 4843 N
800 4804 914 4845 auctores
933 4794 964 4844 Et
982 4803 1019 4844 est
1037 4794 1112 4860 primi
1130 4791 1225 4841 ordinis
1244 4791 1356 4841 uotiuum

69 4876 107 4924 N:
126 4875 227 4923 Ordinis
244 4875 330 4938 primi.
354 4873 430 4922 Primi
447 4873 541 4921 ordinis
559 4871 668 4919 actiurun
687 4864 819 4957 fabricium
