3114 5348
631 291 712 351 rur.
737 289 877 353 omum.
900 288 1006 349 cunr
1351 268 1355 274 ’
1396 290 1457 351 aaa

1227 416 1250 456 p.
1265 404 1365 445 858—llss
1379 405 1403 445 l‘.
1439 410 1453 445 .“

157 474 374 548 comedendus,
398 494 457 535 non
479 485 626 537 comestus
645 494 740 555 neque
763 484 963 548 comesturus,
992 481 1025 535 ut
1043 473 1147 551 vulgus
1169 475 1330 547 existiman
1367 477 1456 538 futuri

158 577 206 660 liic
227 575 367 638 edendos.
412 578 515 658 supina
538 597 620 639 esum
641 597 702 638 esu.
786 643 794 656 ,

521 780 740 824 INPERSONALlVll
761 781 909 823 renuuntur
930 781 1093 824 unumunurm

246 881 376 941 Paenitet
400 882 521 943 verbum
541 880 727 961 inpersonale
749 880 904 941 indicativo
927 880 1014 941 modo
1041 880 1148 941 dictum
1172 879 1386 958 coniugationis
1409 900 1456 942 se·
1527 870 1529 875 ¹

132 1003 144 1039 n
159 981 274 1043 cunrlae
296 983 409 1043 numeri
431 983 586 1061 singularis
608 985 718 1060 llgurae
740 980 883 1060 simplicis
911 982 1051 1061 temporis
1078 981 1229 1053 instantis,
1264 981 1341 1058 quod
1367 982 1456 1042 ‹leoli-

159 1081 278 1143 nabitur
299 1083 350 1143 sic.
396 1085 525 1163 paenitet
543 1102 591 1145 me
612 1091 641 1144 tc
664 1083 761 1156 illum,
785 1080 915 1162 paenitet
934 1101 990 1143 nos
1010 1103 1063 1144 vos
1085 1082 1166 1158 illos;
1194 1079 1366 1160 inperfecto
1386 1100 1455 1160 pae-

159 1182 271 1243 nitebat
292 1203 340 1243 me
361 1194 390 1244 tc
411 1185 494 1246 illum
517 1206 571 1247 nos
592 1206 643 1246 vos
666 1186 748 1261 illos;
772 1173 937 1267 perfellcto⁴
944 1184 1085 1264 paenituit
1106 1203 1153 1246 me
1176 1192 1205 1244 te
1227 1182 1309 1243 illum
1331 1202 1386 1244 nos
1403 1202 1455 1244 vos

159 1283 242 1359 illos;
270 1284 557 1365 plusquamperfecto
579 1287 761 1366 paenituerat
781 1306 828 1348 mc
851 1294 879 1347 te
898 1287 980 1348 illum
1000 1306 1055 1349 nos
1078 1306 1128 1349 vos
1155 1287 1237 1361 illos;
1268 1285 1366 1344 futuro
1388 1302 1456 1362 pae-

160 1386 265 1446 nitebit
284 1406 332 1447 mo
354 1395 383 1446 te
405 1387 485 1448 illum
507 1407 562 1449 nos
584 1408 636 1449 vos
654 1388 730 1449 illos.
775 1388 945 1468 impemtivo
970 1386 1058 1448 modo
1081 1396 1212 1468 tempore
1235 1392 1348 1445 tantum
1371 1403 1456 1463 prae-

121 1487 236 1549 vasculi
258 1488 405 1567 paeniteat
426 1508 473 1548 me
494 1498 523 1550 te
551 1489 633 1551 illum
662 1510 717 1552 nos
742 1509 794 1551 vos
823 1489 899 1551 illos.
945 1489 1072 1569 optativo
1100 1489 1187 1549 modo
1211 1495 1344 1565 tempore
1371 1503 1456 1564 prae-

158 1588 285 1648 sentiet
305 1589 467 1669 inperfecto
487 1590 597 1650 uunam
621 1592 784 1670 paeniteret
809 1611 858 1653 me
885 1600 914 1653 te
940 1591 1022 1653 illum
1046 1608 1102 1650 nos
1129 1608 1180 1648 vos
1208 1586 1290 1660 illos,
1326 1587 1457 1666 perlecto
1511 1605 1512 1609 ¹

160 1688 270 1749 utinam
300 1690 475 1768 paenituerit
502 1710 550 1751 me
578 1699 607 1752 te
634 1691 715 1753 illum
743 1711 798 1753 nos
824 1713 876 1754 vos
909 1694 990 1768 illos,
1025 1690 1312 1771 plusquamperfecto
1345 1687 1456 1747 utinam

159 1788 353 1868 paenituisset
374 1811 421 1851 me
443 1803 472 1852 te
494 1792 576 1853 illum
599 1810 654 1852 uos
678 1811 728 1854 vos
751 1791 832 1867 illos,
855 1796 953 1856 futuro
975 1794 1086 1855 uunam
1109 1790 1256 1870 paeniteat
1269 1805 1316 1847 me
1332 1795 1360 1846 tc
1374 1787 1454 1847 illum

160 1909 214 1950 nos
236 1910 286 1952 vos
311 1891 386 1952 illos.
432 1892 615 1953 coniunctivo
643 1892 731 1953 modo
756 1901 889 1975 tempore
911 1893 1059 1976 praesenti
1084 1910 1152 1952 cum
1176 1888 1322 1968 paeniteat
1349 1906 1397 1947 mu
1427 1897 1455 1948 tc

122 2011 146 2051 u
160 1990 241 2053 illum
269 2011 325 2053 nos
352 2013 404 2053 vos
429 1993 510 2067 illos,
544 1993 705 2072 inperfecto
735 2012 802 2056 cum
823 1995 985 2074 paeniteret
1007 2013 1054 2054 me
1076 2001 1105 2053 te
1126 1991 1208 2052 illum
1228 2009 1283 2050 nos
1305 2007 1357 2048 vos
1378 1987 1454 2061 illos,

158 2094 289 2174 perfeeto
311 2113 378 2156 cum
396 2094 571 2173 paenituerit
590 2114 638 2156 me
661 2102 689 2156 te
711 2095 792 2158 illum
814 2115 869 2158 nos
891 2114 942 2156 vos
968 2095 1050 2168 illos,
1077 2090 1364 2173 plusquamperfecto
1387 2107 1454 2149 cum

158 2195 351 2273 paenituisset
368 2214 415 2255 me
439 2204 466 2255 te
485 2194 566 2256 illum
591 2215 646 2257 uos
664 2215 716 2257 vos
738 2196 818 2271 illos,
848 2198 947 2259 futuro
968 2215 1035 2258 cum
1055 2192 1232 2275 paenituerit
1253 2209 1300 2251 me
1323 2197 1351 2246 te
1373 2186 1454 2248 illum

159 2314 213 2357 nos
233 2315 286 2357 vos
307 2295 382 2357 illos.
427 2296 568 2357 infinitivo
590 2297 678 2359 mono
698 2299 828 2361 numeris
855 2307 885 2361 et
905 2297 1041 2380 personis
1063 2305 1196 2375 tempore
1218 2286 1364 2370 praesenti
1385 2305 1455 2365 pae-

157 2398 267 2470 nitere,
289 2398 445 2478 praeterito
467 2386 655 2477 paenituisse.
700 2399 736 2460 ab
758 2400 816 2462 hoc
836 2399 1015 2481 inpersouali
1037 2399 1125 2460 verbo
1141 2397 1311 2470 usvupatum
1327 2396 1373 2448 est
1387 2407 1454 2468 par-

119 2499 292 2579 mticipivrm
314 2499 455 2579 temporis
480 2499 615 2561 instantis
638 2500 686 2562 liic
713 2510 742 2562 et
769 2502 842 2563 haec
869 2509 899 2562 et
925 2501 983 2563 hoc
1011 2499 1170 2581 paenitens.
1215 2490 1332 2566 quidam
1356 2497 1453 2551 aulem

159 2601 261 2662 dicunt
284 2599 481 2680 inpersonalia
514 2620 609 2680 neque
643 2603 734 2662 activa
764 2621 861 2682 neque
890 2601 1006 2682 passiva
1037 2593 1186 2679 participia
1222 2589 1340 2650 hahere.
1386 2609 1453 2651 nam

158 2702 276 2781 pudens
296 2720 355 2762 nou
377 2712 422 2762 est
443 2703 629 2782 participium
651 2703 703 2765 sed
726 2704 898 2784 appellatio,
921 2703 999 2764 unde
1021 2708 1049 2758 et
1069 2693 1224 2792 inpudens.

243 2803 327 2864 aliud
351 2803 545 2882 lupersonale.
579 2803 694 2866 venitur
711 2805 833 2868 verbum
854 2797 1040 2883 iopersonate
1058 2793 1214 2855 indicativo
1235 2795 1451 2857 meledictum

158 2901 372 2980 coniugationis
396 2906 497 2966 tertiae
519 2905 679 2985 productae
699 2909 812 2984 numeri
841 2899 994 2979 singularis
1017 2898 1126 2974 figurae
1149 2895 1290 2975 simplicis
1313 2898 1453 2977 temporis

119 3029 145 3068 en
158 3005 312 3077 instantis,
342 3005 420 3083 quml
440 3007 633 3068 declinabitur
653 3011 703 3070 sie.
749 3007 862 3068 venitur
882 3019 897 3059 a
917 3017 965 3058 me
986 3005 1049 3058 ate
1072 2997 1108 3058 ab
1131 2996 1180 3058 illo
1200 3017 1216 3057 a
1238 2998 1324 3058 nobis
1339 3018 1355 3059 a
1370 3000 1452 3061 vobis

158 3106 195 3166 ali
218 3106 291 3180 illis,
314 3106 476 3184 inperfecto
493 3108 674 3180 veniebatur,
698 3108 827 3186 perfecto
847 3108 964 3161 ventum
986 3108 1031 3160 est
1052 3105 1082 3158 et
1103 3098 1239 3158 ulteriore
1254 3110 1371 3160 ventum
1388 3101 1452 3174 fuit,

157 3207 446 3287 plusquamperfecto
466 3218 583 3270 ventum
605 3214 667 3266 erat
687 3213 716 3263 et
736 3200 871 3263 ulteriore
900 3207 1018 3260 ventum
1046 3201 1155 3272 luerat,
1184 3200 1281 3260 futuro
1310 3201 1451 3261 venietur.

157 3309 327 3390 imperativo
347 3309 434 3368 morlo
456 3307 594 3385 temporis
617 3314 724 3365 tantum
747 3301 911 3379 praesentis
936 3300 1077 3361 veniatur.
1122 3301 1249 3379 optativo
1269 3300 1356 3360 modo
1379 3309 1453 3362 tem·

158 3428 230 3490 pore
249 3409 396 3490 praesenti
419 3418 447 3468 et
469 3407 628 3486 inperfecto
650 3402 760 3462 utinam
783 3401 943 3475 veniretur,
975 3401 1105 3480 perfeeto
1134 3401 1245 3461 utinam
1275 3409 1392 3461 ventum
1414 3402 1452 3461 sit

118 3509 319 3589 pratfornel,
339 3507 623 3588 plusquamperfecto
645 3503 755 3564 utinam
779 3511 896 3566 ventum
921 3512 1001 3566 esset
1022 3509 1050 3562 et
1073 3502 1191 3574 luisset,
1221 3501 1318 3560 futuro
1341 3501 1450 3562 utinam

156 3611 295 3672 veniatur.
341 3604 522 3666 coniunctim
556 3603 644 3663 modo
673 3612 804 3682 tempore
837 3605 984 3685 praesenti
1011 3623 1078 3666 cum
1109 3603 1254 3674 veniatur,
1287 3601 1450 3679 inperfecto

155 3732 221 3774 cum
244 3708 403 3776 veniretur,
437 3705 567 3783 perfecto
589 3723 656 3765 cum
678 3711 795 3765 ventum
815 3706 854 3766 sit
882 3715 910 3767 et
937 3707 1039 3781 fuerit,
1075 3703 1362 3785 plusquamperfecto
1382 3721 1449 3762 cum

155 3819 271 3872 ventum
294 3811 372 3864 esset
394 3814 423 3863 et
444 3806 562 3878 luisset,
585 3806 682 3866 futuro
706 3826 773 3868 cum
795 3815 913 3869 ventum
931 3808 985 3868 erit
1008 3815 1036 3867 et
1058 3807 1154 3867 fuerit.
1198 3804 1338 3865 infmitivo
1362 3803 1449 3864 morlo

153 3921 283 3988 tempore
311 3905 458 3985 placenti
487 3906 592 3979 veniri,
627 3908 784 3986 praeterito
813 3916 930 3969 rentum
960 3926 1026 3969 esse
1054 3916 1083 3968 et
1109 3907 1215 3978 luisse,
1252 3907 1350 3967 futuro
1382 3923 1451 3965 ven·

115 4021 212 4071 otram
235 4007 280 4067 iri.

226 4107 387 4187 ,Contingit
408 4110 527 4170 verbum
546 4109 732 4187 inpersouale
750 4112 904 4174 indicativo
926 4112 1013 4174 morlo
1032 4113 1140 4172 dictum
1164 4109 1376 4189 coniugationis
1394 4118 1451 4170 ter·

150 4212 207 4272 tiae
229 4217 382 4290 correptae
404 4212 517 4272 numeri
541 4209 696 4287 singularis
717 4213 825 4289 llgurae
849 4213 990 4292 simplicis
1006 4208 1019 4294 ΙΙ
1035 4210 1176 4292 temporis
1198 4211 1350 4284 instantis,
1370 4211 1448 4288 quovl

203 4437 214 4488 l
231 4439 381 4487 exaestlmut
392 4438 417 4487 B
487 4439 606 4503 ‘lsvrpinn
620 4437 710 4487 evlomli
721 4440 819 4489 edendo
833 4440 958 4489 edendum
972 4456 1042 4490 esum
1057 4457 1102 4492 esu
1112 4440 1137 4492 B
1148 4441 1239 4506 supina
1252 4453 1323 4487 esum
1340 4436 1368 4485 M
1380 4439 1450 4502 supi-

151 4509 334 4557 numesumA
399 4506 563 4572 llperfeeto]
574 4507 658 4556 futuro
670 4507 753 4557 ΑΒΜ
815 4507 1449 4576 21oeqvvoqnadun)possiuoparuetpiomlu-

152 4576 210 4625 bere
223 4575 305 4625 ΑΒΜ
375 4576 409 4626 26
427 4577 539 4625 uenitum
558 4586 595 4625 rst
612 4575 697 4624 Alit!
767 4579 878 4626 ueuitum
895 4578 942 4627 fult
962 4578 1045 4628 Alto!
1114 4580 1147 4628 27
1167 4578 1279 4626 ueniturn
1297 4586 1350 4624 erut
1367 4574 1450 4623 Alto!

202 4648 318 4696 uenitunt
336 4645 419 4694 fuerat
433 4646 491 4704 AB,
511 4664 556 4697 ont.
576 4645 608 4694 M
675 4645 709 4694 29
728 4647 838 4695 uenirum
858 4649 890 4696 sit
902 4645 989 4695 ΑΒΜ
1056 4646 1090 4698 30
1108 4648 1222 4696 nenimm
1236 4655 1303 4694 esset
1316 4643 1398 4692 ΑΒΜ

152 4711 185 4762 32
202 4716 316 4764 ueniurm
335 4716 367 4763 sit
387 4715 444 4764 Am
524 4715 557 4765 3³
577 4715 690 4762 muitum
709 4714 870 4764 vssrtABlf
951 4718 1062 4766 vrervitum
1080 4718 1126 4765 urit
1143 4714 1226 4764 Arm
1294 4712 1449 4763 3lvvrrritum

153 4782 251 4831 esseM
319 4784 352 4833 35
372 4785 400 4831 lvi
422 4786 528 4832 exotici
549 4782 649 4845 (cxvii
672 4784 712 4839 ll)
731 4798 853 4832 munirer
872 4784 923 4831 AB
992 4784 1026 4835 3u
1044 4786 1149 4849 contigit
1168 4782 1252 4834 ΑΒΜ

1176 4865 1241 4928 24*
