3114 5348
581 298 714 361 lNS'l'll'.
740 298 851 361 duan.
876 300 949 362 LlB.
971 301 1026 364 llll
1375 303 1439 368 289

151 483 220 562 qood
251 484 355 545 eodem
388 483 526 546 defuneto
557 486 726 566 apotheosis
759 486 822 547 eius
852 486 908 548 hac
936 487 1064 550 dictione
1090 490 1129 552 sit
1157 489 1302 551 celebrata
1309 507 1317 565 ;
1355 490 1438 552 cuirrs

149 585 304 665 exemplum
322 584 419 647 adhue
440 585 473 646 iu
494 585 591 649 linteis
612 587 693 649 lihris
712 588 865 669 reperihrr.

620 794 657 835 lili
681 794 792 836 strutio
810 793 845 834 ΕΤ
864 791 957 834 autho

118 900 129 941 ⁸
224 889 363 968 Sequitur
390 900 487 952 autem
516 911 570 972 per
597 894 731 973 rythmon
755 901 784 953 et
810 891 918 966 melos,
951 911 1010 953 nou
1038 893 1105 970 quia
1131 912 1191 954 non
1219 895 1316 969 omnia
1344 905 1437 959 metra

144 990 272 1069 rytlunoe
295 992 365 1052 sint.
410 992 509 1054 multis
530 994 608 1054 eninr
626 995 783 1074 generibus
800 994 906 1055 dicitur
927 995 1059 1073 rythmos
1083 995 1247 1056 seeundum
1268 997 1438 1075 qualitatem

143 1092 180 1153 rei
202 1092 367 1168 subiectae,
396 1110 483 1170 quam
502 1098 684 1176 corporalem
706 1104 826 1170 vocant,
855 1102 887 1157 ut
907 1095 1042 1157 homines
1063 1096 1216 1158 columnae
1237 1100 1282 1159 vel
1305 1100 1436 1178 porticus

143 1190 274 1257 dicuntur
293 1197 425 1277 rythmos
446 1198 497 1260 ecl
517 1199 580 1261 siue
601 1200 727 1279 rythmo,
760 1217 827 1259 nam
849 1203 882 1257 ut
903 1196 978 1256 ulio.
991 1204 1075 1259 reete
1095 1217 1149 1277 per
1170 1201 1292 1277 liguram
1315 1210 1344 1261 et
1366 1220 1437 1280 qna-

141 1290 264 1369 litatem,
285 1297 385 1360 idest
406 1319 460 1380 por
481 1301 627 1380 rythmum
645 1301 805 1375 incedunt,
828 1298 874 1359 ita
895 1298 963 1359 otiu
984 1299 1049 1360 sine
1066 1301 1182 1378 rythmo
1204 1309 1282 1362 sunt
1319 1321 1387 1362 uam
1406 1311 1439 1364 ut

113 1395 168 1457 uin
188 1397 323 1474 homine,
346 1399 478 1478 quamvis
500 1400 655 1479 qualitate,
678 1402 707 1462 id
729 1409 775 1462 est
796 1401 914 1476 formis,
936 1401 1038 1461 aether
1059 1401 1113 1475 sit,
1136 1401 1227 1463 nihilo
1248 1402 1347 1464 minus
1366 1423 1438 1482 qna-

141 1497 202 1560 htas
221 1509 267 1560 est
288 1501 432 1576 hominis,
461 1502 500 1562 ita
519 1504 664 1582 rythmos,
685 1502 818 1582 quamvis
841 1521 900 1562 non
921 1501 958 1563 sit
979 1509 1058 1562 certa
1080 1502 1219 1580 qualitas,
1243 1512 1341 1565 tamen
1359 1506 1438 1585 ryth-

141 1600 340 1695 mos-dicitur.
385 1614 413 1665 et
435 1605 464 1665 in
486 1605 581 1684 spatio
604 1605 751 1684 rythmos,
786 1603 864 1682 quod
888 1611 933 1663 est
956 1604 1140 1681 quantitatis,
1168 1614 1200 1667 ut
1222 1624 1289 1666 cum
1314 1606 1437 1670 dicimus

141 1703 309 1783 eurythmon
330 1723 396 1766 esse
416 1706 562 1766 interdum
585 1714 630 1767 est
651 1707 694 1766 via
716 1706 790 1766 haec
808 1704 882 1782 ipsa.
927 1711 1036 1779 metra,
1066 1707 1197 1785 quamvis
1223 1706 1278 1768 alia
1305 1709 1363 1768 sint
1384 1729 1439 1789 po-

141 1805 259 1879 sitione,
295 1812 328 1867 ut
353 1808 527 1885 quibusdam
555 1807 665 1888 placuit
687 1805 852 1867 errantibus
875 1813 989 1880 tamen,
1015 1806 1079 1885 ipsa
1100 1808 1282 1888 rythmorum
1303 1811 1436 1890 partibus

114 1913 204 1969 tisum
227 1909 434 1970 eamneranda.
480 1909 552 1969 nihil
574 1916 619 1968 ost
638 1907 716 1967 enim
738 1906 814 1967 inter·
833 1906 969 1985 rythmon
992 1915 1021 1966 et
1043 1915 1157 1968 metron
1179 1909 1235 1970 nisi
1258 1911 1336 1987 quod
1357 1912 1438 1990 ryth-

141 2027 200 2072 mos
223 2017 270 2071 est
291 2016 417 2086 metrum
447 2010 557 2084 tluens,
592 2017 707 2070 metron
736 2015 833 2068 autem
861 2006 898 2067 sit
923 2006 1055 2085 rythmos
1082 2009 1209 2071 clausus.
1253 2030 1322 2071 nam
1349 2021 1381 2073 ut
1406 2013 1436 2073 in

141 2129 258 2173 numero
277 2112 301 2171 V
321 2111 434 2172 numeri
456 2119 526 2172 sunt
548 2110 637 2184 liniti,
672 2110 724 2170 sed
752 2116 783 2169 et
809 2109 873 2188 ipsc
901 2126 1042 2169 numerus
1070 2118 1099 2169 et
1126 2110 1226 2172 finitus
1248 2119 1310 2186 est,
1337 2112 1377 2173 ita
1408 2123 1437 2174 et

142 2214 276 2292 rythmos.
322 2213 415 2275 melos
437 2220 551 2287 autem,
569 2211 653 2290 ,quod
678 2219 723 2272 est
744 2210 861 2271 tertium
883 2227 991 2288 genus,
1019 2210 1048 2270 id
1068 2220 1113 2272 est
1131 2212 1262 2291 speeies,
1285 2214 1436 2275 atterius

143 2313 247 2388 dicam,
279 2333 339 2375 non
368 2323 414 2375 est
439 2333 532 2392 geniis
559 2312 610 2374 sed
638 2312 753 2391 species
781 2321 810 2372 et
836 2311 938 2394 incipit
963 2309 1087 2390 qualitas
1110 2312 1172 2373 fleri
1200 2313 1315 2391 rythmi.
1367 2335 1435 2376 nam

117 2416 231 2493 ”qialis
253 2415 407 2495 dispositio
429 2424 475 2477 est
496 2415 644 2493 corporiS,
666 2422 697 2475 ut
718 2414 756 2475 sit
779 2431 844 2501 ora¹
853 2457 1195 2474 ............
1216 2423 1246 2475 et
1265 2415 1435 2486 bracehium

145 2515 257 2580 dicatur·
277 2536 312 2578 ae
339 2516 390 2577 tali
414 2536 483 2577 oms
511 2523 599 2595 eaput
626 2524 654 2574 et
681 2514 801 2594 reliqua
831 2512 999 2574 sequendum
1024 2531 1103 2574 suus
1130 2514 1283 2592 qualitates
1305 2517 1436 2578 membra

145 2620 254 2681 nomina
281 2618 447 2695 inveniunt,
485 2620 525 2680 ita
553 2626 582 2678 et
605 2616 698 2678 melos
725 2616 843 2678 nomina
869 2615 994 2690 invenit,
1016 2623 1049 2676 ut
1071 2615 1184 2676 dieatm
1205 2617 1353 2679 choricon.
1394 2619 1435 2679 ita

145 2716 260 2781 lidorius
283 2737 400 2799 quoque
421 2718 619 2783 confitendum
641 2726 685 2779 est
710 2736 766 2778 nee
788 2718 896 2780 distare
917 2717 1010 2778 melos
1032 2735 1049 2776 a
1071 2716 1201 2796 rythmo,
1221 2718 1435 2797 quodquidam

146 2829 317 2898 putaverunt
351 2840 418 2881 nam
437 2841 503 2881 esse
529 2821 585 2880 hoc
607 2825 732 2893 metron,
961 2902 963 2906 Α

122 2926 141 2969 ⁸
302 2941 483 3001 quaenam
512 2930 545 2981 te
575 2921 746 2999 adigunt,
778 2922 933 3002 hospes,
969 2927 1104 2997 stagna
1133 2920 1285 3000 capacis
1311 2921 1434 2981 risere

1011 3021 1170 3082 Averni?

149 3109 266 3186 rythmos
289 3117 387 3171 autem
408 3107 439 3170 in
460 3151 807 3168 ............
831 3124 948 3167 carmen

151 3329 160 3378 1
188 3359 217 3369 .-

161 3330 176 3381 ⁸
229 3336 263 3385 ²⁷
283 3333 385 3468 Nuerim
405 3415 487 3464 dicam
507 3414 550 3462 rie
569 3426 651 3476 gentas
668 3426 689 3459 s.
706 3411 806 3475 speeies
824 3415 849 3458 et
866 3408 955 3473 incipit
973 3408 1089 3471 qualitas,
1163 3409 1185 3458 ri
1204 3408 1261 3472 ryth

148 3501 175 3550 ao
298 3507 334 3554 mi
357 3516 415 3551 uum
436 3500 518 3563 qualis
539 3499 675 3563 dispositio
699 3498 713 3543 i·
737 3497 852 3560 eorporis
880 3502 907 3543 ut
932 3495 965 3543 sit
993 3509 1040 3543 eru

300 3599 325 3640 et
352 3588 501 3638 bracchium
529 3587 627 3636 dicatur
653 3599 682 3632 ao
710 3583 753 3630 tuli
778 3597 835 3631 crus
863 3588 939 3646 caput
961 3588 985 3630 et
1012 3595 1039 3628 re

299 3726 435 3789 qualitates
470 3722 583 3773 membre
621 3721 672 3771 no-os
707 3677 838 3783 inneuiylnt
879 3720 915 3766 ita
950 3725 976 3767 et
1007 3714 1087 3766 melos
1124 3716 1173 3764 nmo
1208 3714 1266 3763 ioue

297 3812 335 3861 uit
362 3819 390 3863 ut
418 3812 516 3861 dicatur
539 3809 662 3858 ehorieon
691 3807 725 3855 itu
753 3805 822 3854 titius
849 3803 883 3866 (ᾖ
914 3803 1057 3854 conlltendir
1085 3803 1099 3851 i
1125 3816 1169 3850 nee
1200 3802 1267 3852 dista

297 3934 327 3968 re
369 3916 451 3968 melos
491 3932 507 3966 a
547 3915 646 3979 rythmo
688 3928 712 3979 q
757 3886 808 3978 lydi
848 3919 1000 3980 putauerunt
1043 3925 1100 3959 num
1144 3909 1174 3956 e‘e
1218 3907 1267 3957 hoe

296 4011 394 4055 metron
452 4039 459 4052 .
506 4015 617 4067 ququam
661 4009 684 4050 te
729 4001 836 4066 adigunt
883 3999 977 4065 hospes
1024 4005 1116 4062 stoque
1163 3994 1266 4059 capacis

296 4091 382 4140 uisere
408 4088 497 4138 auerni
528 4105 544 4148 ;·
578 4085 702 4152 ltythmos
741 4087 772 4134 W
809 4088 836 4135 in
870 4086 919 4149 spa'
1170 4095 1228 4130 meo
1247 4095 1264 4128 z·

204 4228 237 4281 le
250 4227 361 4292 qualitas
379 4226 435 4276 lteri
451 4242 467 4274 n
537 4223 571 4276 20
587 4223 621 4273 sit
640 4219 691 4272 ora'
703 4243 717 4272 s
734 4224 866 4275 brachium
884 4240 901 4273 u
976 4223 1007 4272 21
1027 4228 1103 4284 ceput
1121 4227 1146 4268 et
1163 4225 1246 4267 cetera
1264 4215 1399 4279 qualitates
1415 4229 1431 4262 u

202 4299 236 4348 22
253 4299 289 4348 ita
306 4295 375 4346 illius
394 4310 493 4360 quoque
511 4309 527 4342 u
611 4293 644 4342 24
664 4307 722 4341 nam
740 4294 763 4341 si
780 4304 818 4344 est
837 4295 885 4343 hoe
903 4299 1000 4342 metron
1018 4306 1035 4337 u
1115 4287 1149 4338 25
1167 4287 1263 4350 hospes
1280 4293 1370 4350 stagna
1389 4298 1429 4332 eu-

139 4366 207 4430 paeis
222 4382 239 4417 u
324 4366 358 4416 at
377 4368 403 4415 in
420 4384 434 4417 a
454 4377 555 4414 carmen
574 4361 667 4425 inclyte
691 4376 772 4427 parua
790 4364 861 4429 pdite
879 4363 961 4427 patrie
981 4359 1083 4409 nomine
1102 4357 1225 4406 celebris
1243 4354 1333 4404 axltis
1353 4353 1396 4416 qui
1415 4368 1431 4400 n

200 4573 216 4624 l
233 4587 385 4626 arroeewcrc
400 4572 427 4621 N
494 4574 510 4621 2
530 4569 614 4618 adhue
632 4570 725 4635 ligneis
742 4570 768 4618 N
835 4569 905 4618 libris
924 4583 940 4616 n
959 4568 1006 4617 tib.
1017 4567 1053 4616 .is
1069 4565 1094 4613 N
1161 4563 1303 4628 repperitur
1321 4560 1347 4608 N
1414 4561 1431 4611 5

136 4642 265 4709 rythemon
284 4650 309 4692 et
327 4642 408 4692 melos
426 4641 452 4690 N
520 4639 684 4703 tirythemoe
702 4641 752 4688 sint
769 4639 794 4687 N
869 4639 885 4687 8
903 4638 951 4687 dm
968 4637 1084 4687 ertlrmos
1102 4633 1157 4682 sine
1176 4633 1275 4698 rythmo
1295 4632 1327 4678 mi
1345 4638 1372 4680 ut
1388 4633 1432 4681 itta

139 4747 231 4764 ......
252 4713 256 4779 Ι
272 4726 318 4777 per
336 4711 444 4776 liguram
460 4719 484 4759 et
501 4708 648 4771 qualitatem
671 4744 696 4787 ,ζ
719 4724 765 4773 per
783 4707 879 4771 rythm.
891 4742 896 4754 .
908 4744 913 4755 .
925 4743 931 4756 .
943 4745 948 4756 .
960 4741 966 4754 .
977 4713 1034 4755 ami
1051 4706 1103 4753 ulia
1121 4703 1245 4766 rytlmone
1260 4710 1321 4763 siant
1339 4699 1365 4747 N

137 4798 168 4849 io
181 4796 442 4864 sitqnlhilominusN
513 4795 544 4844 17
562 4794 658 4843 numeri
675 4803 705 4843 st.
726 4808 749 4846 s.
769 4792 831 4841 liniti
849 4800 873 4840 et
891 4792 947 4857 ipse
965 4790 990 4838 N

175 4901 515 4947 annumeremur
538 4900 559 4940 1.
1185 4870 1224 4932 19
