<?xml version="1.0" encoding="UTF-8"?>
<!DOCTYPE html PUBLIC "-//W3C//DTD XHTML 1.0 Transitional//EN"
    "http://www.w3.org/TR/xhtml1/DTD/xhtml1-transitional.dtd">
<html xmlns="http://www.w3.org/1999/xhtml" xml:lang="en" lang="en">
 <head>
  <title>
</title>
<meta http-equiv="Content-Type" content="text/html;charset=utf-8" />
  <meta name='ocr-system' content='tesseract 3.04.00' />
  <meta name='ocr-capabilities' content='ocr_page ocr_carea ocr_par ocr_line ocrx_word'/>
</head>
<body>
  <div class='ocr_page' id='page_1' title='image "./grammaticilatin02keilgoog_0016.png"; bbox 0 0 3114 5356; ppageno 0'>
   <div class='ocr_carea' id='block_1_1' title="bbox 504 1317 896 1413">
    <p class='ocr_par' dir='ltr' id='par_1_1' title="bbox 504 1317 896 1413">
     <span class='ocr_line' id='line_1_1' title="bbox 504 1317 896 1413; baseline 0.008 -3"><span class='ocrx_word' id='word_1_1' title='bbox 504 1317 896 1413; x_wconf 72' lang='lat' dir='ltr'><strong>PRAEFATIO</strong></span> 
     </span>
    </p>
   </div>
   <div class='ocr_carea' id='block_1_2' title="bbox 139 1782 1346 1914">
    <p class='ocr_par' dir='ltr' id='par_1_2' title="bbox 139 1782 1346 1914">
     <span class='ocr_line' id='line_1_2' title="bbox 139 1782 1346 1914; baseline 0.008 -33"><span class='ocrx_word' id='word_1_2' title='bbox 139 1782 299 1882; x_wconf 75' lang='lat' dir='ltr'><strong>Charisii</strong></span> <span class='ocrx_word' id='word_1_3' title='bbox 325 1829 427 1884; x_wconf 90' lang='lat' dir='ltr'><strong>artem</strong></span> <span class='ocrx_word' id='word_1_4' title='bbox 461 1822 708 1906; x_wconf 82' lang='lat' dir='ltr'><strong>grammaticam</strong></span> <span class='ocrx_word' id='word_1_5' title='bbox 735 1824 823 1889; x_wconf 90' lang='lat' dir='ltr'><strong>edidi</strong></span> <span class='ocrx_word' id='word_1_6' title='bbox 852 1849 871 1890; x_wconf 92' lang='lat' dir='ltr'><strong>e</strong></span> <span class='ocrx_word' id='word_1_7' title='bbox 897 1825 981 1890; x_wconf 89' lang='lat' dir='ltr'><strong>libro</strong></span> <span class='ocrx_word' id='word_1_8' title='bbox 1014 1849 1113 1890; x_wconf 90' lang='lat' dir='ltr'><strong>manu</strong></span> <span class='ocrx_word' id='word_1_9' title='bbox 1145 1829 1265 1913; x_wconf 86' lang='lat' dir='ltr'><strong>scripto</strong></span> <span class='ocrx_word' id='word_1_10' title='bbox 1290 1830 1346 1914; x_wconf 92' lang='lat' dir='ltr'><strong>qui</strong></span> 
     </span>
    </p>
   </div>
   <div class='ocr_carea' id='block_1_3' title="bbox 58 1919 1453 2418">
    <p class='ocr_par' dir='ltr' id='par_1_3' title="bbox 58 1919 1453 2418">
     <span class='ocr_line' id='line_1_3' title="bbox 61 1919 1347 2007; baseline 0.009 -26"><span class='ocrx_word' id='word_1_11' title='bbox 61 1919 190 2007; x_wconf 79' lang='lat' dir='ltr'>Neapoli</span> <span class='ocrx_word' id='word_1_12' title='bbox 205 1923 293 1985; x_wconf 91' lang='lat' dir='ltr'><strong>inter</strong></span> <span class='ocrx_word' id='word_1_13' title='bbox 306 1921 436 1987; x_wconf 86' lang='lat' dir='ltr'><strong>codices</strong></span> <span class='ocrx_word' id='word_1_14' title='bbox 456 1922 673 1988; x_wconf 82' lang='lat' dir='ltr'>bibliothecae</span> <span class='ocrx_word' id='word_1_15' title='bbox 693 1923 896 1991; x_wconf 87' lang='lat' dir='ltr'><strong>Borbonicae</strong></span> <span class='ocrx_word' id='word_1_16' title='bbox 917 1936 967 1991; x_wconf 90' lang='lat' dir='ltr'><strong>cst</strong></span> <span class='ocrx_word' id='word_1_17' title='bbox 982 1927 1030 1991; x_wconf 94' lang='lat' dir='ltr'><strong>IV</strong></span> <span class='ocrx_word' id='word_1_18' title='bbox 1048 1928 1079 1991; x_wconf 90' lang='lat' dir='ltr'><strong>A</strong></span> <span class='ocrx_word' id='word_1_19' title='bbox 1095 1932 1124 1993; x_wconf 91' lang='lat'><strong>8.</strong></span> <span class='ocrx_word' id='word_1_20' title='bbox 1141 1931 1169 1992; x_wconf 91' lang='lat' dir='ltr'><strong>is</strong></span> <span class='ocrx_word' id='word_1_21' title='bbox 1184 1928 1289 1992; x_wconf 81' lang='lat' dir='ltr'>codex</span> <span class='ocrx_word' id='word_1_22' title='bbox 1313 1929 1347 1992; x_wconf 93' lang='lat' dir='ltr'><strong>in</strong></span> 
     </span>
     <span class='ocr_line' id='line_1_4' title="bbox 59 2020 1347 2113; baseline 0.005 -28"><span class='ocrx_word' id='word_1_23' title='bbox 59 2024 251 2086; x_wconf 79' lang='lat' dir='ltr'><strong>membranis</strong></span> <span class='ocrx_word' id='word_1_24' title='bbox 274 2023 398 2090; x_wconf 87' lang='lat' dir='ltr'><strong>formae</strong></span> <span class='ocrx_word' id='word_1_25' title='bbox 420 2025 597 2109; x_wconf 83' lang='lat' dir='ltr'><strong>oblongae,</strong></span> <span class='ocrx_word' id='word_1_26' title='bbox 628 2047 725 2111; x_wconf 89' lang='lat' dir='ltr'><strong>quam</strong></span> <span class='ocrx_word' id='word_1_27' title='bbox 754 2027 855 2113; x_wconf 84' lang='lat' dir='ltr'><strong>vulgo</strong></span> <span class='ocrx_word' id='word_1_28' title='bbox 884 2028 1019 2095; x_wconf 85' lang='lat' dir='ltr'><strong>infolio</strong></span> <span class='ocrx_word' id='word_1_29' title='bbox 1046 2031 1171 2093; x_wconf 90' lang='lat' dir='ltr'><strong>minore</strong></span> <span class='ocrx_word' id='word_1_30' title='bbox 1197 2020 1347 2111; x_wconf 74' lang='lat' dir='ltr'><strong>dicimis,</strong></span> 
     </span>
     <span class='ocr_line' id='line_1_5' title="bbox 58 2124 1395 2217; baseline 0.004 -30"><span class='ocrx_word' id='word_1_31' title='bbox 58 2125 106 2187; x_wconf 84' lang='lat' dir='ltr'><strong>vel</strong></span> <span class='ocrx_word' id='word_1_32' title='bbox 132 2125 266 2187; x_wconf 89' lang='lat' dir='ltr'><strong>ineunte</strong></span> <span class='ocrx_word' id='word_1_33' title='bbox 296 2133 410 2191; x_wconf 88' lang='lat' dir='ltr'><strong>octavo</strong></span> <span class='ocrx_word' id='word_1_34' title='bbox 439 2124 568 2190; x_wconf 89' lang='lat' dir='ltr'><strong>saeculo</strong></span> <span class='ocrx_word' id='word_1_35' title='bbox 592 2125 646 2188; x_wconf 91' lang='lat' dir='ltr'><strong>vel</strong></span> <span class='ocrx_word' id='word_1_36' title='bbox 670 2135 810 2214; x_wconf 84' lang='lat' dir='ltr'><strong>exeunte</strong></span> <span class='ocrx_word' id='word_1_37' title='bbox 838 2130 975 2215; x_wconf 89' lang='lat' dir='ltr'><strong>septimo</strong></span> <span class='ocrx_word' id='word_1_38' title='bbox 999 2129 1096 2195; x_wconf 93' lang='lat' dir='ltr'><strong>Bobii</strong></span> <span class='ocrx_word' id='word_1_39' title='bbox 1129 2131 1269 2217; x_wconf 90' lang='lat' dir='ltr'><strong>scriptus</strong></span> <span class='ocrx_word' id='word_1_40' title='bbox 1298 2138 1349 2193; x_wconf 90' lang='lat' dir='ltr'><strong>cst</strong></span> <span class='ocrx_word' id='word_1_41' title='bbox 1390 2130 1395 2139; x_wconf 83' lang='lat'>&#39;</span> 
     </span>
     <span class='ocr_line' id='line_1_6' title="bbox 59 2225 1349 2316; baseline 0.005 -29"><span class='ocrx_word' id='word_1_42' title='bbox 59 2226 234 2310; x_wconf 76' lang='lat' dir='ltr'><strong>scripturae</strong></span> <span class='ocrx_word' id='word_1_43' title='bbox 257 2248 378 2309; x_wconf 88' lang='lat' dir='ltr'><strong>genere</strong></span> <span class='ocrx_word' id='word_1_44' title='bbox 401 2225 540 2316; x_wconf 89' lang='lat' dir='ltr'><strong>eoquod</strong></span> <span class='ocrx_word' id='word_1_45' title='bbox 564 2225 641 2289; x_wconf 93' lang='lat' dir='ltr'><strong>olim</strong></span> <span class='ocrx_word' id='word_1_46' title='bbox 656 2227 943 2312; x_wconf 87' lang='lat' dir='ltr'><strong>Longobardieum</strong></span> <span class='ocrx_word' id='word_1_47' title='bbox 960 2231 1069 2296; x_wconf 90' lang='lat' dir='ltr'><strong>dicere</strong></span> <span class='ocrx_word' id='word_1_48' title='bbox 1084 2231 1243 2314; x_wconf 90' lang='lat' dir='ltr'><strong>solebant,</strong></span> <span class='ocrx_word' id='word_1_49' title='bbox 1261 2254 1349 2295; x_wconf 92' lang='lat' dir='ltr'><strong>nunc</strong></span> 
     </span>
     <span class='ocr_line' id='line_1_7' title="bbox 60 2325 1453 2418; baseline 0.007 -31"><span class='ocrx_word' id='word_1_50' title='bbox 60 2325 122 2388; x_wconf 87' lang='lat' dir='ltr'><strong>fere</strong></span> <span class='ocrx_word' id='word_1_51' title='bbox 143 2325 405 2412; x_wconf 83' lang='lat' dir='ltr'><strong>Merovingicum</strong></span> <span class='ocrx_word' id='word_1_52' title='bbox 426 2328 591 2391; x_wconf 85' lang='lat' dir='ltr'><strong>cursivum</strong></span> <span class='ocrx_word' id='word_1_53' title='bbox 614 2327 669 2391; x_wconf 86' lang='lat' dir='ltr'><strong>vel</strong></span> <span class='ocrx_word' id='word_1_54' title='bbox 684 2328 987 2414; x_wconf 85' lang='lat' dir='ltr'><strong>Anglosaxonieum</strong></span> <span class='ocrx_word' id='word_1_55' title='bbox 1005 2332 1145 2396; x_wconf 90' lang='lat' dir='ltr'><strong>technici</strong></span> <span class='ocrx_word' id='word_1_56' title='bbox 1167 2331 1345 2418; x_wconf 87' lang='lat' dir='ltr'><strong>appellant.</strong></span> <span class='ocrx_word' id='word_1_57' title='bbox 1443 2395 1453 2404; x_wconf 80' lang='grc'><em>,</em></span> 
     </span>
    </p>
   </div>
   <div class='ocr_carea' id='block_1_4' title="bbox 59 2427 1473 2520">
    <p class='ocr_par' dir='ltr' id='par_1_4' title="bbox 59 2427 1473 2520">
     <span class='ocr_line' id='line_1_8' title="bbox 59 2427 1473 2520; baseline 0.004 -30"><span class='ocrx_word' id='word_1_58' title='bbox 59 2427 148 2492; x_wconf 89' lang='lat' dir='ltr'><strong>Bobii</strong></span> <span class='ocrx_word' id='word_1_59' title='bbox 175 2439 284 2492; x_wconf 88' lang='lat' dir='ltr'><strong>autem</strong></span> <span class='ocrx_word' id='word_1_60' title='bbox 308 2428 384 2494; x_wconf 91' lang='lat' dir='ltr'><strong>olim</strong></span> <span class='ocrx_word' id='word_1_61' title='bbox 409 2429 512 2492; x_wconf 85' lang='lat' dir='ltr'><strong>luisse</strong></span> <span class='ocrx_word' id='word_1_62' title='bbox 539 2429 658 2493; x_wconf 89' lang='lat' dir='ltr'><strong>librum</strong></span> <span class='ocrx_word' id='word_1_63' title='bbox 680 2454 754 2496; x_wconf 88' lang='lat' dir='ltr'><strong>cum</strong></span> <span class='ocrx_word' id='word_1_64' title='bbox 782 2456 822 2497; x_wconf 91' lang='lat' dir='ltr'><strong>ea</strong></span> <span class='ocrx_word' id='word_1_65' title='bbox 844 2455 928 2520; x_wconf 91' lang='lat' dir='ltr'><strong>quae</strong></span> <span class='ocrx_word' id='word_1_66' title='bbox 949 2433 983 2495; x_wconf 91' lang='lat' dir='ltr'><strong>in</strong></span> <span class='ocrx_word' id='word_1_67' title='bbox 1002 2432 1143 2496; x_wconf 80' lang='lat' dir='ltr'><strong>schedae</strong></span> <span class='ocrx_word' id='word_1_68' title='bbox 1163 2433 1348 2495; x_wconf 79' lang='lat' dir='ltr'><strong>tricesimae</strong></span> <span class='ocrx_word' id='word_1_69' title='bbox 1470 2503 1473 2510; x_wconf 61' lang='lat'><strong>.</strong></span> 
     </span>
    </p>
   </div>
   <div class='ocr_carea' id='block_1_5' title="bbox 53 2530 1430 4957">
    <p class='ocr_par' dir='ltr' id='par_1_5' title="bbox 53 2530 1430 4957">
     <span class='ocr_line' id='line_1_9' title="bbox 60 2530 1349 2620; baseline 0 -26"><span class='ocrx_word' id='word_1_70' title='bbox 60 2544 189 2595; x_wconf 82' lang='lat' dir='ltr'><strong>octavae</strong></span> <span class='ocrx_word' id='word_1_71' title='bbox 203 2530 354 2615; x_wconf 81' lang='lat' dir='ltr'><strong>margine</strong></span> <span class='ocrx_word' id='word_1_72' title='bbox 370 2540 496 2595; x_wconf 90' lang='lat' dir='ltr'><strong>summ&#39;o</strong></span> <span class='ocrx_word' id='word_1_73' title='bbox 511 2552 610 2595; x_wconf 92' lang='lat' dir='ltr'><strong>manu</strong></span> <span class='ocrx_word' id='word_1_74' title='bbox 626 2535 806 2598; x_wconf 89' lang='lat' dir='ltr'><strong>recentiore</strong></span> <span class='ocrx_word' id='word_1_75' title='bbox 821 2534 987 2620; x_wconf 88' lang='lat' dir='ltr'><strong>adscripta</strong></span> <span class='ocrx_word' id='word_1_76' title='bbox 1006 2543 1081 2597; x_wconf 90' lang='lat' dir='ltr'><strong>sunt</strong></span> <span class='ocrx_word' id='word_1_77' title='bbox 1095 2532 1229 2613; x_wconf 87' lang='lat' dir='ltr'><strong>docent,</strong></span> <span class='ocrx_word' id='word_1_78' title='bbox 1247 2531 1349 2596; x_wconf 74' lang='lat' dir='ltr'><strong>‘liber</strong></span> 
     </span>
     <span class='ocr_line' id='line_1_10' title="bbox 61 2625 1348 2722; baseline 0.003 -28"><span class='ocrx_word' id='word_1_79' title='bbox 61 2635 156 2697; x_wconf 88' lang='lat' dir='ltr'><strong>sancti</strong></span> <span class='ocrx_word' id='word_1_80' title='bbox 178 2632 405 2714; x_wconf 84' lang='lat' dir='ltr'><strong>Columbani&#39;,</strong></span> <span class='ocrx_word' id='word_1_81' title='bbox 433 2640 502 2696; x_wconf 92' lang='lat' dir='ltr'><strong>tum</strong></span> <span class='ocrx_word' id='word_1_82' title='bbox 530 2656 573 2698; x_wconf 89' lang='lat' dir='ltr'><strong>ex</strong></span> <span class='ocrx_word' id='word_1_83' title='bbox 599 2636 708 2700; x_wconf 90' lang='lat' dir='ltr'><strong>indice</strong></span> <span class='ocrx_word' id='word_1_84' title='bbox 735 2635 939 2722; x_wconf 86' lang='lat' dir='ltr'><strong>intellegitur</strong></span> <span class='ocrx_word' id='word_1_85' title='bbox 965 2625 1113 2698; x_wconf 90' lang='lat' dir='ltr'><strong>codicum</strong></span> <span class='ocrx_word' id='word_1_86' title='bbox 1136 2632 1348 2698; x_wconf 87' lang='lat' dir='ltr'><strong>Bobiensium</strong></span> 
     </span>
     <span class='ocr_line' id='line_1_11' title="bbox 60 2734 1348 2823; baseline 0.001 -26"><span class='ocrx_word' id='word_1_87' title='bbox 60 2735 267 2799; x_wconf 79' lang='lat' dir='ltr'><strong>ablutatorio</strong></span> <span class='ocrx_word' id='word_1_88' title='bbox 285 2736 387 2821; x_wconf 88' lang='lat' dir='ltr'><strong>antiq.</strong></span> <span class='ocrx_word' id='word_1_89' title='bbox 411 2736 484 2799; x_wconf 87' lang='lat' dir='ltr'><strong>Ital.</strong></span> <span class='ocrx_word' id='word_1_90' title='bbox 507 2734 561 2799; x_wconf 92' lang='lat' dir='ltr'><strong>III</strong></span> <span class='ocrx_word' id='word_1_91' title='bbox 582 2760 613 2823; x_wconf 90' lang='lat' dir='ltr'><strong>p.</strong></span> <span class='ocrx_word' id='word_1_92' title='bbox 639 2738 701 2800; x_wconf 86' lang='lat'><strong>817</strong></span> <span class='ocrx_word' id='word_1_93' title='bbox 725 2761 795 2823; x_wconf 89' lang='lat' dir='ltr'><strong>sqq.</strong></span> <span class='ocrx_word' id='word_1_94' title='bbox 819 2738 906 2802; x_wconf 91' lang='lat' dir='ltr'><strong>edito</strong></span> <span class='ocrx_word' id='word_1_95' title='bbox 930 2735 1060 2800; x_wconf 90' lang='lat' dir='ltr'><strong>saeculo</strong></span> <span class='ocrx_word' id='word_1_96' title='bbox 1081 2735 1225 2818; x_wconf 90' lang='lat' dir='ltr'><strong>decimo,</strong></span> <span class='ocrx_word' id='word_1_97' title='bbox 1247 2748 1284 2799; x_wconf 90' lang='lat' dir='ltr'><strong>ut</strong></span> <span class='ocrx_word' id='word_1_98' title='bbox 1299 2734 1348 2798; x_wconf 94' lang='lat' dir='ltr'><strong>illi</strong></span> 
     </span>
     <span class='ocr_line' id='line_1_12' title="bbox 62 2835 1350 2925; baseline 0.002 -28"><span class='ocrx_word' id='word_1_99' title='bbox 62 2835 242 2919; x_wconf 80' lang='lat' dir='ltr'><strong>ridebatur,</strong></span> <span class='ocrx_word' id='word_1_100' title='bbox 266 2837 402 2922; x_wconf 90' lang='lat' dir='ltr'><strong>scripto,</strong></span> <span class='ocrx_word' id='word_1_101' title='bbox 427 2838 461 2900; x_wconf 93' lang='lat' dir='ltr'><strong>in</strong></span> <span class='ocrx_word' id='word_1_102' title='bbox 483 2859 547 2923; x_wconf 94' lang='lat' dir='ltr'><strong>quo</strong></span> <span class='ocrx_word' id='word_1_103' title='bbox 569 2859 601 2922; x_wconf 90' lang='lat' dir='ltr'><strong>p.</strong></span> <span class='ocrx_word' id='word_1_104' title='bbox 630 2840 686 2902; x_wconf 79' lang='lat'><strong>821</strong></span> <span class='ocrx_word' id='word_1_105' title='bbox 714 2838 950 2925; x_wconf 90' lang='lat' dir='ltr'><strong>Neapolitanus</strong></span> <span class='ocrx_word' id='word_1_106' title='bbox 979 2835 1086 2901; x_wconf 88' lang='lat' dir='ltr'><strong>codex</strong></span> <span class='ocrx_word' id='word_1_107' title='bbox 1110 2836 1272 2901; x_wconf 84' lang='lat' dir='ltr'><strong>indicatus</strong></span> <span class='ocrx_word' id='word_1_108' title='bbox 1299 2846 1350 2900; x_wconf 87' lang='lat' dir='ltr'><strong>est</strong></span> 
     </span>
     <span class='ocr_line' id='line_1_13' title="bbox 62 2936 1348 3024; baseline 0.001 -25"><span class='ocrx_word' id='word_1_109' title='bbox 62 2937 119 3016; x_wconf 86' lang='lat' dir='ltr'><strong>ita,</strong></span> <span class='ocrx_word' id='word_1_110' title='bbox 138 2936 243 3002; x_wconf 74' lang='lat' dir='ltr'><strong>‘liber</strong></span> <span class='ocrx_word' id='word_1_111' title='bbox 257 2938 419 3024; x_wconf 85' lang='lat' dir='ltr'><strong>Sosipatri</strong></span> <span class='ocrx_word' id='word_1_112' title='bbox 434 2938 461 3002; x_wconf 94' lang='grc' dir='ltr'><strong>Ι.</strong></span> <span class='ocrx_word' id='word_1_113' title='bbox 480 2940 516 3001; x_wconf 87' lang='lat' dir='ltr'><strong>in</strong></span> <span class='ocrx_word' id='word_1_114' title='bbox 535 2961 599 3024; x_wconf 91' lang='lat' dir='ltr'><strong>quo</strong></span> <span class='ocrx_word' id='word_1_115' title='bbox 617 2941 801 3005; x_wconf 88' lang='lat' dir='ltr'><strong>continetur</strong></span> <span class='ocrx_word' id='word_1_116' title='bbox 817 2939 919 3004; x_wconf 87' lang='lat' dir='ltr'><strong>Liber</strong></span> <span class='ocrx_word' id='word_1_117' title='bbox 932 2938 1202 3002; x_wconf 82' lang='lat' dir='ltr'><strong>Differentiamm</strong></span> <span class='ocrx_word' id='word_1_118' title='bbox 1218 2937 1348 3000; x_wconf 89' lang='lat' dir='ltr'><strong>Plinii&#39;.</strong></span> 
     </span>
     <span class='ocr_line' id='line_1_14' title="bbox 61 3037 1350 3127; baseline 0.001 -27"><span class='ocrx_word' id='word_1_119' title='bbox 61 3037 166 3102; x_wconf 88' lang='lat' dir='ltr'><strong>eodem</strong></span> <span class='ocrx_word' id='word_1_120' title='bbox 191 3041 355 3125; x_wconf 83' lang='lat' dir='ltr'><strong>pertinere</strong></span> <span class='ocrx_word' id='word_1_121' title='bbox 381 3051 520 3125; x_wconf 89' lang='lat' dir='ltr'><strong>possunt</strong></span> <span class='ocrx_word' id='word_1_122' title='bbox 547 3041 628 3106; x_wconf 89' lang='lat' dir='ltr'><strong>haee</strong></span> <span class='ocrx_word' id='word_1_123' title='bbox 650 3043 800 3127; x_wconf 88' lang='lat' dir='ltr'><strong>quamvis</strong></span> <span class='ocrx_word' id='word_1_124' title='bbox 827 3042 936 3106; x_wconf 89' lang='lat' dir='ltr'><strong>minus</strong></span> <span class='ocrx_word' id='word_1_125' title='bbox 964 3051 1117 3104; x_wconf 89' lang='lat' dir='ltr'><strong>accurate</strong></span> <span class='ocrx_word' id='word_1_126' title='bbox 1144 3040 1288 3104; x_wconf 90' lang='lat' dir='ltr'><strong>indicata</strong></span> <span class='ocrx_word' id='word_1_127' title='bbox 1315 3040 1350 3101; x_wconf 90' lang='lat' dir='ltr'><strong>in</strong></span> 
     </span>
     <span class='ocr_line' id='line_1_15' title="bbox 62 3141 1349 3228; baseline -0.001 -25"><span class='ocrx_word' id='word_1_128' title='bbox 62 3143 257 3205; x_wconf 80' lang='lat' dir='ltr'><strong>‘inventario</strong></span> <span class='ocrx_word' id='word_1_129' title='bbox 277 3141 435 3206; x_wconf 88' lang='lat' dir='ltr'><strong>librorum</strong></span> <span class='ocrx_word' id='word_1_130' title='bbox 459 3142 649 3206; x_wconf 89' lang='lat' dir='ltr'><strong>monasterii</strong></span> <span class='ocrx_word' id='word_1_131' title='bbox 671 3142 703 3206; x_wconf 79' lang='lat' dir='ltr'><strong>S.</strong></span> <span class='ocrx_word' id='word_1_132' title='bbox 724 3141 919 3207; x_wconf 86' lang='lat' dir='ltr'><strong>Columbani</strong></span> <span class='ocrx_word' id='word_1_133' title='bbox 943 3143 983 3207; x_wconf 91' lang='lat' dir='ltr'><strong>de</strong></span> <span class='ocrx_word' id='word_1_134' title='bbox 1005 3142 1125 3224; x_wconf 90' lang='lat' dir='ltr'><strong>Bobio,</strong></span> <span class='ocrx_word' id='word_1_135' title='bbox 1148 3141 1234 3228; x_wconf 93' lang='lat' dir='ltr'><strong>quod</strong></span> <span class='ocrx_word' id='word_1_136' title='bbox 1256 3160 1349 3203; x_wconf 89' lang='lat' dir='ltr'><strong>reno-</strong></span> 
     </span>
     <span class='ocr_line' id='line_1_16' title="bbox 63 3240 1349 3330; baseline -0.001 -25"><span class='ocrx_word' id='word_1_137' title='bbox 63 3253 166 3306; x_wconf 81' lang='lat' dir='ltr'><strong>vatum</strong></span> <span class='ocrx_word' id='word_1_138' title='bbox 182 3243 246 3306; x_wconf 86' lang='lat' dir='ltr'><strong>fuit</strong></span> <span class='ocrx_word' id='word_1_139' title='bbox 264 3244 298 3306; x_wconf 94' lang='lat' dir='ltr'><strong>in</strong></span> <span class='ocrx_word' id='word_1_140' title='bbox 316 3241 426 3325; x_wconf 73' lang='grc'><strong>1461”,</strong></span> <span class='ocrx_word' id='word_1_141' title='bbox 449 3243 535 3329; x_wconf 93' lang='lat' dir='ltr'><strong>quod</strong></span> <span class='ocrx_word' id='word_1_142' title='bbox 557 3243 723 3308; x_wconf 88' lang='lat' dir='ltr'><strong>Amedeus</strong></span> <span class='ocrx_word' id='word_1_143' title='bbox 742 3240 872 3328; x_wconf 86' lang='lat' dir='ltr'><strong>Peyron</strong></span> <span class='ocrx_word' id='word_1_144' title='bbox 893 3254 967 3330; x_wconf 89' lang='lat' dir='ltr'><strong>post</strong></span> <span class='ocrx_word' id='word_1_145' title='bbox 984 3243 1152 3310; x_wconf 83' lang='lat' dir='ltr'><strong>Ciceronis</strong></span> <span class='ocrx_word' id='word_1_146' title='bbox 1166 3243 1349 3307; x_wconf 91' lang='lat' dir='ltr'><strong>orationum</strong></span> 
     </span>
     <span class='ocr_line' id='line_1_17' title="bbox 62 3342 1350 3430; baseline -0.002 -23"><span class='ocrx_word' id='word_1_147' title='bbox 62 3367 114 3429; x_wconf 88' lang='lat' dir='ltr'><strong>pro</strong></span> <span class='ocrx_word' id='word_1_148' title='bbox 136 3344 258 3408; x_wconf 82' lang='lat' dir='ltr'><strong>Scauro</strong></span> <span class='ocrx_word' id='word_1_149' title='bbox 281 3351 343 3408; x_wconf 89' lang='lat' dir='ltr'><strong>etc.</strong></span> <span class='ocrx_word' id='word_1_150' title='bbox 366 3343 551 3429; x_wconf 79' lang='lat' dir='ltr'><strong>fragmenta</strong></span> <span class='ocrx_word' id='word_1_151' title='bbox 573 3342 690 3425; x_wconf 89' lang='lat' dir='ltr'><strong>edidit,</strong></span> <span class='ocrx_word' id='word_1_152' title='bbox 720 3367 751 3430; x_wconf 93' lang='lat' dir='ltr'><strong>p.</strong></span> <span class='ocrx_word' id='word_1_153' title='bbox 774 3348 815 3406; x_wconf 80' lang='lat'><strong>45</strong></span> <span class='ocrx_word' id='word_1_154' title='bbox 837 3345 910 3410; x_wconf 89' lang='lat' dir='ltr'><strong>cod.</strong></span> <span class='ocrx_word' id='word_1_155' title='bbox 936 3350 995 3410; x_wconf 81' lang='lat'><strong>165</strong></span> <span class='ocrx_word' id='word_1_156' title='bbox 1025 3347 1085 3411; x_wconf 83' lang='lat' dir='ltr'><strong>‘de</strong></span> <span class='ocrx_word' id='word_1_157' title='bbox 1113 3343 1350 3409; x_wconf 82' lang='lat' dir='ltr'><strong>subtilitatibus</strong></span> 
     </span>
     <span class='ocr_line' id='line_1_18' title="bbox 61 3442 1348 3533; baseline -0.001 -24"><span class='ocrx_word' id='word_1_158' title='bbox 61 3445 346 3530; x_wconf 77' lang='lat' dir='ltr'><strong>grammaticalium</strong></span> <span class='ocrx_word' id='word_1_159' title='bbox 362 3453 394 3508; x_wconf 89' lang='lat' dir='ltr'><strong>et</strong></span> <span class='ocrx_word' id='word_1_160' title='bbox 412 3456 588 3511; x_wconf 86' lang='lat' dir='ltr'><strong>metrorum</strong></span> <span class='ocrx_word' id='word_1_161' title='bbox 603 3442 848 3531; x_wconf 89' lang='lat' dir='ltr'><strong>compositione.</strong></span> <span class='ocrx_word' id='word_1_162' title='bbox 891 3446 1041 3526; x_wconf 79' lang='lat' dir='ltr'><strong>Qucdam</strong></span> <span class='ocrx_word' id='word_1_163' title='bbox 1059 3447 1100 3511; x_wconf 90' lang='lat' dir='ltr'><strong>de</strong></span> <span class='ocrx_word' id='word_1_164' title='bbox 1115 3446 1231 3533; x_wconf 85' lang='lat' dir='ltr'><strong>poetis.</strong></span> <span class='ocrx_word' id='word_1_165' title='bbox 1271 3445 1348 3509; x_wconf 88' lang='lat' dir='ltr'><strong>Cro·</strong></span> 
     </span>
     <span class='ocr_line' id='line_1_19' title="bbox 61 3546 1350 3635; baseline 0.001 -26"><span class='ocrx_word' id='word_1_166' title='bbox 61 3549 131 3610; x_wconf 89' lang='lat' dir='ltr'><strong>nica</strong></span> <span class='ocrx_word' id='word_1_167' title='bbox 145 3548 285 3634; x_wconf 88' lang='lat' dir='ltr'><strong>quedam</strong></span> <span class='ocrx_word' id='word_1_168' title='bbox 301 3547 413 3611; x_wconf 84' lang='lat' dir='ltr'><strong>brevis</strong></span> <span class='ocrx_word' id='word_1_169' title='bbox 429 3548 470 3612; x_wconf 88' lang='lat' dir='ltr'><strong>do</strong></span> <span class='ocrx_word' id='word_1_170' title='bbox 492 3546 743 3635; x_wconf 88' lang='lat' dir='ltr'><strong>imperatoribus</strong></span> <span class='ocrx_word' id='word_1_171' title='bbox 762 3568 980 3612; x_wconf 87' lang='lat' dir='ltr'><strong>romanorum.</strong></span> <span class='ocrx_word' id='word_1_172' title='bbox 1027 3549 1130 3613; x_wconf 83' lang='lat' dir='ltr'><strong>Gesta</strong></span> <span class='ocrx_word' id='word_1_173' title='bbox 1152 3569 1350 3611; x_wconf 90' lang='lat' dir='ltr'><strong>summorum</strong></span> 
     </span>
     <span class='ocr_line' id='line_1_20' title="bbox 60 3646 1351 3734; baseline 0 -22"><span class='ocrx_word' id='word_1_174' title='bbox 60 3649 243 3734; x_wconf 86' lang='lat' dir='ltr'><strong>pontificum</strong></span> <span class='ocrx_word' id='word_1_175' title='bbox 265 3648 472 3734; x_wconf 89' lang='lat' dir='ltr'><strong>incompleta.</strong></span> <span class='ocrx_word' id='word_1_176' title='bbox 517 3655 548 3713; x_wconf 89' lang='lat' dir='ltr'><strong>in</strong></span> <span class='ocrx_word' id='word_1_177' title='bbox 570 3648 680 3713; x_wconf 90' lang='lat' dir='ltr'><strong>littera</strong></span> <span class='ocrx_word' id='word_1_178' title='bbox 701 3646 905 3732; x_wconf 87' lang='lat' dir='ltr'><strong>longobarda</strong></span> <span class='ocrx_word' id='word_1_179' title='bbox 935 3648 1075 3713; x_wconf 87' lang='lat' dir='ltr'><strong>obscura</strong></span> <span class='ocrx_word' id='word_1_180' title='bbox 1096 3660 1128 3714; x_wconf 86' lang='lat' dir='ltr'><strong>et</strong></span> <span class='ocrx_word' id='word_1_181' title='bbox 1157 3647 1287 3713; x_wconf 86' lang='lat' dir='ltr'><strong>difficili</strong></span> <span class='ocrx_word' id='word_1_182' title='bbox 1308 3648 1351 3712; x_wconf 92' lang='lat' dir='ltr'><strong>ad</strong></span> 
     </span>
     <span class='ocr_line' id='line_1_21' title="bbox 60 3748 1352 3837; baseline 0.002 -26"><span class='ocrx_word' id='word_1_183' title='bbox 60 3748 259 3834; x_wconf 81' lang='lat' dir='ltr'><strong>legendnm’.</strong></span> <span class='ocrx_word' id='word_1_184' title='bbox 304 3749 429 3837; x_wconf 89' lang='lat' dir='ltr'><strong>aliquot</strong></span> <span class='ocrx_word' id='word_1_185' title='bbox 450 3753 545 3815; x_wconf 86' lang='lat' dir='ltr'><strong>annis</strong></span> <span class='ocrx_word' id='word_1_186' title='bbox 568 3759 676 3813; x_wconf 90' lang='lat' dir='ltr'><strong>autem</strong></span> <span class='ocrx_word' id='word_1_187' title='bbox 704 3758 876 3835; x_wconf 85' lang='lat' dir='ltr'><strong>postquam</strong></span> <span class='ocrx_word' id='word_1_188' title='bbox 900 3750 982 3813; x_wconf 90' lang='lat' dir='ltr'><strong>haec</strong></span> <span class='ocrx_word' id='word_1_189' title='bbox 1006 3751 1129 3837; x_wconf 88' lang='lat' dir='ltr'><strong>scripta</strong></span> <span class='ocrx_word' id='word_1_190' title='bbox 1152 3760 1226 3815; x_wconf 91' lang='lat' dir='ltr'><strong>sunt</strong></span> <span class='ocrx_word' id='word_1_191' title='bbox 1246 3751 1352 3815; x_wconf 81' lang='lat' dir='ltr'><strong>codex</strong></span> 
     </span>
     <span class='ocr_line' id='line_1_22' title="bbox 59 3837 1350 3917; baseline -0.001 -2"><span class='ocrx_word' id='word_1_192' title='bbox 59 3851 248 3915; x_wconf 89' lang='lat' dir='ltr'><strong>eBobiensi</strong></span> <span class='ocrx_word' id='word_1_193' title='bbox 266 3851 465 3917; x_wconf 88' lang='lat' dir='ltr'><strong>bibliotheca</strong></span> <span class='ocrx_word' id='word_1_194' title='bbox 488 3852 617 3916; x_wconf 89' lang='lat' dir='ltr'><strong>ablatus</strong></span> <span class='ocrx_word' id='word_1_195' title='bbox 640 3861 672 3915; x_wconf 90' lang='lat' dir='ltr'><strong>et</strong></span> <span class='ocrx_word' id='word_1_196' title='bbox 696 3850 768 3914; x_wconf 90' lang='lat' dir='ltr'><strong>Iani</strong></span> <span class='ocrx_word' id='word_1_197' title='bbox 785 3851 951 3915; x_wconf 85' lang='lat' dir='ltr'><strong>Parrhasii</strong></span> <span class='ocrx_word' id='word_1_198' title='bbox 968 3837 1139 3917; x_wconf 79' lang='lat' dir='ltr'><strong>Oosentini</strong></span> <span class='ocrx_word' id='word_1_199' title='bbox 1159 3853 1267 3917; x_wconf 84' lang='lat' dir='ltr'><strong>factus</strong></span> <span class='ocrx_word' id='word_1_200' title='bbox 1290 3860 1350 3916; x_wconf 91' lang='lat' dir='ltr'><strong>est.</strong></span> 
     </span>
     <span class='ocr_line' id='line_1_23' title="bbox 57 3952 1430 4042; baseline -0.004 -26"><span class='ocrx_word' id='word_1_201' title='bbox 57 3952 142 4040; x_wconf 89' lang='lat' dir='ltr'><strong>quod</strong></span> <span class='ocrx_word' id='word_1_202' title='bbox 162 3974 228 4039; x_wconf 87' lang='lat' dir='ltr'><strong>quo</strong></span> <span class='ocrx_word' id='word_1_203' title='bbox 250 3962 395 4038; x_wconf 89' lang='lat' dir='ltr'><strong>tempore</strong></span> <span class='ocrx_word' id='word_1_204' title='bbox 416 3976 522 4042; x_wconf 89' lang='lat' dir='ltr'><strong>quove</strong></span> <span class='ocrx_word' id='word_1_205' title='bbox 548 3976 626 4018; x_wconf 88' lang='lat' dir='ltr'><strong>casu</strong></span> <span class='ocrx_word' id='word_1_206' title='bbox 649 3953 770 4016; x_wconf 82' lang='lat' dir='ltr'><strong>iactum</strong></span> <span class='ocrx_word' id='word_1_207' title='bbox 796 3954 839 4016; x_wconf 93' lang='lat' dir='ltr'><strong>sit</strong></span> <span class='ocrx_word' id='word_1_208' title='bbox 867 3973 1062 4040; x_wconf 86' lang='lat' dir='ltr'><strong>quamquam</strong></span> <span class='ocrx_word' id='word_1_209' title='bbox 1094 3975 1159 4018; x_wconf 91' lang='lat' dir='ltr'><strong>non</strong></span> <span class='ocrx_word' id='word_1_210' title='bbox 1180 3954 1308 4040; x_wconf 90' lang='lat' dir='ltr'><strong>reperio</strong></span> <span class='ocrx_word' id='word_1_211' title='bbox 1331 3973 1351 4014; x_wconf 95' lang='lat' dir='ltr'><strong>a</strong></span> <span class='ocrx_word' id='word_1_212' title='bbox 1425 4004 1430 4010; x_wconf 83' lang='grc'><strong>,</strong></span> 
     </span>
     <span class='ocr_line' id='line_1_24' title="bbox 57 4054 1349 4141; baseline -0.002 -23"><span class='ocrx_word' id='word_1_213' title='bbox 57 4077 217 4141; x_wconf 88' lang='lat' dir='ltr'><strong>quoquam</strong></span> <span class='ocrx_word' id='word_1_214' title='bbox 238 4059 413 4120; x_wconf 88' lang='lat' dir='ltr'><strong>memoriae</strong></span> <span class='ocrx_word' id='word_1_215' title='bbox 435 4055 590 4119; x_wconf 88' lang='lat' dir='ltr'><strong>traditum</strong></span> <span class='ocrx_word' id='word_1_216' title='bbox 613 4076 700 4137; x_wconf 88' lang='lat' dir='ltr'><strong>esse,</strong></span> <span class='ocrx_word' id='word_1_217' title='bbox 721 4064 845 4137; x_wconf 88' lang='lat' dir='ltr'><strong>tamen,</strong></span> <span class='ocrx_word' id='word_1_218' title='bbox 866 4054 1019 4141; x_wconf 88' lang='lat' dir='ltr'><strong>quoniam</strong></span> <span class='ocrx_word' id='word_1_219' title='bbox 1037 4055 1078 4119; x_wconf 91' lang='lat' dir='ltr'><strong>de</strong></span> <span class='ocrx_word' id='word_1_220' title='bbox 1100 4056 1193 4120; x_wconf 91' lang='lat' dir='ltr'><strong>libris</strong></span> <span class='ocrx_word' id='word_1_221' title='bbox 1208 4054 1349 4119; x_wconf 90' lang='lat' dir='ltr'><strong>Bobien-</strong></span> 
     </span>
     <span class='ocr_line' id='line_1_25' title="bbox 55 4154 1350 4249; baseline -0.002 -31"><span class='ocrx_word' id='word_1_222' title='bbox 55 4158 144 4220; x_wconf 90' lang='lat' dir='ltr'><strong>sibus</strong></span> <span class='ocrx_word' id='word_1_223' title='bbox 172 4179 253 4244; x_wconf 90' lang='lat' dir='ltr'><strong>qnos</strong></span> <span class='ocrx_word' id='word_1_224' title='bbox 282 4157 359 4221; x_wconf 94' lang='lat' dir='ltr'><strong>olim</strong></span> <span class='ocrx_word' id='word_1_225' title='bbox 381 4158 574 4222; x_wconf 87' lang='lat' dir='ltr'><strong>Parrhasius</strong></span> <span class='ocrx_word' id='word_1_226' title='bbox 603 4155 792 4249; x_wconf 88' lang='lat' dir='ltr'><strong>possidebat</strong></span> <span class='ocrx_word' id='word_1_227' title='bbox 821 4155 952 4240; x_wconf 87' lang='lat' dir='ltr'><strong>saepius</strong></span> <span class='ocrx_word' id='word_1_228' title='bbox 975 4155 1056 4219; x_wconf 91' lang='lat' dir='ltr'><strong>mihi</strong></span> <span class='ocrx_word' id='word_1_229' title='bbox 1079 4154 1252 4221; x_wconf 90' lang='lat' dir='ltr'><strong>dicendum</strong></span> <span class='ocrx_word' id='word_1_230' title='bbox 1279 4173 1350 4216; x_wconf 85' lang='lat' dir='ltr'><strong>esse</strong></span> 
     </span>
     <span class='ocr_line' id='line_1_26' title="bbox 56 4254 1347 4358; baseline -0.005 -36"><span class='ocrx_word' id='word_1_231' title='bbox 56 4258 176 4346; x_wconf 79' lang='lat' dir='ltr'><strong>video,</strong></span> <span class='ocrx_word' id='word_1_232' title='bbox 191 4280 276 4346; x_wconf 89' lang='lat' dir='ltr'><strong>quae</strong></span> <span class='ocrx_word' id='word_1_233' title='bbox 293 4281 332 4323; x_wconf 90' lang='lat' dir='ltr'><strong>ea</strong></span> <span class='ocrx_word' id='word_1_234' title='bbox 346 4259 387 4324; x_wconf 92' lang='lat' dir='ltr'><strong>de</strong></span> <span class='ocrx_word' id='word_1_235' title='bbox 402 4281 437 4322; x_wconf 91' lang='lat' dir='ltr'><strong>re</strong></span> <span class='ocrx_word' id='word_1_236' title='bbox 453 4258 623 4343; x_wconf 87' lang='lat' dir='ltr'><strong>explorata</strong></span> <span class='ocrx_word' id='word_1_237' title='bbox 645 4269 720 4321; x_wconf 87' lang='lat' dir='ltr'><strong>sunt</strong></span> <span class='ocrx_word' id='word_1_238' title='bbox 734 4257 795 4321; x_wconf 90' lang='lat' dir='ltr'><strong>hoe</strong></span> <span class='ocrx_word' id='word_1_239' title='bbox 818 4256 888 4321; x_wconf 91' lang='lat' dir='ltr'><strong>loco</strong></span> <span class='ocrx_word' id='word_1_240' title='bbox 907 4277 1079 4342; x_wconf 83' lang='lat' dir='ltr'><strong>exponam.</strong></span> <span class='ocrx_word' id='word_1_241' title='bbox 1124 4257 1265 4343; x_wconf 92' lang='lat' dir='ltr'><strong>primum</strong></span> <span class='ocrx_word' id='word_1_242' title='bbox 1287 4254 1347 4358; x_wconf 70' lang='lat' dir='ltr'>igi-</span> 
     </span>
     <span class='ocr_line' id='line_1_27' title="bbox 55 4353 1348 4446; baseline -0.005 -20"><span class='ocrx_word' id='word_1_243' title='bbox 55 4374 106 4426; x_wconf 89' lang='lat' dir='ltr'><strong>tnr</strong></span> <span class='ocrx_word' id='word_1_244' title='bbox 138 4361 321 4446; x_wconf 88' lang='lat' dir='ltr'><strong>Georgium</strong></span> <span class='ocrx_word' id='word_1_245' title='bbox 347 4361 520 4441; x_wconf 89' lang='lat' dir='ltr'><strong>Merulam,</strong></span> <span class='ocrx_word' id='word_1_246' title='bbox 550 4361 605 4445; x_wconf 92' lang='lat' dir='ltr'><strong>qui</strong></span> <span class='ocrx_word' id='word_1_247' title='bbox 632 4360 724 4422; x_wconf 86' lang='lat' dir='ltr'><strong>iussu</strong></span> <span class='ocrx_word' id='word_1_248' title='bbox 748 4357 910 4421; x_wconf 91' lang='lat' dir='ltr'><strong>Ludovici</strong></span> <span class='ocrx_word' id='word_1_249' title='bbox 932 4356 1059 4423; x_wconf 90' lang='lat' dir='ltr'><strong>Mariae</strong></span> <span class='ocrx_word' id='word_1_250' title='bbox 1081 4358 1224 4425; x_wconf 76' lang='lat' dir='ltr'><strong>Stortiae</strong></span> <span class='ocrx_word' id='word_1_251' title='bbox 1255 4353 1348 4419; x_wconf 90' lang='lat' dir='ltr'><strong>ducis</strong></span> 
     </span>
     <span class='ocr_line' id='line_1_28' title="bbox 56 4455 1351 4545; baseline -0.005 -19"><span class='ocrx_word' id='word_1_252' title='bbox 56 4462 314 4529; x_wconf 82' lang='lat' dir='ltr'><strong>llcdiolanensis</strong></span> <span class='ocrx_word' id='word_1_253' title='bbox 333 4483 419 4525; x_wconf 88' lang='lat' dir='ltr'><strong>anno</strong></span> <span class='ocrx_word' id='word_1_254' title='bbox 443 4463 524 4524; x_wconf 80' lang='lat'>1493</span> <span class='ocrx_word' id='word_1_255' title='bbox 546 4460 687 4525; x_wconf 91' lang='lat' dir='ltr'><strong>Bobium</strong></span> <span class='ocrx_word' id='word_1_256' title='bbox 706 4458 873 4545; x_wconf 88' lang='lat' dir='ltr'><strong>profectus</strong></span> <span class='ocrx_word' id='word_1_257' title='bbox 891 4469 956 4542; x_wconf 88' lang='lat' dir='ltr'><strong>cst,</strong></span> <span class='ocrx_word' id='word_1_258' title='bbox 976 4460 1194 4526; x_wconf 91' lang='lat' dir='ltr'><strong>bibliothecae</strong></span> <span class='ocrx_word' id='word_1_259' title='bbox 1210 4455 1351 4520; x_wconf 90' lang='lat' dir='ltr'><strong>Bobien-</strong></span> 
     </span>
     <span class='ocr_line' id='line_1_29' title="bbox 56 4557 1352 4643; baseline -0.006 -16"><span class='ocrx_word' id='word_1_260' title='bbox 56 4567 99 4629; x_wconf 86' lang='lat' dir='ltr'><strong>sis</strong></span> <span class='ocrx_word' id='word_1_261' title='bbox 123 4566 246 4629; x_wconf 88' lang='lat' dir='ltr'><strong>famam</strong></span> <span class='ocrx_word' id='word_1_262' title='bbox 265 4565 353 4627; x_wconf 90' lang='lat' dir='ltr'><strong>inter</strong></span> <span class='ocrx_word' id='word_1_263' title='bbox 373 4561 472 4627; x_wconf 89' lang='lat' dir='ltr'><strong>Italos</strong></span> <span class='ocrx_word' id='word_1_264' title='bbox 495 4563 708 4626; x_wconf 84' lang='lat' dir='ltr'><strong>suscitavisse</strong></span> <span class='ocrx_word' id='word_1_265' title='bbox 730 4568 873 4624; x_wconf 90' lang='lat' dir='ltr'><strong>constat:</strong></span> <span class='ocrx_word' id='word_1_266' title='bbox 896 4557 939 4622; x_wconf 87' lang='lat' dir='ltr'><strong>cf.</strong></span> <span class='ocrx_word' id='word_1_267' title='bbox 959 4562 1036 4624; x_wconf 82' lang='lat' dir='ltr'><strong>Sex.</strong></span> <span class='ocrx_word' id='word_1_268' title='bbox 1063 4559 1176 4622; x_wconf 91' lang='lat' dir='ltr'><strong>histor.</strong></span> <span class='ocrx_word' id='word_1_269' title='bbox 1198 4566 1352 4643; x_wconf 86' lang='lat' dir='ltr'><strong>typogra-</strong></span> 
     </span>
     <span class='ocr_line' id='line_1_30' title="bbox 54 4658 1351 4753; baseline -0.006 -22"><span class='ocrx_word' id='word_1_270' title='bbox 54 4665 276 4753; x_wconf 89' lang='lat' dir='ltr'><strong>phico-litter.</strong></span> <span class='ocrx_word' id='word_1_271' title='bbox 300 4663 434 4727; x_wconf 85' lang='lat' dir='ltr'><strong>Mediol.</strong></span> <span class='ocrx_word' id='word_1_272' title='bbox 450 4686 481 4749; x_wconf 94' lang='lat' dir='ltr'><strong>p.</strong></span> <span class='ocrx_word' id='word_1_273' title='bbox 498 4662 554 4729; x_wconf 81' lang='lat' dir='ltr'><strong>CC</strong></span> <span class='ocrx_word' id='word_1_274' title='bbox 576 4663 707 4750; x_wconf 90' lang='lat' dir='ltr'><strong>Peyron</strong></span> <span class='ocrx_word' id='word_1_275' title='bbox 727 4665 768 4728; x_wconf 91' lang='lat' dir='ltr'><strong>de</strong></span> <span class='ocrx_word' id='word_1_276' title='bbox 789 4664 870 4729; x_wconf 91' lang='lat' dir='ltr'><strong>bibl.</strong></span> <span class='ocrx_word' id='word_1_277' title='bbox 891 4661 973 4727; x_wconf 85' lang='lat' dir='ltr'><strong>Bob.</strong></span> <span class='ocrx_word' id='word_1_278' title='bbox 996 4668 1165 4724; x_wconf 88' lang='lat' dir='ltr'><strong>comment.</strong></span> <span class='ocrx_word' id='word_1_279' title='bbox 1182 4681 1214 4744; x_wconf 92' lang='lat' dir='ltr'><strong>p.</strong></span> <span class='ocrx_word' id='word_1_280' title='bbox 1233 4658 1351 4723; x_wconf 91' lang='lat' dir='ltr'>XVIII</span> 
     </span>
     <span class='ocr_line' id='line_1_31' title="bbox 54 4759 1354 4855; baseline -0.005 -24"><span class='ocrx_word' id='word_1_281' title='bbox 54 4791 120 4855; x_wconf 84' lang='lat' dir='ltr'><strong>sqq.</strong></span> <span class='ocrx_word' id='word_1_282' title='bbox 148 4790 188 4832; x_wconf 93' lang='lat' dir='ltr'><strong>eo</strong></span> <span class='ocrx_word' id='word_1_283' title='bbox 214 4773 355 4830; x_wconf 87' lang='lat' dir='ltr'><strong>auctore</strong></span> <span class='ocrx_word' id='word_1_284' title='bbox 380 4785 452 4827; x_wconf 92' lang='lat' dir='ltr'><strong>cum</strong></span> <span class='ocrx_word' id='word_1_285' title='bbox 479 4765 526 4829; x_wconf 94' lang='lat' dir='ltr'><strong>ibi</strong></span> <span class='ocrx_word' id='word_1_286' title='bbox 552 4764 724 4850; x_wconf 89' lang='lat' dir='ltr'><strong>conplures</strong></span> <span class='ocrx_word' id='word_1_287' title='bbox 752 4765 828 4829; x_wconf 89' lang='lat' dir='ltr'><strong>libri</strong></span> <span class='ocrx_word' id='word_1_288' title='bbox 855 4761 1140 4848; x_wconf 86' lang='lat' dir='ltr'><strong>grammaticorum</strong></span> <span class='ocrx_word' id='word_1_289' title='bbox 1162 4759 1354 4824; x_wconf 90' lang='lat' dir='ltr'><strong>Latinorum</strong></span> 
     </span>
     <span class='ocr_line' id='line_1_32' title="bbox 53 4854 1358 4957; baseline -0.005 -24"><span class='ocrx_word' id='word_1_290' title='bbox 53 4871 105 4957; x_wconf 82' lang='lat' dir='ltr'><strong>qui</strong></span> <span class='ocrx_word' id='word_1_291' title='bbox 126 4879 231 4935; x_wconf 85' lang='lat' dir='ltr'><strong>antea</strong></span> <span class='ocrx_word' id='word_1_292' title='bbox 253 4865 360 4951; x_wconf 86' lang='lat' dir='ltr'><strong>ignoti</strong></span> <span class='ocrx_word' id='word_1_293' title='bbox 381 4874 473 4929; x_wconf 90' lang='lat' dir='ltr'><strong>erant</strong></span> <span class='ocrx_word' id='word_1_294' title='bbox 491 4854 618 4931; x_wconf 82' lang='lat' dir='ltr'><strong>inventi</strong></span> <span class='ocrx_word' id='word_1_295' title='bbox 639 4876 765 4949; x_wconf 87' lang='lat' dir='ltr'><strong>essent,</strong></span> <span class='ocrx_word' id='word_1_296' title='bbox 787 4887 898 4930; x_wconf 87' lang='lat' dir='ltr'><strong>eornm</strong></span> <span class='ocrx_word' id='word_1_297' title='bbox 918 4862 1078 4928; x_wconf 91' lang='lat' dir='ltr'><strong>librorum</strong></span> <span class='ocrx_word' id='word_1_298' title='bbox 1098 4883 1176 4950; x_wconf 87' lang='lat' dir='ltr'><strong>pars</strong></span> <span class='ocrx_word' id='word_1_299' title='bbox 1199 4859 1358 4928; x_wconf 84' lang='lat' dir='ltr'><strong>Mediola-</strong></span> 
     </span>
    </p>
   </div>
   <div class='ocr_carea' id='block_1_6' title="bbox 0 0 1562 5356">
    <p class='ocr_par' dir='ltr' id='par_1_6' title="bbox 0 0 1562 5356">
     <span class='ocr_line' id='line_1_33' title="bbox 0 0 1562 5356; baseline 0 0"><span class='ocrx_word' id='word_1_300' title='bbox 0 0 1562 5356; x_wconf 95' lang='lat' dir='ltr'><strong> </strong></span> 
     </span>
    </p>
   </div>
  </div>
 </body>
</html>
