3114 5356
538 356 621 420 mr.
646 355 941 422 enimuero
1004 434 1008 442 ,
1331 362 1396 428 ess

162 474 230 515 .ns.
245 474 272 513 οο
285 471 309 513 n.
1184 503 1191 517 ‚
1247 496 1275 508 ..
1336 506 1343 520 ‚

94 487 187 611 verlis
211 542 306 607 modis
328 542 550 623 rationibusque
572 551 734 605 comesset
761 539 766 626 Ι
790 543 885 622 Pythii
915 545 1001 607 etiarn
1026 545 1108 623 origo
1136 476 1335 610 inlemtrallnG
1350 557 1395 611 est

93 654 163 728 (nec
183 646 262 710 enim
278 644 391 705 videtur
411 644 607 722 incongruum
629 642 778 707 fabulosae
799 643 978 724 antiquitatis
1001 653 1165 709 commenta
1192 645 1393 727 depromerelz

94 750 198 832 Apollo
230 766 298 809 cum
327 745 458 823 Ppthona
488 743 609 823 Delphis
636 752 758 824 propter
787 746 927 806 ultionem
957 747 1059 809 matris
1089 754 1240 819 necasset,
1277 749 1394 812 accolae

96 852 223 932 primum
248 848 353 909 timore
383 864 501 906 carmen
529 846 679 906 heroicum
701 846 902 911 hexametrum
922 847 1004 908 initio
1029 866 1080 908 sex
1094 843 1108 930 ΙΙ
1123 849 1256 928 spondiis
1283 870 1392 932 conpo-

68 954 184 1016 ssitmn
206 955 378 1022 texuerunt3
407 946 513 1008 deinde
538 945 632 1008 soluta
658 947 775 1026 spondii
796 946 887 1010 altere
906 947 1016 1026 syllaba
1037 949 1102 1011 sine
1123 949 1231 1011 damno
1250 953 1392 1033 temporis

94 1054 240 1134 dactylum
267 1067 384 1130 quoque
412 1047 551 1126 suscepit.
596 1045 710 1125 qnidam
739 1055 836 1108 antem
861 1047 962 1107 dicunt
990 1049 1075 1128 quod
1108 1049 1266 1113 iambicum
1299 1053 1392 1131 magis
1493 1066 1499 1077 ·

94 1154 200 1234 gaudio
222 1149 365 1214 sublevati
384 1155 467 1210 motu
487 1147 573 1207 celeri
596 1146 794 1228 protulerunt.
839 1150 931 1209 lemur
958 1149 1046 1212 etiarn
1070 1152 1128 1213 hoc
1154 1152 1306 1215 heroicum
1330 1172 1392 1214 me-

94 1264 171 1317 trum
194 1254 256 1316 eius
280 1251 406 1313 oraculis
428 1256 531 1329 postea
551 1247 729 1309 celebratum
750 1256 779 1310 et
799 1267 833 1309 ex
853 1249 910 1310 hoc
931 1268 1048 1312 versum
1071 1251 1165 1331 Pythii
1182 1270 1291 1315 nomen
1307 1273 1391 1316 acce-

93 1355 183 1435 pisse.
226 1353 296 1417 item
315 1351 423 1431 Priapii
452 1357 537 1432 sunt,
563 1347 698 1425 quotiens
726 1348 756 1409 in
782 1349 876 1428 primo
904 1348 970 1409 loco
996 1350 1139 1430 spondius
1167 1353 1287 1432 ponitur
1310 1354 1390 1417 etin

55 1482 80 1522 m
94 1462 198 1535 quarto
221 1455 301 1516 etin
322 1461 420 1525 sexto,
441 1457 474 1510 ut
494 1448 572 1528 apud
594 1448 749 1526 Vergilium

259 1552 451 1615 deiecisse
472 1547 591 1622 videt,
614 1564 681 1607 sue
704 1546 774 1608 iam
797 1548 985 1627 promissa
1010 1553 1179 1631 reposci,

92 1656 161 1716 item

256 1754 521 1826 immotamque
542 1747 616 1810 ooli
640 1747 743 1809 dedit
765 1756 801 1809 et
822 1757 1067 1812 contemnere
1087 1760 1237 1828 ventos,

257 1853 316 1915 cui
337 1869 408 1912 non
429 1848 556 1909 dictus
577 1848 690 1927 Hylas
712 1867 803 1928 puer
824 1858 859 1911 et
880 1851 1037 1912 Latonia
1057 1850 1180 1914 Delos.

55 1980 79 2024 is
94 1954 218 2017 bucolici
241 1960 324 2027 sunt,
349 1951 483 2030 quotiens
502 1949 533 2009 in
555 1956 657 2026 quarta
679 1950 799 2028 regione
820 1949 951 2028 dactylus
977 1951 1083 2013 [iniens
1110 1960 1224 2030 portem
1247 1956 1388 2020 orationis

92 2054 245 2116 invenitur.
289 2052 448 2114 identidem
472 2050 630 2129 dactylicus
658 2050 841 2122 nominetur,
870 2068 948 2138 cum·
964 2070 1067 2113 omnes
1098 2054 1159 2113 fere
1185 2054 1315 2134 dactylos
1336 2057 1388 2117 ha·

91 2155 158 2228 het,
180 2153 305 2216 maxime
326 2154 532 2226 nouissimum,
562 2158 594 2213 ut
615 2159 661 2213 est
679 2151 758 2232 apud
775 2150 937 2212 llomerum
981 2147 985 2153 ’

226 2340 229 2345 ⁴
256 2248 439 2329 Κύκλωψ,
461 2253 520 2330 τῆ,
542 2253 601 2312 κίε
621 2247 744 2328 οἶνον,
764 2248 847 2312 ἐπεὶ
869 2244 987 2330 φάγες
1005 2241 1202 2332 ἀνδρόμεοι
1217 2252 1316 2333 κρέα.
1336 2253 1342 2340 Ι

91 2357 169 2436 apud
183 2352 345 2434 Vergilium
369 2356 425 2416 tale
445 2364 501 2430 est,

50 2491 77 2530 ῃ
253 2457 431 2536 panditur
450 2457 595 2518 intereo
617 2454 747 2519 domus
766 2454 1043 2535 omnipotentis
1063 2456 1222 2537 Olympi.

90 2559 162 2620 item
184 2557 363 2638 spondiacus
385 2556 563 2638 appellatur,
593 2575 660 2618 cum
682 2573 785 2618 omnes
808 2555 966 2636 spondius,
995 2574 1083 2635 quem
1103 2558 1221 2635 quidam
1250 2557 1386 2619 molossi·

91 2677 159 2721 cum
180 2658 330 2731 ditemini,
351 2664 384 2718 ut

256 2757 409 2820 Romani
429 2756 594 2821 victores
615 2759 811 2821 Germanis
832 2758 1005 2820 devictis.

91 2860 169 2941 apud
191 2860 352 2921 Homerum
375 2857 432 2918 tale
454 2862 522 2931 est,'

25 2958 29 2965 ⁴
51 2991 76 3030 κ
258 2950 382 3038 ψυχὴν
404 2952 621 3034 κικλήσκων
642 2959 886 3034 Πατροκλῆος
907 2958 1057 3020 δειλοῖο.

471 3163 508 3205 ns
525 3163 745 3207 evucuntrvnttts
766 3162 881 3206 uenum
903 3164 1005 3207 VERSVS

175 3248 282 3326 Versus
305 3263 443 3325 heroicus
468 3263 494 3323 is
518 3262 657 3340 dignitate
679 3261 792 3340 primus
816 3271 860 3322 est
882 3269 911 3322 et
933 3263 1035 3342 plenae
1063 3265 1186 3326 rationis
1207 3266 1387 3344 perfectione

90 3371 221 3429 linuatus
249 3384 284 3426 ac
313 3364 404 3426 totius
433 3362 581 3443 gravitatis
609 3361 722 3421 honore
749 3362 885 3423 sublimis
908 3362 1056 3442 multaque
1083 3364 1309 3443 pulchritudinis
1339 3385 1386 3424 ie-

89 3476 207 3531 nnstate
235 3465 403 3546 praeclarus
432 3465 481 3543 qui
510 3463 575 3525 sine
601 3460 661 3555 idle
685 3463 892 3525 coniunctione
919 3482 1120 3542 quascumque
1145 3465 1217 3527 alias
1246 3465 1385 3525 orationis

50 3597 75 3636 a,
89 3576 189 3650 partes
218 3567 258 3628 ite
287 3567 397 3629 mutuis
424 3567 503 3627 inter
529 3582 562 3626 se
590 3562 800 3625 conexionihus
824 3564 942 3643 colliget
971 3573 1003 3626 ut
1030 3565 1060 3625 in
1089 3566 1245 3627 scansione
1267 3566 1384 3644 propria

88 3671 186 3731 nullus
214 3688 267 3749 pes
293 3667 351 3728 nisi
381 3666 558 3729 novissimus
582 3673 696 3726 tantum
725 3659 908 3749 [interdum]
938 3666 1082 3743 integram
1109 3673 1223 3745 partem
1244 3665 1385 3727 cretionis

86 3770 232 3843 includat,
254 3775 342 3846 atque
361 3768 401 3828 ita
421 3784 473 3827 sex
493 3767 661 3845 regionibus
684 3765 746 3848 suis
767 3765 924 3845 spondium
940 3767 1047 3846 pedem
1064 3766 1272 3847 dactylumque
1284 3775 1384 3827 custo·

87 3872 148 3934 dat
169 3878 201 3931 ut
219 3869 351 3948 dactylus
369 3886 506 3948 perraro,
535 3877 565 3930 et
586 3869 643 3929 hoc
663 3867 782 3946 quidem
804 3867 927 3928 ornandi
950 3869 1093 3949 poematis
1113 3867 1224 3945 gretia,
1253 3866 1385 3944 quintani

86 3973 238 4052 regionem
267 3989 350 4033 suam
379 3969 504 4050 spondio
532 3970 688 4043 concedat,
721 3968 863 4049 spondius
895 3988 964 4030 uero
996 3969 1154 4048 postremis
1185 3967 1293 4029 linibus
1323 3967 1384 4029 suis

159 4151 171 4200 l
188 4159 320 4200 conseruet
336 4148 369 4198 M
384 4158 518 4198 conseruet
535 4148 587 4198 AB
657 4147 673 4199 3
691 4164 748 4199 com
765 4147 861 4216 python
879 4147 988 4198 edelihis
1010 4147 1035 4197 B
1052 4163 1108 4196 corn
1125 4157 1213 4213 pptom
1230 4143 1312 4209 (coir.
1326 4160 1382 4193 cunr

87 4219 203 4286 pythoni)
223 4220 311 4268 udelils
331 4220 354 4268 Α
373 4233 430 4267 curn
445 4217 566 4283 phytomn
585 4218 658 4268 deltis
676 4218 709 4268 M
788 4217 805 4267 c
824 4217 892 4280 qnod
909 4235 955 4269 om.
973 4216 1056 4266 ΑΒΜ
1127 4216 1144 4266 8
1162 4229 1238 4265 uersu
1256 4212 1316 4264 ΒΜ

87 4289 218 4352 accepisse
235 4288 260 4338 Α
281 4289 414 4352 excepisse
431 4287 493 4337 BM
580 4287 608 4336 ll
635 4285 773 4352 deiecisse}
800 4288 879 4352 Verp.
898 4287 961 4337 Aen.
981 4287 1062 4335 11112
1152 4287 1183 4335 12
1202 4284 1262 4333 item
1278 4296 1297 4338 ς
1316 4282 1381 4331 idem

86 4356 171 4407 ΑΒΜ
260 4356 291 4407 13
308 4359 438 4406 immotam
456 4357 533 4407 recoli
551 4356 599 4407 M:
626 4358 704 4422 Verp.
724 4358 789 4407 Aen.
810 4358 842 4407 lll
861 4355 894 4405 Π
984 4356 1017 4405 14
1033 4355 1074 4403 cui
1092 4353 1117 4406 A
1135 4369 1192 4403 cum
1209 4351 1281 4406 ΒΜ·
1303 4354 1381 4414 Verg.

83 4441 173 4491 georg.
192 4425 261 4477 litu
333 4427 364 4477 17
384 4425 454 4491 apud
471 4423 617 4490 Homerum]
639 4427 686 4478 Od.
706 4425 787 4477 1347
865 4423 897 4474 18
914 4426 1016 4490 cyclops
1035 4433 1059 4473 te
1077 4422 1195 4488 (cyclops
1215 4429 1238 4470 te
1254 4420 1281 4469 B
1298 4419 1382 4483 epolo-

86 4495 139 4561 pite
157 4490 202 4556 M)
220 4497 311 4562 pieoerr
330 4510 361 4546 ou
381 4493 497 4560 epilsges
516 4495 654 4545 endromeu
669 4510 727 4545 crea
744 4492 829 4545 ΑΒΜ
917 4494 949 4544 m
972 4493 1040 4558 epnd
1058 4486 1215 4558 Vergilium]
1235 4488 1304 4540 Aen.
1322 4487 1349 4536 x
1368 4488 1380 4537 1

157 4565 188 4613 21
209 4565 269 4613 item
287 4565 420 4615 Putscldus
439 4564 505 4613 idem
522 4564 582 4613 ΒΜ
598 4564 624 4614 id
641 4573 679 4614 est
696 4563 722 4614 A
806 4563 840 4614 23
865 4561 988 4627 Romam]
1012 4562 1116 4613 eundem
1131 4575 1229 4611 nerem
1244 4560 1383 4622 esmptwn

85 4636 214 4685 molossici
229 4637 303 4684 metri
320 4634 422 4684 dedisse
438 4635 531 4685 dicitur
551 4633 655 4684 Caesius
667 4634 766 4684 Bassus
784 4636 866 4685 Dione.
883 4649 910 4697 p.
925 4631 985 4682 513.
1005 4632 1111 4680 Romani
1129 4628 1210 4678 muris
1226 4627 1309 4677 eiham
1328 4626 1382 4675 cin-

86 4710 180 4752 xerunt
198 4704 301 4767 longam
317 4703 357 4753 ed.
377 4702 483 4753 elecem
501 4719 529 4764 o,
543 4701 610 4753 istu
679 4703 809 4767 germanis
826 4700 952 4751 deuinctis
969 4699 1055 4750 ΑΒΜ
1069 4711 1206 4766 germanos
1224 4696 1381 4750 damnetiss·

155 4772 191 4821 24
211 4773 280 4836 apud
297 4769 443 4835 Homerum]
466 4771 500 4821 It.
520 4768 551 4819 Ψ
565 4772 615 4822 221
702 4771 735 4821 25
760 4770 872 4836 psychen
889 4767 1013 4835 (psiehen
1031 4768 1065 4820 Μ
1069 4767 1223 4834 )·ciclescon
1240 4765 1382 4832 peti-ocleos

86 4840 165 4889 diloio
181 4838 265 4890 ΑΒΜ
333 4838 367 4888 32
385 4839 468 4902 adque
484 4838 511 4889 Α
776 4840 779 4844 ’
1227 4845 1232 4855 ’
