3114 5356
48 358 51 362 ,
135 291 196 358 tot
702 288 865 354 culmen

185 423 206 464 p·
219 405 336 543 NanNs
358 472 497 539 dicontur'
510 466 648 557 'humum
668 475 763 557 capita
790 476 917 556 oblonga
943 484 974 539 et
994 494 1154 557 conpressa
1182 403 1427 551 soleremus

135 589 232 645 autem
254 598 321 641 cum
343 577 539 658 adspiratione
561 597 596 639 ex
618 579 730 651 Graeco
753 598 770 641 a
791 578 881 641 lahris
903 578 1137 661 inprobiorihus,
1158 598 1234 659 quae
1255 578 1297 641 illi
1321 588 1429 642 vocant

135 683 231 762 χε11η;
254 682 331 743 uude
353 688 383 743 et
398 679 496 761 pisces
518 679 649 743 chilones
670 681 832 762 inuenta»
844 680 956 745 lohrati.
1124 670 1127 676 ¹

220 781 318 846 Lectis
343 781 552 857 nominativum
578 783 625 845 elii
649 782 752 844 volunt
768 782 834 858 lac,
865 783 912 845 olii
940 783 1012 858 lact,
1043 782 1092 846 alii
1119 785 1195 845 lacte
1222 786 1240 847 ll
1266 792 1426 865 postremo.

136 886 254 949 omuino
280 882 357 945 enim
383 885 495 946 nullum
521 903 628 946 nomen
652 891 732 946 muta
757 883 850 947 littere
872 885 972 948 finitur
991 884 1046 946 elia
1066 886 1125 948 uisi
1143 906 1183 949 s·
1212 885 1310 965 itaque
1330 887 1466 949 erudi-s

135 988 225 1050 tiores
247 985 441 1048 edirenxeruut
466 996 477 1048 t
503 994 624 1069 propter
644 985 828 1065 genetivum,
852 986 919 1065 qrrie
941 986 1025 1048 luetis
1052 988 1129 1050 lecit.
1174 1006 1241 1050 nem
1266 987 1322 1048 tria
1342 1008 1429 1069 pree-

83 1118 87 1127 *
136 1098 217 1152 terea
238 1087 424 1150 inveniuntur
451 1107 525 1169 quae
550 1087 646 1150 littera
674 1087 776 1149 eudem
798 1088 953 1163 finiuntur,
981 1099 1078 1179 capul
1096 1090 1138 1170 git
1165 1098 1264 1171 uepet
1308 1091 1361 1169 sed
1382 1091 1429 1154 his

87 1182 90 1188 ’
137 1187 265 1254 oocunit
283 1189 360 1269 quod
381 1189 494 1253 nullum
516 1190 635 1253 omniuo
655 1209 763 1253 nomen
788 1189 903 1252 duabus
932 1187 1039 1273 mulltis
1060 1191 1165 1254 litteris
1186 1195 1318 1258 linietur·
1358 1215 1428 1277 ergo

137 1293 212 1357 lacte
236 1291 301 1354 siue
328 1292 396 1354 vitio
419 1293 560 1355 dicemus.
604 1311 673 1354 uam
702 1301 732 1353 et
757 1293 830 1357 Cato
855 1291 898 1354 sic
922 1292 1010 1367 (lixit,
1040 1295 1095 1355 ‘et
1120 1295 1157 1356 in
1185 1296 1299 1358 ltalia
1326 1296 1430 1361 atres

138 1412 271 1475 cepres
294 1391 394 1455 lacte
424 1393 546 1455 aihum
575 1386 740 1457 hahere'.
790 1394 842 1458 sed
870 1402 899 1455 et
922 1393 1039 1472 Valgius
1068 1402 1097 1456 et
1118 1394 1235 1458 Verrius
1263 1406 1293 1460 et
1314 1399 1468 1481 Trogusn

139 1497 176 1558 de
195 1493 368 1558 animalibus
392 1496 509 1573 [heres]
531 1497 607 1557 lecte
628 1495 738 1559 dicunt
782 1504 814 1559 at
833 1496 1014 1563 consuetudo
1036 1505 1133 1558 tamen
1147 1498 1224 1560 aliutl
1245 1502 1386 1580 sequitur.

221 1599 326 1659 Latera
353 1595 425 1658 lardi
451 1597 552 1658 vitiose
581 1597 646 1676 quis
675 1596 753 1660 dicit.
798 1599 870 1660 satis
894 1604 942 1658 est
968 1597 1045 1659 enim
1070 1597 1182 1660 lardum
1204 1601 1310 1664 dicore.
1356 1603 1429 1667 nihil

139 1700 217 1763 enim
238 1699 317 1761 aliud
339 1696 466 1776 intellegi
488 1706 594 1778 potest
638 1715 706 1760 narn
727 1698 818 1761 latere
839 1718 899 1761 non
920 1709 989 1761 sunt
1010 1701 1066 1762 nisi
1091 1702 1185 1782 capitu
1207 1702 1288 1765 lardi.
1349 1724 1358 1741 ·

221 1801 299 1865 Nihil
327 1801 352 1864 si
382 1801 477 1877 dicas,
508 1801 698 1880 quantitatem
725 1808 828 1880 notas3
851 1802 876 1863 si
901 1820 969 1863 vero
990 1801 1072 1863 nihili
1093 1803 1228 1866 adiuuote
1251 1806 1276 1880 i,
1300 1807 1429 1872 hominis

137 1924 244 1968 mores.
295 1903 378 1965 cuius
401 1903 528 1965 nominis
557 1904 639 1983 origo
666 1905 740 1966 haec
769 1912 827 1966 est:
858 1904 950 1966 hilum
978 1903 1066 1965 Varro
1088 1895 1196 1966 'rerum
1230 1908 1425 1972 humanarum
1442 1933 1466 1976 rs

137 2006 307 2068 intestinum
329 2005 399 2067 dicit
419 2005 639 2081 tenuissimum,
668 2006 747 2084 quod
770 2006 818 2067 alii
842 2005 945 2068 hillmn
959 1999 1201 2087 appellaverunt,
1225 2018 1257 2071 ut
1277 2006 1430 2091 inlellege-

137 2116 218 2173 retur
246 2107 417 2170 intestinum
443 2115 564 2189 propter
591 2106 808 2170 similitudinem
835 2091 981 2186 generis(
1015 2108 1092 2183 unde
1114 2110 1224 2189 antiqui
1252 2113 1429 2175 creberrime

138 2212 255 2292 dempta
275 2210 371 2272 littere
392 2210 485 2272 hilum
504 2227 621 2290 quoque
641 2209 790 2285 dixenmt3
808 2209 885 2271 uude
904 2210 1099 2289 intellegimus
1118 2212 1189 2274 nihil
1212 2213 1275 2292 sine
1296 2215 1430 2296 adspira·

138 2313 218 2376 tione
241 2311 343 2375 vitiose
364 2311 430 2374 dici.
546 2338 549 2343 ·
841 2331 844 2339 ·
1284 2313 1298 2345 ⁸

222 2414 315 2477 Heres
336 2435 443 2497 parens
464 2416 569 2489 homo,
591 2414 646 2486 etsi
669 2415 699 2476 iu
722 2413 868 2476 communi
890 2432 960 2474 sexu
981 2413 1202 2494 intellegantur,
1231 2426 1328 2479 tamen
1349 2438 1467 2483 mas-so

138 2517 235 2579 culino
263 2536 369 2596 genere
395 2537 512 2598 semper
539 2517 682 2579 dicuntur.
726 2535 813 2577 nemo
839 2515 917 2576 enim
946 2523 996 2587 eut
1018 2517 1177 2578 secundem
1198 2519 1336 2581 heredem
1359 2521 1430 2582 dicit

138 2630 188 2683 aut
212 2621 320 2682 honam
343 2615 349 2703 Ι
375 2628 526 2701 parentem
552 2626 602 2680 eut
618 2618 723 2679 malem
745 2617 907 2692 hominem,
929 2617 983 2679 sed
999 2618 1172 2694 masculine,
1194 2621 1309 2683 tametsi
1332 2623 1370 2682 de
1387 2623 1430 2683 le·

138 2723 216 2784 mine
235 2741 332 2783 sermo
353 2721 503 2782 habeatur.
548 2739 615 2781 nam
637 2719 751 2779 Marcus
774 2719 815 2779 ait
834 2719 976 2781 ‘heredes
998 2721 1080 2801 ipsus
1106 2723 1288 2798 secundus'3
1322 2731 1352 2802 et
1374 2725 1429 2786 ra-

140 2825 240 2886 cuvius
262 2825 292 2885 in
310 2823 410 2897 Medo,
430 2841 498 2884 cum
518 2821 685 2883 ostenderet
706 2839 722 2880 a
744 2820 827 2881 llcdo
845 2827 967 2883 matrem
986 2822 1102 2900 quaeri,
1125 2824 1165 2884 ait
1203 2827 1208 2837 '

305 2931 355 2999 te,
391 2924 468 2998 Sol,
501 2924 632 2984 invoco
659 2930 698 2982 ut
721 2922 810 2984 mihi
839 2930 1063 3002 potestatem
1095 2924 1177 2986 duis
1207 2927 1466 3004 inquirendis

546 3084 548 3089 .
923 3025 992 3086 mci
1014 3028 1193 3107 parentis.

139 3129 190 3192 sed
217 3127 367 3190 Gracchus
393 3127 499 3191 ‘suos
524 3134 708 3210 parentes
734 3132 844 3190 emet'
867 3147 934 3189 cum
956 3127 1026 3188 dicit
1045 3128 1075 3189 in
1098 3129 1307 3208 signilloetione
1327 3132 1428 3192 neutris

137 3338 155 3389 4
190 3336 249 3385 Ntt
265 3341 333 3392 Μ
371 3334 456 3385 Laetis

209 3510 223 3560 l
241 3524 387 3577 compresse
405 3525 426 3559 ω
445 3506 619 3574 conprehensa
636 3504 663 3554 N
678 3518 815 3570 conpresso
830 3519 848 3567 p
924 3503 940 3556 3
957 3500 1052 3568 pisces]
1072 3518 1118 3568 per
1134 3518 1176 3552 ces
1194 3503 1228 3567 N,
1244 3519 1290 3554 one.
1309 3521 1344 3555 to:
1363 3508 1430 3559 uude

139 3587 164 3632 et
180 3583 264 3648 pisces
281 3580 414 3646 inprohius
432 3577 524 3629 labreti
538 3576 652 3626 chilones
670 3574 787 3638 (liountar
802 3588 820 3637 p
906 3575 923 3622 l
944 3573 1028 3622 Laetis
1053 3574 1236 3624 nominationum
1258 3575 1303 3680 elii
1323 3575 1361 3626 lac
1386 3578 1431 3627 alti

138 3700 196 3753 laoh
212 3701 257 3750 alii
274 3700 323 3751 lact
339 3699 598 3766 proptergeultiuum
615 3697 688 3747 lectis
702 3711 720 3759 p
789 3694 839 3744 lact
854 3710 875 3743 ω
892 3694 950 3744 lohe
967 3694 992 3743 N
1067 3695 1268 3746 hadiuuxemut
1293 3705 1317 3746 et
1335 3699 1369 3764 p‘p
1387 3714 1431 3765 ge-

138 3773 252 3823 netiuum
271 3769 400 3835 qualitatis
419 3767 522 3817 lacitN
608 3768 750 3831 ltropetp
777 3760 880 3830 nept'N
962 3763 1311 3828 lldiccmusptlicimusN
1399 3768 1429 3818 ll

137 3841 212 3892 heres
228 3857 263 3891 er
280 3842 350 3891 titulo
366 3838 482 3903 heredia,
501 3839 544 3903 qut
559 3851 617 3886 oros
631 3839 752 3900 aequiter,
771 3835 818 3885 hue
835 3837 935 3885 inlutum
951 3849 1008 3884 eoae
1025 3836 1130 3884 violetur.
1168 3851 1246 3900 saepe
1263 3837 1326 3886 laeto
1344 3837 1432 3887 dicunt

137 3913 241 3964 ooaleor't
259 3911 451 3965 hludemoaoua,
469 3909 522 3958 elia
539 3907 665 3968 temptavit
680 3905 713 3956 11.
735 3905 852 3969 (legeras
869 3905 900 3954 de
923 3905 999 3969 Valg.
1016 3920 1045 3968 p.
1068 3906 1117 3956 184
1137 3921 1192 3970 sqq.
1272 3906 1391 3957 dicuutur
1408 3909 1434 3957 Ν

207 3983 240 4032 12
259 3981 374 4044 sortasse
397 3977 488 4027 vitiose
512 3977 605 4043 vulgus
629 3975 691 4025 dicit
777 3977 839 4026 satis
858 3984 897 4024 est
914 3975 1013 4049 enirnp
1038 3977 1100 4025 satis
1124 3978 1191 4025 enim
1211 3975 1236 4024 N
1258 3977 1343 4049 'salins
1364 3979 1432 4028 euim

137 4101 270 4208 Felrbrieiue
346 4097 447 4205 13¹uou
465 4106 524 4149 sunt
538 4112 622 4162 pnec
639 4096 741 4148 snutN
815 4096 910 4159 lardip
929 4052 995 4145 laidi
1012 4094 1038 4144 N
1114 4095 1146 4146 ll
1164 4055 1280 4146 hominis
1299 4098 1326 4147 N
1400 4100 1433 4153 16

136 4222 215 4274 hilum
227 4221 253 4271 N
305 4218 462 4271 lenitumN
519 4219 553 4271 23
566 4218 654 4270 Meroe
663 4232 746 4268 nomen
759 4233 807 4282 qao
813 4223 942 4282 pertineat
950 4234 999 4269 noa
1010 4220 1133 4284 intellego.
1150 4220 1277 4272 Ciceronis
1286 4219 1364 4269 verbo
1375 4235 1433 4272 esse

137 4292 462 4354 erediditLiademcnnus,
480 4293 524 4356 qul
537 4290 615 4340 filiam
632 4287 752 4339 heredem
772 4289 854 4353 ipsius
873 4288 1013 4339 secuudum
1033 4292 1149 4340 coniecit:
1166 4290 1290 4340 haeredes
1310 4290 1392 4354 ipsius
1410 4307 1432 4341 ω

136 4361 226 4412 haeres
245 4363 327 4427 ipsius
345 4359 478 4412 Fatrscoo
563 4360 597 4410 25
615 4359 666 4421 Te,
685 4355 743 4416 Sol,
763 4359 868 4420 invoco,
892 4359 927 4409 mi
946 4373 1054 4424 prosse,
1078 4369 1105 4409 ut
1123 4357 1184 4408 mihi
1202 4363 1352 4425 potestatem
1373 4360 1434 4411 duis

136 4455 285 4538 inquirendi
303 4470 353 4524 mei
370 4472 483 4539 parentis
505 4469 657 4521 noeoeane
670 4478 746 4534 *trag
767 4471 827 4524 Lot.
848 4474 895 4524 rel.
912 4486 939 4534 p.
960 4470 993 4521 87
1025 4470 1076 4531 Te,
1095 4468 1153 4530 Sol,
1177 4468 1267 4521 invoco
1284 4452 1433 4534 inquirendi

137 4551 165 4603 ut
181 4541 231 4594 mei
247 4544 360 4609 parentis
378 4540 440 4593 mihi
457 4543 608 4608 potestatem
624 4541 681 4591 duis
696 4540 804 4592 Botlioe
819 4549 889 4604 poet.
905 4556 972 4593 scen.
994 4540 1055 4592 Lot.
1075 4540 1098 4588 V
1119 4537 1130 4588 i
1148 4554 1175 4602 p.
1196 4540 1246 4592 133
1323 4542 1357 4593 27
1373 4552 1435 4607 poet

136 4615 224 4665 matris
241 4614 364 4679 quaedam
381 4612 508 4665 excidisse
520 4612 681 4674 perspicuam
699 4618 745 4663 est.
783 4613 882 4676 reliquo
906 4627 954 4676 quo
973 4611 1118 4674 pertineant
1139 4618 1184 4658 out
1201 4626 1271 4675 quem
1285 4612 1322 4660 ad
1337 4613 1435 4664 modam

136 4683 288 4748 corrigenda
300 4685 353 4734 Nat
370 4697 417 4733 aon
431 4689 537 4734 constat.
574 4681 606 4731 de
619 4681 759 4740 Corneliae,
777 4681 945 4731 Gracchorum
960 4680 1055 4743 metria,
1075 4681 1186 4741 epistulis
1201 4683 1319 4743 cogitauit
1338 4682 1435 4734 Linde·

135 4768 238 4802 mnemus
257 4767 306 4803 non
326 4753 415 4803 addita
431 4752 561 4829 ocensem
575 4751 759 4807 emendatione3
786 4751 822 4799 nd
838 4750 946 4801 Gracchi
969 4751 1091 4814 epistolas
1109 4750 1205 4799 rettulit
1223 4749 1382 4815 Merelda'nue
1401 4754 1435 4804 de

135 4821 231 4873 some
251 4824 292 4872 ott.
309 4837 337 4886 p.
356 4821 401 4872 28:
433 4829 522 4873 contro
545 4836 606 4888 ques
628 4821 694 4872 esee
711 4819 881 4885 Nipperdelae
897 4822 980 4883 spicil.
996 4820 1052 4868 erit.
1072 4821 1098 4868 ia
1116 4819 1190 4869 Cora.
1205 4819 1271 4883 Nep.
1289 4821 1362 4883 p.86
