3114 5356
611 302 692 362 ΛΒΤ.
717 303 1011 368 thaumatum
1110 361 1114 365 .
1368 339 1371 342 ·
1402 313 1464 374 477

216 426 239 467 p.
255 413 301 455 tra
316 413 341 453 aa
356 413 380 452 r.
1250 454 1257 465 .
1272 416 1373 467 ιιι-ἰο
1386 426 1413 469 c.

163 496 221 547 tur.
267 484 355 545 huius
377 491 473 544 autem
496 485 578 561 origo
595 487 675 547 verbi
703 506 737 547 ex
766 486 883 549 nomine
911 490 1026 551 lambec
1051 494 1177 554 famulae
1201 439 1280 555 Geiei
1309 497 1464 572 donentur,

161 606 255 664 quiae,
280 586 416 645 Cererem
436 584 524 645 tiliam
543 589 720 663 qiiaerendo·
733 589 768 648 ad
787 589 957 655 hletaniram
977 592 1130 670 coniugem
1146 593 1224 655 Celei
1247 595 1373 657 delatam
1395 616 1463 659 cuin

162 687 285 747 vidisset
313 685 484 757 sollicitam,
520 686 595 745 rnale
627 688 767 748 tractarit.
818 689 935 765 quidam
969 699 1065 752 autem
1094 693 1192 754 lerunt
1222 694 1350 758 iambum
1380 701 1463 775 quasi

162 787 343 849 thriarnbum
364 805 380 844 a
404 786 616 864 triumphatore
635 786 742 846 Libero
765 789 1004 865 cognominatum
1026 810 1101 852 esse.
1145 793 1194 854 alii
1213 812 1229 854 a
1250 795 1344 857 hlarte
1364 807 1461 860 ortum

131 889 295 955 alambum
315 882 320 967 Ι
340 894 491 946 strennum
514 887 620 946 ducem
640 888 774 960 tradunt,
801 889 849 965 qui
872 908 939 949 cum
961 891 1104 952 crebriter
1121 911 1236 971 pugnas
1258 895 1345 957 iniret
1366 906 1395 958 et
1419 907 1462 960 te-

161 988 223 1049 lum
246 1005 312 1048 cnm
336 987 463 1046 clamore
496 995 658 1065 torqueret,
688 978 749 1045 ἆττὸ
775 990 828 1046 τοῦ
855 985 931 1048 ἰέναι
957 986 1009 1048 καλ
1033 990 1110 1066 βοᾶν
1135 993 1253 1056 lambus
1279 997 1460 1075 appellatura

161 1089 273 1149 idcirco
295 1107 331 1149 ex
354 1087 433 1147 brevi
456 1097 485 1147 et
505 1087 592 1164 longa
614 1087 717 1164 pedem
738 1086 818 1148 laune
838 1107 905 1148 esse
925 1092 1128 1169 conpositum,
1152 1094 1231 1170 quod
1254 1095 1285 1156 hi
1309 1098 1360 1174 qui
1380 1098 1460 1160 iacu-

160 1190 259 1250 lentur
280 1209 315 1249 ex
339 1187 421 1283 brevi
442 1206 566 1266 accessu
593 1187 625 1246 in
654 1194 805 1247 extensum
834 1206 956 1267 passum
982 1192 1188 1267 proferuntur,
1220 1205 1253 1256 ut
1278 1200 1459 1280 promptiore

159 1289 227 1348 nisu
250 1288 316 1348 telis
343 1289 434 1348 ictum
458 1289 641 1348 confirment
685 1295 788 1348 auctor
808 1287 895 1348 huius
915 1288 1083 1352 librationis
1105 1293 1242 1357 Aretinus
1264 1297 1394 1360 Graecus
1413 1300 1459 1361 his

118 1413 145 1453 ιο
161 1388 294 1449 versibus
313 1386 493 1467 perhibetur,

512 1499 517 1508 '
1135 1481 1152 1550 ὁ
1175 1482 1333 1572 Ἴαμβος

325 1583 361 1658 ἒξ
389 1581 523 1666 ὀλίγου
555 1579 692 1666 διαβὰς
724 1583 905 1671 προφόρῳ
935 1591 1041 1666 ποδί,
1076 1583 1159 1667 ὄφρ’
1193 1593 1234 1652 οἴ
1260 1600 1354 1672 γυῖα

323 1682 531 1764 τεινόμενα
566 1683 704 1767 §docco
738 1686 802 1748 καλ
833 1681 1020 1761 εὐσθενὲς
1051 1685 1154 1764 aldor,-
1185 1692 1301 1775 ἔχῃσι.

158 1788 248 1865 igitur
265 1788 345 1849 huuc
364 1790 468 1868 pedem
488 1790 532 1850 vol
552 1788 708 1850 iambicum
733 1808 867 1865 gressum
893 1790 984 1868 prisci
1004 1791 1089 1871 hpnli
1111 1794 1256 1854 haunium
1274 1813 1292 1855 a
1311 1798 1387 1860 duce
1402 1820 1457 1861 suo

119 1912 143 1951 u
156 1889 273 1949 haunio
295 1890 502 1968 prodiderunt,
529 1890 607 1968 qarod
629 1888 654 1950 is
676 1890 805 1968 primus,
834 1907 901 1949 cum
928 1890 1068 1952 adversus
1090 1911 1188 1954 acrem
1210 1893 1362 1980 lliomedie
1382 1919 1457 1978 pug-

156 2009 226 2051 nam
244 1990 353 2050 bellum
372 2009 511 2069 aspemm
532 1991 651 2061 inisset,
672 1987 784 2065 gradali
803 2007 903 2068 pugna
925 2008 995 2050 suos
1017 1990 1156 2052 dimicare
1171 1993 1309 2069 instituit,
1332 2006 1366 2059 nt
1384 2018 1457 2060 con—

156 2091 216 2152 lato
238 2091 330 2170 pede,
359 2091 532 2168 adsequenti
561 2089 699 2170 paulatim
729 2090 849 2151 dextero
875 2090 1062 2167 distentaque
1089 2101 1118 2151 et
1143 2093 1341 2172 progredienti
1363 2094 1454 2169 laevo,

156 2201 185 2252 et
207 2192 289 2253 breri
311 2210 451 2253 successu
475 2199 505 2251 et
524 2190 613 2267 longo
635 2188 765 2249 distentu
784 2190 892 2267 medus
913 2189 1000 2252 simul
1023 2199 1053 2251 et
1074 2192 1345 2256 nisusfirmaretur.
1375 2199 1456 2259 nude

156 2310 217 2352 non
238 2292 376 2352 inmerito
399 2291 508 2353 melum
528 2291 608 2352 hunc
628 2290 786 2351 iambicum
808 2290 955 2368 gradalem
980 2291 1099 2368 qnidam
1122 2303 1295 2374 nuncupant
1315 2297 1456 2359 Gradivo·

115 2423 142 2462 ιι
156 2411 215 2470 quc
231 2392 315 2452 llarti
338 2401 497 2468 augerent,
520 2391 598 2469 quod
620 2391 770 2469 gradariae
790 2408 905 2469 pugnae
925 2391 1013 2452 huius
1035 2393 1141 2455 ellectu
1161 2404 1342 2457 moveantur.
1361 2396 1368 2479 Ι
1387 2397 1455 2458 haic

156 2493 321 2554 contrarius
350 2501 398 2552 est
424 2494 596 2567 trochaeus,
626 2510 714 2569 quem
742 2492 862 2553 chorion
891 2492 1049 2572 appellant.
1092 2502 1208 2555 constat
1241 2514 1275 2554 ex
1306 2496 1395 2574 longa
1426 2506 1456 2557 et

155 2593 236 2655 brevi
273 2601 436 2672 temporum
470 2594 575 2667 trium,
608 2602 640 2653 ut
666 2593 773 2667 horna,
811 2593 908 2653 dictam
938 2583 999 2652 ἀπὸ
1033 2594 1087 2654 τοῦ
1117 2590 1320 2670 ἐπιτρέχοντας
1350 2595 1454 2673 λέγειν.

156 2694 268 2772 qnippe
289 2693 352 2753 eius
374 2694 602 2755 modulationem
626 2701 795 2773 poematum
822 2693 883 2753 sive
907 2701 1069 2755 metrorum
1098 2692 1292 2774 conpositioni
1320 2695 1455 2762 acllcom-

155 2793 304 2854 rnodatam
326 2794 442 2854 rotatim
465 2804 494 2855 et
518 2794 683 2855 volubiliter
705 2793 850 2854 dicebant.
900 2794 1072 2855 trochaeum
1094 2795 1181 2855 etiam
1202 2814 1220 2855 a
1243 2793 1387 2854 Mercurio
1408 2813 1455 2855 re·

115 2932 141 2970 2.
155 2905 274 2976 pertun]
300 2896 371 2956 satis
399 2902 530 2968 constat,
563 2895 641 2972 quod
668 2896 694 2954 is
721 2893 910 2974 praecipitem
933 2894 1150 2956 festinationem
1176 2913 1211 2954 cx
1234 2897 1345 2973 impetu
1367 2894 1454 2971 longo

154 2997 185 3056 in
214 2997 333 3056 brevem
364 3014 499 3075 gressum
520 2995 603 3055 'liniri
632 2996 811 3056 ostenderet.
855 2994 933 3054 unde
954 2994 1087 3073 plerique
1109 2994 1287 3056 Graecomm
1312 3013 1348 3055 ex
1368 2994 1454 3071 longa

155 3106 184 3158 et
211 3097 293 3157 brevi
316 3115 383 3177 eum
408 3096 514 3176 pedem
538 3103 773 3174 conposuerunt;
808 3085 889 3173 παρὰ
918 3087 950 3154 τὸ
980 3093 1107 3174 τρέχειν,
1141 3114 1177 3154 ex
1206 3097 1360 3170 discumu,
1397 3104 1456 3156 tro-

225 3314 239 3364 1
263 3313 375 3363 famulae
395 3312 447 3363 AB
471 3312 581 3361 familiae
600 3312 632 3361 M
716 3313 733 3360 2
756 3312 913 3377 meganiram
938 3310 1024 3360 ΑΒΜ
1108 3313 1125 3360 4
1151 3311 1286 3362 triambnm
1310 3314 1335 3362 A
1357 3315 1453 3362 ttiiam-

155 3387 214 3434 bum
235 3384 268 3432 M
346 3380 413 3446 csse]
431 3397 459 3430 se
479 3383 510 3443 A,
527 3399 574 3431 ona.
594 3380 654 3430 BM
668 3381 744 3436 aeds
824 3379 841 3430 6
858 3379 1080 3429 aeorneimnarnaa
1101 3381 1126 3428 A
1143 3396 1192 3445 apo
1209 3382 1403 3431 tueimnarbun
1422 3382 1454 3430 M

153 3453 366 3520 apoteimhaiban
379 3451 406 3499 Β
416 3443 493 3513 παρὰ
505 3442 537 3497 τὸ
550 3442 596 3499 ἰὸν
606 3441 716 3515 βάλλειν
726 3463 743 3504 ς
754 3439 832 3512 παρὰ
842 3439 871 3495 τὸ
882 3440 953 3495 ἰέναι
964 3443 1012 3495 καλ
1023 3444 1094 3514 {logia
1104 3451 1238 3501 Putaclairta
1248 3441 1306 3499 α’τιό
1321 3447 1372 3497 τοῦ
1382 3443 1453 3498 ἰέναι

153 3515 247 3590 βάδην
259 3522 424 3583 Gaiasordiue
435 3536 471 3569 ex
481 3521 569 3571 Murio
583 3520 748 3582 Victoriuop.
762 3517 831 3569 2487
905 3517 1047 3581 appellatas
1064 3519 1097 3567 M
1170 3518 1263 3567 8utB
1276 3526 1300 3568 et
1309 3518 1370 3567 AM
1436 3518 1454 3567 a

154 3595 231 3640 irtam
252 3591 302 3639 AB
324 3592 418 3639 iactum
444 3590 475 3638 M
562 3589 711 3637 vibrationis
735 3588 938 3638 Schneidewinua
960 3586 1032 3650 Ibpri
1055 3592 1102 3637 ret.
1125 3604 1153 3649 p.
1183 3586 1232 3635 ll8
1255 3588 1404 3635 bibratiouis
1427 3587 1451 3634 A

154 3661 276 3710 brationis
294 3659 320 3708 B
344 3658 468 3707 bracionis
487 3659 520 3708 M
542 3657 717 3712 librationiscs
804 3656 924 3705 hrotinus
948 3657 1065 3721 Scaliper
1088 3660 1114 3706 ta
1137 3657 1231 3707 Enoch.
1256 3657 1344 3706 odron.
1364 3671 1392 3718 p.
1418 3656 1453 3704 oa

154 3730 277 3778 arctinins
296 3728 345 3776 AB
368 3728 476 3776 artiriius
492 3728 523 3776 M
542 3728 674 3792 agretinus
693 3740 709 3782 ς
798 3724 829 3774 11
853 3724 987 3773 diambae
1005 3724 1114 3786 (Οἰοιιιίις
1132 3724 1178 3783 Μ)
1195 3739 1229 3773 ex
1247 3725 1318 3788 oligu
1336 3723 1452 3787 (exoligo

154 3799 233 3859 BM)
251 3797 340 3846 diabas
359 3794 463 3860 profore
481 3796 558 3860 podio
574 3796 629 3844 lrao
646 3797 726 3858 igyuti
743 3794 845 3859 (igriati
862 3792 938 3849 ΒΜ)
964 3808 1056 3842 nomen
1072 3795 1142 3843 arnul
1160 3805 1233 3842 τοιυι
1251 3801 1307 3841 eust
1331 3796 1381 3856 (to
1393 3793 1453 3841 kuei

155 3875 196 3915 ust
214 3865 291 3928 BM)
306 3864 445 3914 honesidos
463 3880 540 3914 exuor
560 3865 605 3927 (ex
621 3863 669 3912 hoc
689 3865 721 3912 M
736 3862 805 3928 exhg
823 3862 862 3924 B)
880 3863 958 3926 igitur
975 3862 1060 3912 ΑΒΜ
1080 3859 1211 3927 ὃιίαμβος
1229 3851 1259 3920 li
1278 3850 1374 3922 ὀλίγον
1392 3858 1452 3908 δια-

154 3926 208 4001 βὰς
226 3927 368 3998 προφέρω.
388 3933 467 3997 lgitur
485 3946 510 3986 ς.
528 3949 617 3984 aereos
634 3936 760 3983 comtituit
776 3933 893 3995 Sentiper
911 3935 929 3981 l.
944 3947 967 3983 c.
991 3920 1132 3997 ὁἼιιμβος
1148 3934 1188 3981 oet
1201 3948 1219 3980 a
1232 3932 1397 3994 premetter»
1414 3933 1455 3980 oet

153 4023 170 4055 u
188 4005 296 4055 librario
313 4001 427 4053 nereidae
444 4001 546 4052 Arrttni
562 4003 673 4052 additura
691 4019 747 4052 eane
763 4003 883 4052 iudicauit
905 4001 1056 4051 Wetckerue
1070 4017 1132 4050 mua.
1144 4001 1258 4049 Itheaau.
1278 4001 1301 4048 ll
1317 3998 1356 4062 (ο.
1371 3998 1453 4055 lata)

150 4091 177 4137 ρ.
192 4074 244 4121 aad
262 4081 287 4122 et
303 4074 335 4121 de
350 4075 413 4134 epol.
432 4088 472 4133 ep.
493 4073 515 4120 ll
529 4087 558 4135 p.
571 4070 631 4121 529.
651 4061 667 4118 ὁ
685 4060 714 4118 d'
729 4058 843 4134 Ἴαμβος
859 4069 1024 4134 derisorum
1060 4077 1064 4084 '
1100 4070 1132 4118 12
1150 4057 1236 4130 τόφρ’
1254 4059 1295 4115 ἔτι
1312 4069 1377 4129 puto
1393 4083 1454 4119 enn-

153 4145 212 4192 iccit
228 4143 341 4192 Machina
359 4141 431 4202 apud
452 4140 612 4190 Wclelreraon
629 4143 647 4190 t.
666 4155 689 4188 e.
779 4137 811 4188 13
836 4132 986 4202 τεινομένῳ
1009 4139 1116 4189 coniecit
1131 4138 1260 4187 huzaeiua
1275 4137 1347 4199 apud
1364 4137 1453 4186 amte-

153 4214 219 4260 ntum
234 4213 262 4259 in
282 4211 425 4259 Terentiam¹
446 4209 534 4258 illam.
550 4225 578 4273 p.
598 4208 632 4257 (17
720 4198 813 4271 εἶδος]
840 4203 919 4268 ἴχνος
943 4204 1104 4256 Βολολττιιὶιι
1128 4206 1200 4268 apud
1221 4206 1365 4255 Sententiam
1386 4208 1404 4254 t.
1428 4220 1452 4253 c.

224 4279 258 4328 14
275 4279 409 4326 iambicum
427 4294 545 4342 grossum
564 4277 588 4326 A
609 4276 685 4326 iambi
704 4290 835 4341 egressum
854 4275 911 4324 ΒΜ
997 4291 1014 4322 n
1031 4275 1094 4323 dirce
1113 4289 1129 4322 n
1147 4287 1195 4322 suo
1213 4273 1240 4322 Β
1327 4273 1359 4322 15
1384 4273 1453 4334 quod

152 4351 176 4398 is
195 4349 295 4413 primns
312 4361 369 4395 cunr
388 4347 428 4396 ed.
447 4346 556 4397 Arcena.
575 4363 600 4396 α.
623 4345 690 4396 1516
709 4346 777 4408 quod
795 4346 818 4395 ic
836 4343 889 4405 (hie
909 4345 953 4403 M)
969 4344 1065 4409 primus
1085 4342 1153 4405 quod
1173 4340 1258 4390 ΑΒΜ
1327 4341 1359 4391 lb
1377 4341 1453 4389 ainri-

153 4432 217 4483 gnre
234 4416 260 4464 A
274 4413 392 4464 dimicari
408 4415 469 4464 ΒΜ
547 4423 575 4465 ut
591 4414 717 4464 Bacchica
734 4421 760 4463 et
780 4413 865 4463 ΑΒΜ
952 4413 982 4462 17
1001 4411 1151 4473 οάιοοιιοιιιί
1168 4409 1221 4458 ΑΒ
1237 4410 1402 4471 adsequendis
1421 4409 1454 4458 M

223 4485 314 4534 dextro
335 4483 368 4533 M
439 4484 497 4548 leno
515 4483 566 4531 AB
585 4482 635 4530 leui
654 4483 686 4531 M
756 4480 982 4534 assumemur!
1050 4480 1197 4529 distentuA
1216 4479 1326 4527 distento
1335 4477 1394 4527 ΒΜ

156 4557 187 4607 19
211 4552 356 4602 huucBM
379 4554 444 4603 barac
461 4553 487 4601 A
575 4551 607 4600 21
633 4552 718 4600 corion
738 4551 763 4600 B
848 4553 883 4600 22
906 4564 994 4600 anor-n.
1013 4548 1220 4609 narranehourap
1236 4546 1307 4610 legin
1325 4546 1351 4595 A
1372 4554 1451 4610 aputu

151 4622 355 4689 epitrochontras
374 4623 443 4688 legin
461 4622 487 4671 B
504 4630 579 4686 apoto
596 4619 791 4685 epitreehontus.
810 4620 863 4684 legi
880 4620 913 4669 M
985 4618 1019 4668 23
1038 4618 1235 4667 ιιιοιΙοΙιιῑίοοοιιι
1254 4615 1286 4663 Μ
1318 4674 1324 4693 ⁸
1352 4629 1448 4690 epupo-

151 4695 243 4743 sitione
261 4692 294 4741 M
372 4692 406 4742 25
425 4706 457 4740 ex
473 4691 600 4742 Bacchiae
615 4699 639 4738 et
657 4688 742 4738 ΑΒΜ
815 4689 849 4738 27
867 4698 956 4753 parato
974 4685 1070 4736 trechin
1088 4686 1175 4736 ΑΒΜ
1190 4685 1230 4734 uel
1249 4697 1328 4748 παρα
1345 4697 1375 4732 το
1393 4675 1454 4745 τρὲ·

151 4776 212 4826 χειν
229 4763 369 4813 Caesarius
