3114 5356
486 287 648 351 cullusu
668 289 800 352 lNS'll'l.
825 288 932 352 tutu.
953 288 1025 351 LIB.
1047 290 1074 352 ll
1359 289 1419 351 153

207 407 238 447 ,ι
285 407 313 448 nr
326 404 352 448 r.
1235 436 1242 450 .
1341 406 1367 449 n.

148 419 227 541 secius
239 408 319 541 :ludici
341 478 426 551 solet,
450 483 481 537 ut
500 444 661 539 Africanus.
699 477 870 558 appellativa
890 484 981 538 autem
1000 495 1075 556 quiae
1096 406 1421 558 'generaliteissciimmu-

151 583 271 662 nitetque
291 583 429 644 dicuntur
452 598 583 659 quaeque
606 579 635 640 iu
659 581 731 641 duas
752 580 866 660 species
882 579 1051 655 dividuntur,
1074 600 1197 660 quamm
1218 582 1309 644 altera
1331 582 1421 662 signi-

155 687 212 745 li'cat
227 703 270 746 res
289 683 467 765 corporales,
489 700 563 762 quae
585 682 673 744 rideri
696 685 831 763 tangique
851 689 985 763 possunt,
1004 690 1038 745 ut
1057 692 1102 745 est
1121 686 1208 748 lromo
1231 692 1308 745 term
1330 703 1420 758 mare,

157 785 233 847 altera
250 785 464 867 incorporales,
491 794 522 845 ut
549 793 606 868 est
621 785 714 865 pietas
743 784 848 847 iustitia
874 784 1012 862 dignitas,
1040 803 1115 864 quae
1138 787 1286 850 intellectu
1310 795 1420 848 tantum

140 888 230 953 emoto
249 889 464 970 percipiuntur,
489 905 589 947 vemm
608 905 703 965 neque
726 887 814 948 videri
834 906 885 947 noc
904 887 983 966 tangi
1004 898 1137 969 possunt.

228 991 337 1054 llomini
361 988 497 1050 accidunt
524 988 646 1067 qualitas
678 1008 771 1068 genus
800 990 887 1068 llgura
914 1008 1053 1052 numems
1080 1010 1175 1052 casus.
1226 991 1350 1070 qualitas
1376 1000 1422 1054 cst

161 1112 206 1172 qua
222 1094 394 1172 intellegitur
415 1091 565 1173 proprium
587 1092 626 1152 sit
646 1110 683 1153 an
705 1092 913 1173 appellativum.

229 1196 337 1258 Genera
365 1193 515 1256 nominum
536 1199 608 1254 sont
634 1194 698 1254 triu
715 1194 773 1267 vel,
802 1202 833 1255 ut
853 1194 1024 1274 quibusdam
1042 1196 1154 1277 placet,
1177 1196 1321 1277 quinque,
1344 1216 1422 1259 mas·

163 1298 269 1362 mlinum
290 1298 462 1360 femininum
490 1302 625 1357 neutrum
652 1315 807 1358 commune
831 1298 1036 1378 promiscuum.
1078 1297 1274 1360 masculinum
1303 1307 1350 1362 est
1376 1301 1424 1361 cui

137 1420 262 1464 enumero
283 1399 423 1480 singulari
444 1417 512 1459 casu
535 1398 711 1460 nominativo
732 1419 886 1479 pronomen
907 1402 1097 1482 praeponitur
1121 1401 1187 1475 hic,
1217 1410 1249 1463 ut
1269 1403 1318 1464 hic
1339 1421 1423 1485 prae·

162 1512 250 1583 ceptor.
292 1502 463 1565 femininum
494 1508 540 1562 est
567 1500 614 1561 oui
637 1519 759 1562 numero
786 1502 919 1582 singulari
951 1523 1022 1566 casu
1053 1503 1228 1566 nominativo
1261 1524 1423 1586 pronomen

161 1608 327 1688 praeponitur
344 1607 435 1677 haec,
461 1610 492 1665 ut
509 1603 582 1663 haec
601 1602 710 1664 schola.
755 1612 884 1666 neutrum
906 1614 950 1668 est
977 1605 1025 1668 cui
1045 1624 1167 1667 numero
1189 1606 1329 1687 singulari
1352 1625 1424 1669 casu

162 1710 315 1772 nominativo
334 1724 505 1788 pronomen
523 1706 715 1785 praeponitur
735 1706 807 1781 hoc,
828 1716 857 1770 ut
876 1709 933 1770 lioc
954 1710 1103 1771 scrinium.
1147 1729 1302 1773 commuue
1324 1716 1425 1770 autem

161 1827 192 1869 ec
205 1810 248 1872 lie
265 1813 302 1891 fit
322 1810 436 1872 duobus
455 1807 560 1870 modis.
604 1816 674 1868 sunt
702 1811 860 1871 communia
888 1820 938 1872 aut
962 1831 996 1872 en
1022 1831 1129 1890 genere
1148 1812 1311 1875 masculino
1332 1818 1362 1871 et
1382 1811 1424 1871 le·

137 1913 261 1989 uminum,
284 1922 317 1977 ut
337 1912 386 1974 hic
408 1918 438 1971 et
457 1909 530 1970 llaec
552 1909 642 1982 carris,
665 1919 716 1970 aut
736 1930 771 1971 ex
791 1932 892 1990 genere
913 1913 1075 1975 masculino
1095 1914 1235 1977 feminino
1258 1922 1287 1974 et
1310 1918 1424 1985 neutro,

163 2024 184 2075 ot
202 2016 243 2078 liic
260 2025 290 2079 et
310 2017 383 2077 llaec
402 2022 431 2074 et
452 2013 508 2073 hoo
530 2010 606 2072 lelix.
650 2013 814 2091 prouriseua
828 2011 839 2097 ll
854 2016 940 2077 etiam
969 2022 1038 2077 sunt
1066 2016 1199 2090 nomina,
1227 2034 1301 2095 quae
1322 2013 1424 2075 Graeci

161 2112 276 2179 ἐπίκοινα
293 2116 451 2200 aprpellant,
476 2114 552 2176 velut
571 2133 674 2194 passer
694 2115 789 2193 aquila
804 2116 933 2179 mustela.
971 2118 1043 2178 haec
1064 2117 1141 2177 enim
1161 2117 1215 2178 sub
1239 2137 1298 2180 uno
1316 2135 1424 2196 genere

162 2217 263 2282 luomm
281 2218 390 2282 liabent
411 2217 599 2280 intellectum.
644 2236 710 2278 naui
728 2236 873 2297 passerem
894 2219 1031 2280 feminam
1052 2220 1212 2298 accipimus
1241 2228 1271 2280 et
1299 2218 1425 2297 amulam

161 2331 182 2380 et
198 2322 353 2408 mulstelam
375 2317 482 2404 [quae]
512 2319 673 2382 masculino
693 2338 932 2400 quoquegenere
951 2321 1162 2400 intellegimus,
1190 2320 1321 2401 quamvis
1342 2319 1426 2380 lerni-

134 2424 215 2486 ttniuo
234 2445 339 2504 genere
359 2432 471 2485 tautum
494 2423 634 2483 dicantur.
718 2468 723 2477 .

108 2520 110 2535 '
227 2529 330 2607 Figura
350 2527 379 2588 iu
398 2525 566 2588 nominibus
587 2531 637 2584 aut
658 2524 779 2604 simplex
796 2534 847 2599 est,
869 2533 902 2587 ut
918 2526 995 2602 felix,
1019 2535 1069 2589 aut
1086 2528 1249 2609 conposita,
1268 2535 1301 2588 ut
1316 2525 1424 2587 inlelir.

159 2639 346 2711 conponuntur
366 2636 464 2690 autem
482 2627 598 2688 nemina
616 2628 710 2688 modis
731 2634 876 2706 quattuor,
905 2649 940 2689 ex
962 2629 1077 2692 duobus
1098 2631 1235 2710 integris,
1249 2708 1251 2713 Α
1263 2637 1297 2691 ut
1320 2628 1427 2690 subur·

159 2729 264 2809 hanmn3
291 2752 327 2794 ex
347 2731 461 2794 duobus
484 2730 645 2809 corruptis,
668 2738 700 2790 ut
721 2730 815 2811 opifex
835 2731 952 2807 artilex3
979 2752 1014 2793 ex
1034 2733 1149 2811 integro
1171 2739 1201 2793 et
1218 2740 1373 2812 comupto,
1395 2737 1428 2789 ut

158 2832 273 2914 ineptus;
295 2855 330 2896 ex
351 2840 489 2913 eorrrrpto
511 2840 540 2892 et
562 2831 692 2909 integre,
714 2840 746 2892 ut
767 2834 966 2913 omnipotens3
983 2833 1145 2915 'aliquando
1163 2852 1197 2895 ex
1217 2824 1426 2914 compluriens,

125 2946 184 2997 nul
203 2934 439 3017 inexpugnabilis.
817 2933 822 2945 '

226 3040 343 3101 Numeri
365 3047 434 3099 scrut
454 3038 528 3112 diro,
551 3037 723 3117 singularis,
751 3046 782 3099 ut
799 3039 846 3099 nio
867 3048 1054 3121 praeceptor,
1077 3039 1214 3120 pluralis,
1237 3046 1270 3099 ut
1291 3037 1320 3099 lii
1343 3057 1428 3118 prae·

155 3154 284 3224 ceptores.
327 3141 420 3203 dotalis
439 3141 517 3201 enim
538 3140 615 3220 apud
636 3141 780 3201 llomauos
798 3159 857 3201 uon
879 3151 933 3201 est
975 3150 1045 3202 sunt
1065 3142 1208 3220 quaedam
1231 3159 1347 3220 semper
1369 3140 1429 3201 sin·
1455 3212 1463 3231 ·

154 3370 205 3419 l—
216 3370 245 3421 17
260 3371 286 3419 N
1352 3364 1377 3414 dl
1400 3365 1427 3412 ni

127 3464 142 3512 5
155 3454 413 3521 tasqt........tutr'nm‘e
422 3450 773 3518 percipiunt‘ueineq:uideri
781 3466 826 3499 nec
835 3453 905 3517 tangi
912 3445 1189 3517 positoflnppellutinu
1198 3379 1430 3504 :eueneranooiuu

155 3543 170 3593 ll
174 3582 229 3596 ......
231 3545 347 3594 occidnut
360 3540 468 3605 qualitas
475 3554 557 3604 genus
569 3540 774 3604 ligurnuumems
786 3553 860 3588 casus
866 3536 1215 3602 qrtelitese'rquuiotellegitnr
1220 3539 1390 3602 propriumsit
1397 3554 1429 3587 nu

285 3625 1429 3709 uutquibusdemplneet.v.mnseullemioenteommunepromiserint-[lominoruiproffir
1462 3686 1465 3693 .

115 3738 141 3787 tt
280 3735 321 3785 cni
336 3734 370 3783 ιιῖι
383 3733 582 3799 singcasuuomi
589 3726 1428 3797 proffirppouiturhieutliicpceptorlemiuinuecuinumerosiogi'r

279 3820 518 3873 utltscholuneutrir
527 3823 541 3869 ὅ
549 3821 587 3870 cui
596 3834 699 3870 innumero
707 3819 847 3884 singucesu
855 3813 1146 3883 uomipponitnrhmth.
1155 3815 1249 3866 seriniis
1261 3829 1278 3863 :-
1292 3815 1429 3867 Commune

116 3909 140 3961 le
275 3901 1428 3972 tiiobzmodtsetcommueexgeumatetremiutnieotlreaotstexgeumeelemretneotro

233 4009 257 4050 et
279 3997 306 4048 h.
333 3995 395 4046 felix
417 3996 562 4061 promiscua
583 3995 634 4044 etii
656 3995 680 4044 it
704 3993 753 4043 effi
774 3993 790 4056 ‘l
813 3993 885 4058 greci
903 4004 1025 4042 euinctus
1044 3990 1174 4057 appellent
1190 3989 1223 4039 uti
1239 4003 1329 4055 passer
1344 3989 1430 4050 aquila

152 4089 244 4136 intuetu
258 4086 308 4151 lupe

211 4208 265 4258 Non
280 4207 360 4256 nultos
373 4219 460 4267 versus
476 4205 587 4268 integros
603 4203 694 4268 legisse
710 4200 808 4250 videtur
816 4201 925 4260 l'lertus,
944 4199 1054 4263 retiquae
1066 4200 1207 4249 coniectura
1221 4196 1345 4260 supplevit
1414 4196 1430 4244 l

155 4274 269 4340 dignitas,
292 4291 357 4340 quae
377 4273 505 4324 intellectu
523 4289 544 4322 ω
629 4272 646 4321 e
669 4270 770 4319 Nemini
797 4271 913 4321 occidnut
933 4285 954 4318 ω
1041 4268 1058 4318 8
1083 4269 1211 4318 nominum
1233 4274 1292 4315 sunt
1312 4272 1429 4329 quatuor,

154 4356 197 4405 ant,
213 4347 406 4413 utquibusdam
426 4360 448 4393 ω
517 4343 736 4395 9Premiscuum.
756 4340 921 4390 Masculinum
939 4348 988 4402 cst,
1004 4339 1081 4389 cuitu
1160 4338 1193 4388 10
1206 4349 1343 4403 pronomen
1357 4349 1430 4400 proe-

155 4417 243 4478 penitnr
259 4419 332 4472 llaec.
357 4425 384 4466 ut
400 4415 463 4465 lmee
481 4430 502 4464 ω
573 4412 605 4464 13
624 4412 761 4462 Commune
779 4411 846 4461 enim
864 4410 892 4460 llt
911 4410 1011 4462 duobus
1029 4425 1051 4459 ω
1122 4408 1154 4460 15
1175 4416 1277 4466 uentre,
1300 4411 1328 4454 ut
1346 4404 1389 4454 hic
1406 4411 1431 4452 et

155 4482 208 4537 haec
223 4498 246 4540 et
263 4489 312 4540 hoe
329 4486 393 4539 felix
410 4502 431 4536 ω

169 4613 487 4627 ἣρμ-

210 4695 340 4747 aeonem
357 4720 392 4731 -
409 4693 444 4745 ⁸20
467 4692 584 4742 dicautur
607 4686 704 4739 ctam.
722 4704 750 4754 p.
769 4687 841 4751 tleq.
929 4693 988 4736 sum
1012 4687 1061 4734 tria
1084 4698 1120 4732 eat
1144 4679 1261 4731 Diomede
1281 4692 1310 4741 p.
1330 4678 1381 4728 275
1406 4682 1431 4726 et

156 4760 254 4816 ctorem
271 4769 288 4816 t.
310 4783 333 4818 c.
353 4765 452 4815 restitui
544 4760 576 4811 13
595 4772 727 4808 commune
744 4752 819 4823 epp]
840 4756 876 4820 cs.
893 4756 973 4808 Dioni.
989 4771 1019 4819 p.
1039 4752 1090 4806 ete
1109 4766 1142 4801 ex
1157 4749 1198 4799 his
1215 4756 1331 4813 quartum
1348 4761 1430 4814 geniis

155 4845 270 4887 commuue
288 4837 409 4897 nascitur,
428 4831 496 4898 quotl
514 4831 541 4881 ni
560 4830 659 4881 duobus
676 4829 759 4880 modis
854 4827 889 4877 20
907 4825 1024 4875 dieantur
1038 4822 1170 4873 Fabricius
1187 4819 1285 4870 dicetur
1300 4817 1327 4867 N
