3114 5356
136 253 176 314 74
701 240 864 311 dfllltlsll

187 365 334 421 omne
1231 365 1384 419 umus

459 455 662 515 umeroque
682 436 818 552 l‘elogs
840 435 1007 516 insignis
1034 437 1188 502 eburno.
1208 431 1213 519 Ι

135 564 210 626 quae
231 544 270 605 ita
294 541 403 623 placuit
423 539 561 620 distingui
588 547 620 600 ut
645 539 784 601 eboreum
806 539 845 600 sit
871 556 905 599 ex
929 541 1023 601 solido
1049 541 1138 601 ebore
1160 539 1343 611 conlectum,
1367 539 1436 600 ebo·

135 655 230 710 ratum
257 643 438 706 extrinsecus
464 641 553 704 ebore
580 649 731 716 ornatum,
759 641 903 703 eburnum
927 641 964 703 ad
986 641 1205 704 similitudinem
1233 639 1333 703 eboris
1354 648 1435 724 apta·

136 756 213 823 tum,
235 755 266 809 ut
287 744 429 825 Vergilius
450 744 550 806 sensit.
1241 761 1243 766 ¹

219 853 267 913 Vs.
298 847 628 926 omnianomina·quae
648 864 757 927 perus
779 839 918 927 syllabam
940 846 1116 911 nominativo
1137 843 1208 909 casn
1230 846 1460 924 temvinantnr,v

135 955 210 1015 haee
232 950 365 1032 genetivo
383 959 434 1012 aut
451 968 506 1030 per
524 949 534 1010 i
554 957 661 1010 exeunt
681 956 711 1010 et
732 956 802 1011 sunt
823 949 945 1011 secundi
967 948 1094 1024 ordinis,
1117 956 1167 1011 aut
1189 967 1243 1028 per
1264 948 1291 1009 is
1314 956 1344 1010 et
1367 959 1437 1012 sunt

136 1055 213 1118 tertii
241 1053 369 1126 ordinis,
399 1057 449 1112 aut
471 1068 525 1130 per
552 1049 733 1111 assimilem
756 1051 934 1113 nominativo
951 1062 993 1113 et
1014 1059 1083 1113 sunt
1111 1049 1205 1129 quarti
1234 1050 1355 1111 ordinis.
1399 1053 1435 1113 de

136 1158 243 1236 quibus
273 1153 389 1237 plenius
414 1151 566 1213 deuotum
590 1159 636 1214 est
664 1151 694 1213 in
717 1152 916 1232 superioribus
944 1153 1000 1216 sub
1026 1153 1108 1214 titulo
1126 1153 1168 1214 lle
1189 1152 1376 1215 nominativis
1399 1154 1435 1215 ad

136 1259 267 1338 regulam
288 1254 425 1318 redactis.
468 1272 559 1333 quare
579 1271 649 1332 ergo
664 1253 757 1345 lupus
776 1253 854 1334 lupi,
879 1255 964 1337 lepus
985 1264 1083 1317 autem
1104 1253 1233 1335 leporis?
1260 1256 1359 1317 emnia
1382 1276 1435 1319 no·

136 1361 214 1424 mina
241 1377 317 1438 quae
345 1376 381 1418 us
407 1354 584 1417 nominativo
610 1354 813 1434 proteruntur,
840 1374 916 1434 quae
942 1356 1060 1436 quidem
1081 1357 1241 1419 masculina
1260 1366 1311 1421 aut
1332 1356 1434 1441 semili-
1447 1377 1471 1420 n

135 1464 207 1527 nina
229 1469 312 1535 sunt,
331 1459 496 1539 genetivum
519 1455 629 1517 iaciunt
652 1463 706 1516 out
726 1475 781 1536 per
801 1459 815 1519 i
834 1467 884 1520 aot
904 1478 958 1539 per
979 1478 1032 1534 us,
1054 1459 1132 1521 velut
1147 1459 1228 1540 peri
1249 1459 1298 1520 bic
1318 1459 1434 1523 blarcos'

137 1562 243 1638 blanci,
265 1562 338 1624 baec
362 1560 462 1622 leurus
485 1558 576 1634 lauri;
606 1576 661 1638 per
685 1577 720 1620 us
742 1568 840 1622 autem
861 1562 910 1622 hic
931 1571 1051 1624 senatus
1071 1569 1208 1636 senatus,
1228 1561 1303 1623 baec
1327 1561 1433 1623 domus

136 1667 257 1729 domus:
285 1663 311 1724 si
336 1669 433 1724 eutem
463 1661 571 1723 luerint
599 1661 758 1737 neutraba,
789 1681 843 1743 per
869 1664 911 1739 is,
945 1664 1023 1725 velut
1050 1665 1106 1725 boc
1133 1673 1248 1744 tempus
1280 1663 1433 1744 temporis,

77 1832 86 1849 .
136 1769 193 1830 boc
220 1784 327 1828 monus
354 1763 493 1826 moueris.
539 1762 723 1843 excipiuntur
750 1772 846 1825 autem
869 1764 943 1825 baec
969 1766 998 1826 in
1021 1766 1207 1841 masculinis,
1234 1765 1326 1844 Ligus
1347 1765 1435 1846 lepus

135 1875 235 1944 vetus3
258 1854 379 1957 laniunt·
389 1865 467 1927 enim
488 1865 622 1943 genetivo
638 1865 753 1945 liguris
767 1866 876 1948 leporis
891 1867 1015 1929 veteris:
1038 1868 1068 1929 iu
1088 1867 1234 1930 femininis
1249 1867 1338 1942 baec,
1355 1885 1467 1946 quaen

136 1972 206 2034 item
228 1968 339 2030 iaciunt
359 1968 524 2047 genetivum
542 1987 599 2049 -per
620 1968 666 2043 is,
683 1968 762 2031 salus
781 1967 898 2042 salutis,
922 1968 1057 2032 iuventus
1079 1970 1252 2045 iuventutis,
1273 1970 1358 2050 palus
1381 1989 1435 2050 pa·

136 2073 229 2148 lodis,
253 2078 391 2133 senectus
411 2067 585 2144 senectutis,
608 2070 700 2132 virtus
722 2071 851 2145 virtutis,
874 2071 998 2132 servitus
1016 2073 1179 2148 servitutis,
1202 2073 1289 2135 tellus
1308 2072 1432 2146 telluris,

136 2176 233 2237 Venus
248 2173 384 2247 Veneris,
407 2162 488 2233 lraus
510 2171 636 2247 fraudis,
661 2172 725 2235 laus
746 2173 856 2235 lendis:
879 2173 909 2234 br
925 2173 1106 2237 neutralibus
1124 2175 1214 2250 baec,
1232 2176 1355 2257 pelagus
1370 2176 1433 2237 vul·

136 2297 192 2357 gns
214 2277 301 2338 virus.
346 2292 414 2336 nam
435 2275 621 2352 cumomnia
643 2274 785 2337 neutralia
807 2275 915 2338 lociant
936 2277 1099 2356 genetivum
1119 2295 1174 2358 per
1194 2277 1251 2353 ris,
1274 2279 1338 2340 sola
1358 2279 1433 2340 baec

137 2381 190 2443 tria
223 2379 387 2459 genetivum
419 2377 529 2439 iaciunt
560 2397 615 2458 per
637 2377 662 2453 i,
696 2394 872 2458 quamquam
898 2380 936 2441 de
963 2380 1049 2457 vulgo
1077 2379 1240 2459 ambigitur.
1285 2380 1462 2441 inveniturn

137 2484 213 2547 enim
235 2491 265 2544 et
284 2481 446 2543 masculine
467 2480 591 2556 elatum,
615 2488 646 2542 ut
666 2480 743 2560 apud
765 2479 921 2559 Vergilium
939 2480 969 2542 in
991 2480 1017 2542 ll

672 2580 760 2641 binc
780 2600 962 2662 spargere
983 2602 1092 2646 voces

301 2684 336 2744 in
359 2682 508 2761 vulgum
530 2682 731 2761 ambiguas.

137 2787 286 2852 sedidem
309 2795 338 2847 et
359 2786 529 2848 neutrabtcr
551 2783 580 2843 in
604 2783 616 2842 l

462 2876 664 2962 ¹saevitque
687 2885 821 2947 animis
840 2886 1007 2966 ignobile
1031 2888 1172 2967 volgus.
1444 2923 1456 2962 «ρ

137 2989 357 3052 meminerimus
384 2994 481 3048 autem
508 2987 627 3069 pelagus
655 2996 684 3048 et
707 2987 809 3067 vulgus
837 2994 947 3050 tantum
974 2991 1061 3053 niodo
1084 2989 1269 3071 singulariter
1291 2991 1432 3053 declinari

137 3093 265 3171 itemque
288 3090 374 3152 virus.

222 3194 320 3255 Pentvs
342 3212 399 3271 quo
423 3193 510 3254 modo
530 3192 635 3254 debeat
653 3192 791 3254 declinari
812 3191 954 3254 incertum
975 3203 1029 3255 est.
1074 3213 1142 3256 nam
1160 3195 1280 3257 Plautus
1295 3196 1324 3257 in
1343 3197 1433 3257 Pseu-

138 3296 206 3359 dulo
233 3297 336 3358 codem
364 3297 426 3357 lere
453 3295 518 3358 loco
547 3304 576 3357 et
597 3295 761 3358 masculino
784 3314 891 3373 genere
920 3296 990 3357 dicit
1011 3298 1058 3357 bic
1079 3317 1174 3378 penus
1196 3306 1225 3358 et
1250 3305 1355 3359 neutro
1375 3299 1432 3360 boc

137 3418 242 3481 penus.
286 3397 428 3478 Vergilius
455 3406 552 3460 nutem
580 3399 667 3461 etiam
694 3397 833 3458 leminino
862 3397 1026 3476 ‘longam
1051 3402 1211 3479 pennm'.
1255 3398 1345 3477 igitur
1364 3418 1451 3460 comt

136 3502 284 3582 possimus
301 3502 463 3564 secuudum
484 3509 653 3563 neutrorum
675 3501 797 3561 lormam
818 3499 904 3561 bivios
927 3501 1044 3580 penoris
1067 3500 1177 3574 dicere,
1201 3499 1244 3560 vel
1267 3500 1432 3561 secundum

136 3603 365 3666 mascrdinornm
384 3612 414 3666 et
433 3605 639 3666 leuduinorvun
659 3602 746 3663 buius
767 3602 852 3682 peni,
876 3609 1012 3663 neutrum
1034 3602 1115 3678 dico,
1143 3601 1210 3680 quia
1231 3603 1309 3684 apud
1331 3611 1432 3665 aucto-

137 3722 186 3767 res
208 3706 338 3766 nondum
359 3706 522 3787 exemplum
545 3706 622 3784 quod
649 3725 755 3784 sequar
776 3705 880 3766 inveni,

223 3807 354 3868 Carduus
373 3806 459 3868 trium
481 3807 655 3889 syllabantm
680 3816 740 3883 est,
764 3815 795 3868 nt
815 3807 924 3870 arduus
948 3810 1045 3870 latuus
1067 3817 1215 3884 mortum,
1243 3808 1370 3888 ideoque
1392 3809 1432 3870 si-

137 4031 171 4084 34
206 4031 232 4081 N
247 4038 256 4080 l
272 4037 294 4088 8,
311 4034 324 4076 l
359 4029 473 4080 Carduns

280 4250 293 4276 0

212 4292 225 4343 1
245 4293 339 4343 ebnmo
358 4290 385 4340 N
456 4289 524 4341 dod
542 4288 733 4339 similitudinem
750 4289 866 4353 eborisp
885 4287 1085 4339 insimilitudine
1103 4287 1191 4353 eburis
1209 4286 1248 4335 N·'
1309 4287 1326 4338 8
1344 4287 1371 4336 in
1389 4302 1432 4338 sn-

137 4360 294 4429 pedoribus]
313 4376 340 4423 ρ.
360 4358 394 4412 30
411 4360 446 4424 cs.
461 4374 489 4422 p.
510 4358 564 4409 10.
629 4359 745 4422 liquore
762 4385 797 4394 -
816 4359 848 4410 15
864 4359 957 4408 veteris
976 4357 1074 4409 Oleniis.
1091 4373 1118 4421 ρ.
1140 4357 1190 4408 109
1279 4355 1307 4406 ll
1334 4357 1432 4407 iaciunt

139 4441 183 4482 snt
200 4447 246 4498 per
264 4435 282 4491 i,
300 4438 343 4481 aut
361 4445 406 4496 per
423 4445 463 4492 ns,
481 4428 559 4479 ueluti
576 4443 623 4493 per
641 4429 649 4476 i
668 4427 800 4479 Pntecltins
817 4426 993 4495 laciontlper
1011 4430 1027 4477 i
1045 4442 1090 4492 per
1107 4443 1137 4477 us
1156 4428 1250 4491 u'iiper
1267 4426 1275 4474 i
1292 4427 1324 4489 N,
1344 4429 1431 4494 inquo

138 4517 194 4551 m
210 4505 226 4551 ai
242 4502 352 4552 addition
368 4507 435 4551 esset
450 4502 475 4550 in
493 4506 606 4549 extremo
622 4514 696 4549 versu
714 4499 838 4561 dispicere
855 4512 903 4548 nco
919 4501 997 4561 potui
1016 4497 1112 4548 lociuot
1129 4497 1256 4560 perient
1273 4512 1320 4562 per
1338 4512 1369 4548 ns
1386 4507 1429 4548 ont

138 4585 184 4636 per
201 4572 223 4620 is
241 4588 277 4623 to:
296 4586 342 4637 per
363 4571 370 4619 i
388 4569 431 4620 uel
446 4584 493 4635 per
507 4584 538 4620 ns
556 4575 599 4618 eut
615 4583 662 4633 per
680 4570 703 4617 is
721 4567 850 4618 &damnus
864 4585 893 4634 p.
913 4567 963 4620 109
1045 4567 1076 4616 21
1103 4564 1244 4631 Vergilium
1263 4568 1288 4615 in
1305 4565 1344 4632 ll]
1362 4568 1427 4620 Aen.

138 4641 162 4690 ll
178 4640 212 4692 98
281 4642 315 4691 24
334 4642 359 4691 iu
377 4636 400 4704 l]
418 4640 484 4693 Aen.
503 4641 512 4689 l
531 4637 581 4689 149
662 4637 696 4689 26
713 4645 795 4687 entem
810 4645 906 4688 tontum
924 4636 999 4687 modo
1017 4635 1125 4702 pelagus
1141 4644 1165 4684 et
1182 4636 1275 4701 uulgus
1291 4637 1430 4699 singulari-

139 4716 177 4758 ter
195 4709 221 4759 N
288 4710 322 4760 28
340 4711 366 4757 in
380 4706 519 4774 Pseudulo]
536 4710 547 4759 l
565 4711 591 4769 9,
609 4709 644 4758 45
659 4707 725 4773 (178
742 4705 780 4770 lt)
796 4721 893 4758 annulos
911 4716 1062 4772 congeretur
1080 4719 1170 4772 penos,
1189 4707 1199 4753 l
1218 4709 1243 4763 2,
1260 4706 1293 4757 91
1314 4709 1378 4772 (228
1392 4706 1428 4770 Ii)

140 4792 213 4828 omne
232 4777 281 4828 buc
298 4793 378 4843 penus
397 4779 524 4830 adlevetur
593 4776 791 4844 ubitergium]
810 4778 876 4828 Aen.
896 4777 976 4828 1704
1045 4775 1146 4842 plenam
1165 4789 1307 4841 poenump
