3114 5356
135 284 197 345 252
698 282 859 345 ctttmstt

186 414 209 456 ρ,
222 402 271 446 ara.
284 400 311 441 ιι
325 399 348 441 e.
1161 397 1163 400 ’
1258 412 1281 453 ,».
1297 398 1335 441 ro
1346 398 1370 442 ι.

34 528 41 539 .
135 493 198 536 sem
224 474 374 546 fecissem,
407 480 522 533 metam.
566 471 747 534 subiunctiva
771 489 838 533 cum
860 477 982 545 metam,
1012 476 1168 542 meterem,
1200 488 1327 533 messem
1345 473 1411 533 iece-

135 575 207 649 rim,
233 593 359 636 messem
381 574 533 648 fecissem,
556 584 681 636 messem
704 575 808 634 lecero.
852 572 991 645 infinitiva
1011 579 1136 642 metere,
1159 590 1287 633 messem
1308 572 1411 644 iecisse,

135 670 267 739 messum
287 676 338 737 ire.
381 677 532 757 participia
560 685 689 750 metens,
721 694 880 737 messurus.
925 675 995 736 item
1026 674 1141 755 passivo
1173 673 1270 734 modo.
1315 674 1411 735 linitiva

136 778 272 843 instantis
295 786 389 840 metor
407 780 525 842 meteris
546 778 680 851 metitur,
699 779 829 839 metchar
842 777 999 839 memberis
1013 777 1189 851 metebatur,
1212 792 1330 837 messus
1347 794 1411 847 sum,

135 894 251 945 messus
272 902 367 955 eram,
402 890 504 943 metar.
548 882 673 961 optativa
703 889 733 942 ut
760 890 899 956 meterer,
931 900 1046 943 messus
1075 880 1147 953 sim,
1176 896 1294 939 messus
1316 892 1430 949 essems

135 994 238 1046 metar.
279 985 459 1046 suhinuetira
478 1005 545 1047 eum
562 990 670 1056 molar,
691 991 829 1058 meterer,
852 1003 966 1045 messus
984 984 1055 1057 sim,
1078 1001 1193 1044 messus
1211 998 1326 1053 essem,
1346 998 1414 1039 mes·

136 1106 188 1149 sus
212 1106 272 1148 ero.
317 1086 455 1149 infinitiva
487 1088 574 1160 meti,
604 1103 733 1147 messum
759 1104 841 1160 esse,
873 1104 1002 1148 messum
1030 1085 1073 1146 iri.
1118 1082 1270 1164 participia
1299 1100 1413 1157 messus,

137 1189 300 1249 metendos.

560 1429 565 1438 .
591 1374 630 1436 lll
672 1373 720 1435 ΝΕ
742 1373 978 1436 thcflotttt’ts

223 1494 298 1571 Sum
319 1493 460 1571 quaedam
484 1493 569 1554 verba
591 1511 666 1572 qtrae
694 1492 861 1554 inchoativa
881 1493 1081 1573 appellantur,
1113 1484 1256 1571 demand,
1291 1507 1445 1573 quaequett

137 1616 199 1658 rem
222 1596 308 1658 modo
332 1593 496 1655 inchoatam
515 1603 544 1655 et
566 1598 692 1663 loturam
712 1593 890 1671 significant,
918 1595 997 1656 velot
1017 1597 1171 1669 horresco,
1199 1595 1229 1655 id
1249 1604 1296 1657 est
1316 1595 1419 1676 incipio

138 1700 273 1770 horrere,
306 1705 458 1777 torpesco,
485 1696 592 1777 incipio
615 1705 738 1777 torpere.
782 1702 811 1755 el
833 1696 1004 1775 regulariter
1022 1698 1177 1760 diremtum
1195 1708 1240 1759 est
1261 1698 1421 1760 inchoativa

137 1820 171 1862 ea
193 1799 332 1880 appellari
353 1818 428 1878 quae
450 1818 501 1859 sco
523 1799 629 1879 syllaba
650 1797 855 1871 terminantur,
885 1798 944 1859 sire
965 1800 1001 1860 ab
1024 1802 1071 1862 his
1096 1800 1190 1861 serbis
1212 1801 1330 1862 veniant
1350 1817 1422 1880 quae

137 1904 268 1965 olittera
290 1902 497 1995 tenuius-ntur,
531 1908 563 1962 nt
589 1901 692 1961 horreo
715 1900 870 1974 horresco,
907 1901 965 1961 sire
992 1902 1028 1964 ab
1050 1903 1096 1963 his
1118 1921 1191 1981 qnae
1213 1922 1229 1962 r
1250 1902 1346 1963 littera
1367 1910 1424 1963 ter-

137 1996 354 2080 minantur,'ut
374 2005 516 2066 misereor
533 2005 699 2066 miseresce.
743 2022 798 2063 nec
819 2003 925 2063 hahent
947 2005 1134 2085 praeteritum
1156 2005 1335 2085 perlectum,
1357 2005 1460 2084 quiae

137 2108 213 2188 qrrod
237 2108 403 2169 inchoatum
429 2115 474 2168 est
495 2127 553 2169 non
579 2114 624 2168 est
652 2106 820 2186 perlectum.
866 2106 942 2166 trude
972 2107 1088 2184 qondam
1117 2108 1211 2168 solent
1240 2106 1270 2166 in
1298 2106 1426 2168 declina·

136 2210 215 2271 tione
237 2208 483 2283 inchoatirorum,
505 2229 571 2271 cum
593 2209 629 2269 ad
649 2209 809 2289 perlectum
830 2192 976 2281 venerint,
1004 2209 1135 2286 quamvis
1153 2208 1317 2271 inchoatiee
1335 2207 1427 2269 deeli-

137 2318 221 2385 nent,
251 2310 341 2371 nihilo
364 2312 461 2375 minus
485 2310 639 2372 inchoatisi
669 2308 746 2370 rerhi
773 2310 903 2389 perlecto
924 2309 981 2383 uti,
1009 2311 1084 2370 rehrt
1107 2311 1247 2371 horresco
1267 2311 1368 2372 horrui
1392 2331 1427 2372 ex

137 2432 171 2472 eo
193 2413 270 2490 quod
290 2419 335 2472 est
356 2412 462 2473 horreo
485 2394 598 2486 horrui,
626 2419 655 2471 et
674 2411 800 2492 palleseo
820 2411 908 2491 pallui
932 2431 966 2472 ex
984 2432 1019 2473 eo
1041 2413 1119 2490 qrtod
1142 2422 1186 2474 est
1208 2412 1303 2492 palleo
1325 2413 1428 2493 pallui.

136 2515 240 2576 horum
261 2513 489 2575 inchoatirornm
510 2515 596 2574 recha
622 2514 780 2593 primitiva
808 2534 886 2575 utine
907 2514 936 2574 in
959 2535 1013 2576 usn
1033 2534 1095 2575 non
1122 2523 1204 2589 suut,
1233 2523 1265 2576 ut
1294 2523 1427 2595 tepesco,
1441 2540 1466 2582 nn

136 2617 201 2696 qnia
221 2617 329 2676 dictum
351 2622 396 2674 eet
415 2624 515 2693 tepeo,
545 2616 683 2676 horresco
704 2616 824 2688 horreo,
858 2615 974 2678 alhes'eo
1004 2625 1101 2678 autem
1129 2618 1221 2679 albeo.
1267 2637 1335 2679 nam
1368 2620 1431 2699 pri·

137 2736 213 2779 mam
237 2715 409 2796 positionem
433 2717 495 2777 eius
515 2715 647 2795 deerrarit
665 2715 821 2789 Vergilius,
844 2733 909 2776 cunr
931 2716 970 2776 ait

551 2816 743 2894 campique
765 2817 939 2894 ingentes
962 2820 1113 2883 ossihus
1136 2821 1273 2882 alhent.

136 2921 205 2981 item
229 2920 382 2979 insenesco
410 2938 469 2980 non
496 2919 584 2980 hahet
611 2919 739 2979 iuvenco.
784 2937 905 2979 senesce
933 2929 1028 2981 autem
1055 2944 1130 2984 nnnc
1161 2925 1190 2984 in
1217 2945 1270 2986 usu
1299 2934 1343 2985 est
1360 2930 1431 2988 'l're-

137 3040 246 3100 qnens,
280 3020 356 3100 apud
381 3021 516 3098 antiquos
548 3030 644 3082 tannen
676 3029 705 3081 el
735 3041 823 3083 seneo
855 3022 1018 3100 dieehatur3
1056 3028 1132 3087 arride
1163 3035 1192 3087 et
1221 3029 1354 3090 Catullus
1384 3032 1466 3095 siem

136 3123 254 3195 rettulit,
683 3104 688 3113 ⁸
920 3114 925 3121 ’

589 3247 684 3288 ιιιιιιο
705 3228 904 3288 recondita

302 3337 406 3389 senet
429 3329 553 3406 ‹periete
577 3349 688 3408 seque
710 3329 860 3389 dedicat
883 3329 968 3399 tihi,

298 3432 458 3510 pernelle
480 3431 620 3492 Castor
642 3439 675 3491 et
695 3430 851 3509 genrelle
874 3432 1053 3495 Castoris.

135 3554 169 3595 ex
198 3554 379 3615 quarumque
405 3543 501 3595 aedem
527 3535 728 3614 coniugatione
753 3542 849 3594 ortum
879 3536 962 3595 tuem
994 3536 1111 3595 verbnm
1142 3537 1355 3610 inchoativum,
1398 3543 1466 3605 ineo

135 3638 218 3698 tertia
241 3638 433 3700 deeliuohitnr
455 3637 665 3714 coniugatione.
711 3637 781 3696 liunt
807 3644 903 3698 autern
926 3637 1087 3697 inchoativa
1106 3646 1155 3697 aut
1177 3659 1193 3697 a
1216 3641 1312 3702 rerhis
1335 3654 1428 3703 atita

134 3739 391 3802 declinationibus:
423 3757 443 3798 ιι
461 3737 565 3798 cerdis
588 3737 666 3797 rehtt
684 3737 764 3798 caleo
790 3738 919 3811 calesco,
948 3735 960 3821 ll
986 3740 1090 3800 deliteo
1111 3741 1265 3813 delitesco,
1302 3743 1428 3806 frondeo

131 4010 143 4035 ο
203 3996 413 4043 dmeusussum
432 4004 530 4039 messus
550 4004 617 4037 eram
638 3990 662 4037 P
747 3992 764 4039 tt
783 4005 814 4038 or.
834 3988 1008 4054 iscuonrrrrs]
1037 3991 1113 4043 dioro.
1133 4008 1159 4054 p.
1179 3991 1302 4057 2l33epq.
1395 3998 1428 4049 10

135 4077 266 4144 quaeque]
283 4076 316 4141 ᾗ
336 4077 376 4140 (le.
396 4093 419 4126 e.
439 4076 556 4139 quoque)
573 4075 598 4123 Ν
606 4090 612 4122 2
639 4090 713 4138 queo:
740 4092 791 4126 rem
815 4078 915 4126 modum
934 4076 1026 4125 habent
1046 4078 1209 4126 iudicatinum
1229 4090 1252 4127 et
1271 4079 1317 4129 lut.
1334 4070 1426 4148 siguli.

135 4158 163 4200 ut
183 4164 255 4199 orreo
274 4161 374 4200 orresco
390 4148 416 4196 id
437 4156 475 4194 est
491 4145 584 4210 incipio
600 4160 683 4194 orrere
700 4147 722 4193 P
790 4146 821 4196 17
840 4147 966 4196 declinent
980 4146 1004 4192 P
1019 4146 1144 4195 declinant
1159 4148 1183 4197 Ν
1254 4147 1286 4199 18
1304 4149 1428 4204 horresco

135 4219 222 4269 horrui
241 4228 268 4267 ut
284 4234 314 4268 cx
332 4235 362 4266 co
383 4216 449 4278 quod
469 4224 506 4264 est
517 4214 607 4263 horreo
617 4214 702 4264 horrui
717 4224 741 4264 et
752 4215 864 4279 polleseo
876 4215 953 4281 pallui
972 4231 1002 4264 ex
1021 4232 1050 4264 eo
1070 4219 1136 4277 quaid
1158 4226 1194 4265 est
1214 4218 1297 4280 polleo
1316 4220 1342 4269 Ν
1368 4222 1428 4273 hor.

107 4304 207 4355 gresco
220 4288 316 4338 horrui.
337 4295 359 4336 ct
378 4285 490 4351 pollesco
508 4284 588 4349 pollui
606 4299 638 4333 cx
657 4301 686 4333 eo
704 4286 771 4347 qrtod
788 4295 825 4335 est
843 4286 926 4352 palleo
943 4284 1021 4350 pallui
1033 4285 1057 4333 P
1125 4289 1248 4338 2tluerho
1259 4303 1324 4339 rorone
1336 4292 1363 4340 iu
1379 4309 1428 4344 usu

574 4357 637 4403 tepeo

134 4419 192 4461 suut
210 4418 236 4460 nt
253 4419 352 4475 tepesco
372 4408 431 4470 quin
449 4407 542 4456 dictum
557 4405 652 4480 th’
670 4406 772 4457 nlheeeo
783 4407 807 4455 Ν
825 4407 902 4456 uerba
920 4422 986 4458 nuuc
1002 4407 1091 4458 inrisus
1110 4419 1168 4458 sunt
1187 4418 1213 4457 ut
1232 4419 1306 4474 tepeo
1323 4420 1427 4477 tepesco

134 4497 194 4558 quia
212 4497 306 4546 dietum
324 4496 443 4545 horresco
462 4493 552 4543 horreo
571 4492 672 4541 albosco
691 4493 730 4541 P:
754 4495 789 4556 cf.
809 4494 887 4542 Dioni.
905 4507 932 4554 ρ.
951 4492 1002 4544 334
1017 4510 1056 4558 sq.
1144 4497 1178 4544 22
1197 4496 1336 4561 Vergilius}
1358 4501 1426 4555 Aen.

134 4597 182 4647 llll
202 4598 235 4649 :sd
320 4602 353 4650 25
373 4599 471 4648 catulus
490 4598 546 4647 ΝΡ.
566 4598 653 4649 Gotott.
670 4599 694 4658 l,
717 4600 750 4647 25
836 4596 869 4646 28
884 4605 953 4645 seuet
973 4598 1104 4649 Diouoedes
1120 4616 1147 4661 p.
1168 4599 1219 4650 335
1238 4583 1265 4650 st
1284 4600 1309 4648 N
1326 4613 1386 4652 scrut
1407 4606 1431 4654 1²

202 4668 286 4729 qtriete
302 4683 378 4733 seque
398 4669 496 4719 dedicat
512 4667 556 4716 tibi
577 4667 602 4716 N
623 4667 664 4728 qud
684 4681 798 4728 senescq:
816 4666 911 4716 didicat
930 4667 975 4716 tibi
999 4668 1023 4715 P
1108 4672 1141 4719 ut)
1164 4670 1271 4733 gemelle
1295 4671 1386 4722 Castor
1403 4684 1430 4724 et

134 4751 178 4785 ont.
196 4736 252 4800 NP,
271 4738 330 4789 odd.
349 4739 482 4789 Diomedes
565 4737 597 4789 31
616 4752 631 4785 n
648 4745 707 4787 ante
725 4735 936 4788 declinationibus
951 4752 996 4786 om.
1016 4738 1048 4798 N,
1065 4739 1127 4792 odd.
1145 4741 1170 4789 P
1255 4739 1288 4791 32
1307 4745 1429 4795 acerbis

133 4820 178 4855 oro.
199 4807 256 4868 ΝΡ,
277 4808 366 4857 addidi
383 4823 418 4857 ex
437 4806 676 4869 noviomenses·
1291 4810 1302 4829 ⁹
