3114 5356
75 292 78 297 ·
133 269 195 333 394
695 258 879 323 utottultts

187 382 350 515 p'lilimoerli
369 450 474 530 recipit
495 448 603 509 tlnitira
624 455 710 508 acuto
731 452 854 506 accentu
870 443 986 504 elatum.
1025 443 1151 503 elicitur
1169 449 1296 515 autem,
1319 442 1430 521 quotieas

135 577 189 639 pro
213 574 248 615 eo
269 553 411 633 accipitur
432 549 510 629 quod
533 557 579 609 est
598 567 656 626 quo
679 545 783 619 modo,
806 553 837 605 ut
859 544 936 625 apud
960 544 1135 604 Ciceronem
1158 543 1225 601 ‘ut
1247 543 1429 604 sustinuit.

135 659 245 719 immo
267 674 353 715 aero
379 659 416 711 ut
439 646 708 728 contempsit?’
735 648 763 707 id
786 653 832 706 est
854 662 914 722 quo
936 644 1033 704 modo.
1078 640 1226 720 quotiens
1245 661 1320 703 vero
1341 660 1428 723 pmeo

137 755 284 835 qualest
312 753 389 830 apud
411 753 540 811 Graecos
567 748 619 808 ira
648 747 807 827 accipitur,
837 746 965 826 optativa
993 742 1115 822 recipit,
1149 742 1246 803 veluti
1276 752 1311 804 nt
1339 743 1428 803 ladam

138 877 197 919 non
220 872 379 932 numquam
404 860 500 912 umen
524 859 554 910 et
574 856 699 911 accentu
721 855 808 909 acuto
829 846 937 907 elatum
959 844 1065 923 recipit
1085 843 1300 917 subiunctira,
1328 861 1444 923 prrarpes

138 958 195 1019 sito
228 974 299 1017 saue
329 953 439 1014 linitivo
471 949 584 1026 aerbo,
619 968 703 1010 more
731 967 790 1027 quo
817 928 906 1026 'supra
939 944 1057 1006 [ormari
1081 943 1206 1005 relativa
1236 944 1378 1014 diximus,
1406 954 1428 999 at

138 1057 216 1138 apud
239 1054 396 1133 Vergilium

304 1153 514 1226 infandum,
536 1151 686 1229 regina,
709 1148 819 1209 iubes
840 1165 1023 1207 renovare
1044 1145 1218 1206 dolorem

304 1255 337 1315 T.
361 1275 390 1315 u.
414 1274 441 1315 o.
460 1273 485 1314 e.
505 1253 524 1313 l.
547 1272 571 1312 r.
591 1270 617 1311 e.
641 1250 675 1309 u.
1136 1310 1146 1333 ὓ

140 1359 233 1420 idest
251 1374 309 1433 quo
328 1354 417 1415 niodo
439 1354 577 1414 eruerint.
1437 1363 1451 1399 n

225 1456 299 1516 Item
318 1454 429 1521 utinam
446 1452 550 1532 recipit
569 1450 711 1531 optativa,
734 1450 822 1511 veluti
845 1449 954 1509 uiduam
975 1447 1080 1507 veniat.
1323 1522 1326 1526 Ι

226 1553 300 1613 Item
328 1570 366 1611 ne
394 1561 479 1612 acuto
506 1559 630 1611 accentu
652 1550 761 1610 elatum
782 1549 951 1628 imperativa
972 1547 1094 1625 recipit,
1117 1545 1209 1606 voturi
1225 1565 1264 1607 ne
1283 1549 1339 1608 lac.
1372 1566 1429 1624 qno

144 1658 219 1718 tiens
241 1672 309 1714 vero
334 1653 413 1730 gravi
436 1660 560 1713 accentu
578 1670 631 1730 pro
657 1671 692 1710 eo
713 1651 791 1728 quod
811 1659 855 1711 ost
876 1649 954 1729 apud
983 1648 1112 1708 Graecos
1142 1645 1196 1705 ἵνα
1224 1641 1268 1725 μή
1293 1649 1428 1728 accipitur.

143 1756 269 1838 optativa
292 1753 412 1833 recipit,
435 1760 467 1811 ut
485 1751 562 1829 apud
583 1751 735 1812 Horatium

974 1853 1018 1894 ne
1040 1833 1158 1895 iacias
1180 1834 1278 1911 quod
1439 1855 1454 1892 n

309 1921 501 1983 Numidiae
524 1919 682 1998 quidam.

147 2023 215 2112 [dixi
241 2024 312 2084 mihi
340 2018 445 2105 placet]
478 2040 537 2081 non
570 2033 729 2096 numquam
758 2038 843 2093 roro,
877 2017 990 2080 etiamsi
1020 2027 1106 2079 acuto
1140 2025 1267 2079 accentu
1299 2021 1431 2085 elieratnr,

144 2127 270 2207 optativa
294 2142 410 2202 quoque
433 2122 553 2201 recipit,
585 2120 672 2180 veluti
692 2139 729 2179 ne
752 2121 867 2191 ronias,
900 2139 937 2179 ne
966 2118 1086 2179 scribas.
1132 2118 1185 2178 sed
1214 2118 1340 2180 interest
1369 2119 1432 2179 inter

144 2229 203 2288 hoc
225 2235 254 2286 et
281 2225 352 2286 illud
376 2222 462 2301 quod.
478 2221 602 2281 diximus
631 2239 668 2279 ue
689 2220 749 2294 lac,
778 2221 855 2298 quod
878 2220 935 2280 lroe
955 2219 1150 2298 imperamus,
1179 2220 1320 2298 superius
1342 2220 1432 2280 suale-

144 2344 220 2388 mus.
263 2325 368 2405 recipit
393 2341 511 2401 quoque
537 2322 566 2381 id
592 2321 690 2398 ipsum
722 2330 808 2382 acuto
843 2327 967 2397 accentu
1000 2319 1108 2379 elatum
1141 2318 1269 2393 finitiva,
1310 2320 1458 2398 quotieuss

144 2426 304 2507 εἰρωνικῶς
326 2422 486 2501 accipimus
508 2441 562 2501 pro
584 2440 619 2480 eo
646 2421 723 2498 quod
745 2429 790 2482 est
812 2420 889 2501 apud
909 2420 1036 2481 Graecos
1055 2419 1106 2477 rai
1126 2419 1169 2479 rei
1192 2420 1288 2480 laetae
1310 2421 1431 2481 adsuma-

145 2528 240 2602 tione,
260 2525 338 2603 qnod
360 2531 405 2583 est
425 2521 503 2601 apud
525 2522 697 2583 Ciceronem
719 2526 781 2583 ‘ne
809 2521 867 2582 illi
889 2522 1129 2582 vehementer
1151 2527 1314 2581 errant’.
1358 2520 1433 2581 adir-

144 2636 204 2688 mat
226 2626 303 2687 enim
325 2622 391 2683 illos
414 2621 602 2680 vehementer
623 2640 729 2682 errare.
776 2623 910 2700 quotiens
932 2641 1001 2683 roro
1022 2623 1064 2683 rei
1086 2622 1193 2683 dubiae
1216 2630 1246 2681 et
1268 2622 1352 2699 quasi
1370 2636 1433 2680 'coa-

144 2725 281 2786 dieionali
307 2729 440 2800 aptatur,
474 2721 577 2799 recipit
604 2729 634 2781 et
658 2723 840 2784 subiunctira
865 2722 967 2783 eodem
994 2730 1119 2782 accentu
1143 2722 1269 2796 elatmu,
1309 2732 1341 2783 ut
1366 2719 1432 2800 apud

146 2824 319 2885 Ciceronem
341 2822 403 2880 ‘ue
425 2830 476 2893 tu,
498 2820 626 2895 Eruci,
650 2831 854 2885 occursator
874 2841 980 2883 esses
1001 2821 1215 2882 ridiculus'.

231 2922 303 2982 ltem
335 2928 491 3000 postquam
519 2923 605 2982 modo
632 2925 741 2985 imitiva
767 2924 855 2985 modo
883 2912 1063 2984 sulrinnctira
1093 2923 1211 3003 recipit:
1248 2924 1356 2984 finitiva
1387 2923 1432 2982 sie

148 3021 284 3098 quotiens
303 3021 433 3082 iunctum
455 3020 611 3100 accipitur,
636 3033 666 3083 ut
689 3034 732 3085 est
751 3026 829 3105 apud
848 3023 1004 3102 Vergilium

311 3130 508 3199 postquam
530 3142 589 3184 res
608 3125 717 3184 :isiae
740 3126 771 3185 l'.
795 3145 819 3185 e.
842 3144 870 3202 g.
893 3125 912 3184 i.
933 3144 958 3183 r.
978 3145 1002 3184 s,

147 3220 240 3279 idest
261 3229 416 3298 postquam
438 3224 530 3283 risum
553 3232 595 3282 est
620 3224 751 3303 superis;
788 3224 968 3287 subiunctira
993 3244 1078 3299 vero,
1111 3227 1248 3302 quotiens
1271 3231 1433 3297 seremitna

148 3320 233 3380 relati
257 3323 339 3399 ‘post
357 3320 370 3404 Η
384 3325 450 3384 linis
472 3342 557 3401 quam
578 3325 671 3385 lacteis
697 3332 793 3387 esset’
817 3335 846 3386 et
869 3325 982 3386 similia.
1444 3354 1461 3383 a

217 3488 229 3537 l
248 3492 312 3540 etan
331 3494 431 3559 ABMp
449 3497 554 3546 relatum
573 3500 673 3548 coriiees
691 3498 800 3546 Charisii
868 3500 883 3546 2
900 3499 968 3562 apud
986 3494 1140 3562 Ciceronem]
1158 3515 1209 3561 pro
1228 3499 1287 3549 Mil.
1306 3503 1349 3559 21,
1358 3503 1391 3551 (il

147 3558 163 3609 3
184 3567 210 3606 ut
228 3562 361 3626 tempsitp
430 3564 446 3613 3
466 3565 545 3614 idest
564 3566 741 3629 quomodoph
765 3565 790 3612 id
810 3573 848 3613 cst
866 3567 991 3629 quomodo
1016 3566 1042 3614 id
1067 3577 1104 3615 est
1124 3567 1183 3615 ΑΜ
1210 3569 1235 3616 id
1255 3579 1294 3617 est
1317 3568 1433 3633 quomodo

146 3648 202 3677 aaut
220 3629 244 3676 B
330 3632 347 3680 4
368 3633 410 3679 iun
428 3633 518 3689 ΑΒΜ,
536 3652 580 3685 om.
598 3651 616 3698 p
704 3635 817 3699 optatiua
842 3637 930 3699 recipit
952 3652 971 3698 p
990 3643 1014 3685 et
1033 3636 1162 3685 Charisius
1178 3638 1307 3701 optatiuis
1331 3640 1434 3704 iungitur

149 3697 206 3747 ΒΜ
222 3698 340 3762 optatiuis
360 3716 419 3747 nero
439 3702 552 3767 iungitur
571 3703 595 3750 Α
680 3703 696 3752 5
714 3710 817 3750 accentu
832 3713 905 3751 nerito
924 3705 1029 3752 relatam
1048 3704 1106 3767 Ape
1124 3717 1227 3754 aeremu
1246 3717 1350 3757 auetore
1367 3708 1433 3756 laurm

146 3765 205 3816 BM
221 3775 293 3814 acuto
312 3778 416 3817 accentu
435 3770 528 3818 elatum
548 3772 677 3820 Charisius
748 3773 842 3834 recepit
859 3773 885 3821 B
973 3772 1084 3821 drerbo
1104 3773 1233 3823 Charisius
1252 3778 1329 3824 modo
1345 3795 1374 3841 p.
1393 3791 1433 3825 aa·

147 3834 231 3883 ΑΒΜ
316 3836 419 3886 formari
444 3839 548 3887 relativa
567 3839 696 3889 Charisius
714 3839 796 3888 lorma
821 3839 925 3889 relatiua
940 3841 990 3889 ΑΒ
1017 3838 1099 3889 lormu
1121 3842 1226 3890 relatiua
1247 3842 1279 3891 M
1303 3845 1384 3894 forma
1401 3859 1434 3891 rr-

148 3904 254 3964 latinap
343 3906 358 3952 7
377 3906 444 3969 apud
464 3906 616 3972 Vergilium]
634 3909 696 3956 Aen.
717 3906 774 3956 113
871 3908 1038 3958 diruendum
1058 3910 1148 3974 regina
1166 3910 1234 3959 iubet
1254 3927 1378 3962 renouare
1396 3912 1433 3959 alo

147 3971 225 4017 lorem
238 3974 305 4047 (rell.
317 3974 407 4036 ora.]p
425 3973 557 4023 iuiandum
572 3993 591 4024 r.
603 3977 618 4023 i.
632 3976 655 4024 d.
668 3975 752 4025 ΑΒΜ
819 3975 836 4023 9
854 3977 861 4024 l
879 3994 925 4027 ora.
939 3979 1031 4037 ΑΒΜ,
1046 3979 1133 4027 oddo
1207 3979 1236 4027 ll
1257 3983 1352 4046 recepit
1363 3980 1391 4028 M

147 4038 180 4087 12
193 4045 287 4115 reecpit
299 4040 331 4089 M
404 4044 690 4107 veluti—liutomp
762 4043 792 4093 13
811 4039 860 4091 ἵνα
878 4039 917 4108 μή
935 4047 1066 4096 Chariaius
1083 4046 1149 4096 tta.
1169 4046 1228 4096 ΒΜ
1247 4048 1290 4097 tlh
1308 4051 1334 4098 A
1410 4047 1435 4095 ll

147 4112 241 4169 recepit
260 4106 293 4153 M
366 4110 434 4173 apud
452 4109 589 4178 Horatium]
609 4122 657 4164 sat.
679 4114 688 4160 l
708 4111 730 4169 l,
750 4112 783 4162 et
867 4114 899 4162 17
916 4115 970 4162 dixi
988 4115 1065 4177 (dixit
1081 4114 1112 4178 p)
1131 4114 1191 4162 milri
1212 4117 1295 4180 placet
1312 4135 1359 4168 ora.
1379 4118 1436 4165 Cia-

145 4177 223 4223 ririua
308 4176 426 4226 efferatur
446 4181 576 4231 Charisius
599 4182 717 4230 efferetur
735 4181 820 4229 ΑΒΜ
836 4182 972 4246 ellorturp
1057 4183 1088 4231 18
1107 4184 1171 4231 inter
1190 4183 1238 4233 lroc
1255 4186 1386 4237 Charisius
1402 4186 1436 4233 in·

146 4252 184 4290 ter
199 4241 265 4321 lraec
281 4245 355 4307 AMp
372 4245 438 4296 iuter
455 4247 514 4297 liare
531 4249 556 4298 B
624 4248 659 4298 ‘20
677 4249 772 4312 recepit
789 4249 849 4299 ΑΜ
923 4250 949 4298 id
966 4252 1048 4315 ipsum
1065 4269 1084 4315 p
1102 4251 1168 4300 idem
1186 4253 1271 4316 ipsam
1290 4255 1377 4304 ΑΒΜ

80 4374 85 4381 .
146 4309 178 4358 at
198 4313 307 4362 ironicos
326 4314 377 4362 ΑΒ
392 4318 510 4375 yronicos
528 4319 559 4367 M
575 4318 685 4366 irouieor
696 4334 716 4380 p
802 4332 833 4366 ne
852 4319 888 4367 rei
907 4318 988 4367 iactae
1005 4319 1180 4369 adllrmatioae
1198 4322 1267 4386 ABp
1287 4338 1319 4372 ne
1334 4325 1371 4372 rei
1390 4322 1436 4371 iae·

146 4386 186 4426 tae
206 4380 372 4431 admiratione
391 4383 424 4430 M
445 4383 495 4433 rai
509 4387 576 4434 sacta
594 4386 799 4441 affirmationes
886 4390 919 4437 22
938 4389 1006 4452 apud
1023 4387 1180 4452 Ciceronem]
1207 4391 1323 4442 iac-etit.
1342 4387 1437 4443 113.ss

214 4450 248 4496 et
266 4451 359 4514 recepit
378 4451 413 4500 Μ
479 4455 547 4519 apud
565 4452 722 4518 Ciceronem]
736 4472 786 4518 pro
805 4456 881 4506 liare.
901 4456 987 4505 Aruer.
1009 4457 1050 4516 18,
1070 4456 1104 4505 50
1184 4458 1218 4506 25
1237 4460 1298 4508 erici
1317 4461 1360 4523 Ap
1378 4457 1437 4508 ersci

145 4514 204 4563 ΒΜ
222 4515 276 4564 hert
292 4519 418 4570 Baesadine
486 4523 715 4572 attrectamur
733 4532 828 4572 tanturn
843 4525 876 4574 M
890 4526 1047 4589 intuetump
1119 4526 1186 4589 apud
1206 4525 1360 4592 Vergilium]
1378 4528 1438 4576 Aea.

147 4582 180 4630 lll
199 4583 212 4631 l
242 4594 376 4648 postquam
395 4602 436 4636 res
456 4588 533 4639 Asiae
550 4590 693 4654 Priamique
712 4599 825 4641 evertere
843 4601 945 4658 gentem
963 4594 1108 4642 Inmoritam
1123 4595 1206 4641 risum
1223 4597 1325 4659 superis
1410 4594 1441 4642 30

165 4658 205 4705 ool
222 4652 279 4701 linis
299 4654 475 4716 quamtocius
494 4667 532 4707 est
553 4674 574 4722 p
602 4670 738 4725 postquam
761 4658 860 4709 finisset
878 4660 972 4711 tactum
989 4669 1027 4710 est
1044 4660 1129 4711 ΑΒΜ
1150 4670 1208 4726 post
1233 4677 1310 4725 quam
1331 4663 1441 4713 venisset

174 4723 241 4766 dum
259 4730 296 4768 eet
315 4720 446 4773 Charisiai
