3114 5356
143 195 207 261 tor
317 182 321 189 ’
701 191 886 258 ΒΙΟΜΕὓῐδ
994 252 997 257 .

143 325 219 465 prlls
231 308 501 461 ⁶illl-lbgllimorum
517 388 678 459 metrorum
699 378 783 450 ordo.
814 378 988 459 conpositus
1008 386 1126 443 cousut
1147 386 1186 443 ex
1208 310 1455 462 llbbglbmonremn

142 492 173 545 et
196 483 329 573 eiusdem
347 483 469 562 legitimi
490 482 646 545 medietate
664 479 759 543 isdem
778 479 913 562 podibus.
935 476 950 564 ΙΙ
968 478 1177 559 inconpositos
1198 490 1252 545 est
1274 484 1453 566 [peregrinis

142 583 266 665 pedibus
289 601 391 646 versus
412 582 566 660 onratusl,
589 602 658 645 cunr
680 583 769 645 luerit
788 581 865 647 alius
884 596 988 642 versus
1008 579 1142 657 medius,
1169 591 1303 649 secutus
1328 589 1453 653 trimeter

142 684 289 748 heroicus.
308 681 314 767 Ι
334 686 475 747 confusus
496 694 542 745 est
563 702 599 745 ex
616 685 781 764 peregrinis
800 680 926 764 pedibus
947 698 1050 743 versus
1068 682 1238 755 ordinatus
1278 689 1451 751 coniunctus

142 795 205 862 est,
230 786 346 867 quando
368 805 405 849 ex
424 784 541 849 duobus
562 785 664 847 mettis
685 804 787 849 versus
806 782 974 857 ordinatur,
995 788 1029 843 ut
1042 772 1182 848 heroicus
1200 795 1236 849 et
1254 787 1414 853 iambicus
1434 814 1467 854 ss

582 970 632 1032 ult
655 969 788 1035 serent
812 966 1004 1032 ctumvtt

233 1091 355 1173 Species
376 1090 538 1153 carminum
559 1096 629 1151 sunt
652 1097 806 1167 quattuor,
832 1084 993 1149 aoaulecta
1017 1084 1189 1151 cometem
1211 1090 1448 1173 hypercataleotr

143 1190 404 1272 brachycatalecto.
449 1189 607 1251 acatalecta
630 1197 675 1251 est
693 1190 808 1269 integer
827 1206 931 1249 versus
953 1185 1135 1265 singulorum
1154 1197 1339 1259 metrorum.
1377 1208 1448 1260 cata-

144 1292 247 1355 lectics
268 1301 313 1355 cst
331 1310 433 1355 sersus
455 1291 553 1352 minus
574 1288 687 1352 babens
705 1290 845 1353 metricae
866 1286 1093 1351 constitutionis.
1136 1290 1383 1371 trppereamtecra
1406 1306 1445 1359 est

144 1412 234 1473 super
253 1393 429 1473 principium
449 1410 553 1453 versus
572 1389 711 1469 syllabam
734 1391 802 1473 plus
821 1390 944 1455 ndens.
983 1389 1240 1471 brachycatalectico
1259 1396 1371 1478 pedem
1384 1399 1473 1480 peno

142 1493 231 1555 babet
256 1510 343 1572 quam
365 1493 463 1574 poscit
485 1492 594 1573 pedum
616 1491 780 1572 dispositio.

540 1675 590 1738 on
614 1638 822 1748 ovlnrrrrs
845 1678 1036 1749 elnmrvn

227 1796 388 1870 Qualitates
408 1794 568 1857 carminum
591 1803 660 1857 sunt
682 1816 751 1871 sex,
778 1796 896 1859 beroioa
918 1796 1029 1859 cornico
1058 1797 1169 1875 tragim
1190 1798 1302 1863 melica
1326 1803 1442 1883 satpies

142 1899 360 1980 dithyrambica.
1185 1886 1193 1899 ’

598 1980 648 2041 llll
669 1979 795 2042 rervm
814 1979 981 2043 llEGIONll
1453 2022 1472 2061 ,5

228 2101 375 2180 Regiones
405 2097 512 2179 pedum
543 2106 613 2161 sunt
639 2098 784 2177 quinque,
822 2098 915 2162 tiresia
937 2099 1013 2161 arsis
1039 2098 1121 2161 basis
1147 2101 1293 2181 synzug'n
1319 2103 1440 2185 dipodir.

142 2203 199 2265 bae
221 2203 264 2265 sie
282 2202 462 2263 ordinantur.
508 2200 600 2262 tlresis
622 2199 655 2260 in
675 2198 824 2278 disyllabis
846 2210 981 2277 constat,
1007 2200 1083 2264 arsis
1104 2199 1134 2261 ln
1157 2200 1338 2281 trisyllabis,
1367 2205 1441 2269 basis

142 2303 281 2384 synzugia
303 2303 421 2385 dipodia
440 2303 470 2364 in
492 2299 685 2381 tetrasyllabis
707 2309 839 2378 consum
861 2301 913 2363 sed
935 2300 1015 2363 basis
1030 2301 1061 2363 in
1080 2301 1208 2382 ‚epitritis
1231 2314 1263 2366 et
1280 2307 1441 2387 paeonibus

143 2408 190 2481 llt,
213 2405 351 2486 synzugia
373 2404 407 2465 io
428 2404 599 2477 contrariis,
621 2401 674 2463 sed
696 2400 814 2481 dipodia
836 2402 869 2465 ιἰι
890 2403 1020 2484 poribus.

226 2507 306 2569 llaec
328 2505 463 2580 interim,
492 2512 633 2585 quantum
655 2502 691 2563 ad
719 2502 883 2583 simplicem
911 2503 1109 2582 cognitionem
1128 2500 1133 2585 Ι
1153 2515 1288 2584 spectat,
1315 2510 1471 2589 prodeo-rr

140 2608 197 2669 tiae
223 2614 290 2668 tuae
313 2605 449 2667 sensibus
475 2604 648 2685 explanasse
671 2603 806 2665 sufficiat.
850 2612 948 2685 cetera
964 2623 1033 2667 vero
1053 2611 1163 2677 metra,
1192 2619 1364 2684 quaesunt
1386 2619 1442 2672 tor·

140 2709 235 2770 tuosis
264 2705 491 2770 obscuritatibus
521 2704 669 2785 implicata
699 2722 735 2766 ae
765 2704 923 2767 multarum
954 2724 1053 2768 rerum
1087 2704 1256 2769 diversitate
1292 2711 1439 2792 perplexa,

140 2809 293 2889 oportunis
318 2804 499 2885 temporibus
527 2825 562 2866 ae
591 2806 679 2866 certis
711 2806 873 2868 rationibus
906 2807 1045 2869 edocebo.
1090 2825 1164 2886 quae
1193 2810 1316 2888 quidem
1346 2813 1440 2874 onmia

142 2909 235 2986 sirpus
257 2906 411 2988 profundis
433 2906 569 2967 sensibus
592 2906 733 2967 intimarit
754 2927 788 2969 ac
807 2908 922 2970 sincera
944 2911 1051 2971 mentis
1072 2910 1235 2972 intentione
1259 2914 1438 2996 perspexerit

141 3017 171 3070 et
193 3008 360 3088 conpetenti
382 3007 479 3069 studio
507 3006 712 3086 diligentiaque
740 3010 875 3083 servarit,
905 3030 964 3071 non
987 3019 1099 3073 tautum
1127 3012 1245 3092 ipsein
1268 3006 1467 3099 paugenlldar·

140 3109 351 3170 versillcatioue
374 3108 495 3188 pollebit
515 3126 616 3169 verum
640 3108 726 3170 etiam
750 3110 786 3171 de
807 3110 928 3173 aliorum
952 3114 1145 3185 carminibus,
1167 3115 1309 3191 quotiens
1327 3116 1434 3178 libitum

140 3210 242 3284 leserit,
271 3210 356 3272 iustis
377 3210 539 3272 rationibus
562 3217 591 3272 et
613 3209 868 3292 inreprehensibili
893 3216 1038 3277 sententia
1059 3213 1215 3289 iudicabit,
1245 3234 1324 3294 quac
1349 3226 1434 3279 metra

139 3313 246 3389 quibus
267 3292 391 3392 pedibus
413 3320 562 3392 regantur.

604 3487 641 3529 ΒΕ
662 3489 765 3531 struto
786 3488 968 3531 Plttrttttsrtto

221 3577 355 3655 Elegiunr
377 3584 503 3637 rnetrum
524 3576 602 3639 binis
623 3577 756 3640 versibus
782 3588 909 3653 constat,
939 3580 1107 3639 hexametro
1133 3578 1225 3639 lteroo
1256 3589 1287 3641 et
1314 3581 1342 3641 ci
1370 3580 1458 3643 subu

136 3679 235 3741 iuncto
258 3679 400 3757 quinario.
445 3677 526 3757 prior
551 3679 641 3758 pedes
667 3679 749 3741 heroi
777 3679 896 3759 recipit,
932 3680 1079 3760 posterior
1108 3688 1307 3760 pentameter,
1339 3683 1429 3744 idest

136 3779 303 3856 qtrinam'us,
332 3779 481 3840 scanditur
506 3777 620 3840 duabus
644 3779 874 3857 senriquinariis,
907 3780 935 3840 id
963 3789 1008 3841 est
1035 3790 1067 3840 ut
1088 3782 1235 3861 posterior
1259 3792 1341 3845 tome
1364 3784 1429 3846 duos

205 3931 274 3996 2et]
295 3941 320 3981 ut
337 3933 396 3982 Art
409 3932 492 3981 utrtB
579 3932 773 3996 incompositum
789 3933 814 3981 A
898 3932 1100 3989 dordinatuss·
1188 3935 1359 3987 lordinatus
1377 3940 1429 3987 Pat-

134 4002 218 4052 robios
237 4010 340 4050 ornatus
361 4001 458 4063 Arrcti,
482 4014 566 4056 οιιι.ς
652 4000 801 4052 coniunctus
826 4011 863 4051 est
883 4004 984 4066 quttndo
1003 4018 1036 4052 ex
1053 4002 1153 4052 duobus
1173 4006 1264 4054 metris
1285 4021 1375 4059 stersus
1396 4022 1429 4054 or·

136 4077 210 4119 natus
229 4070 377 4119 eonirmrtus
396 4081 434 4121 est
453 4070 553 4133 qustudo
573 4085 605 4119 ex
626 4070 725 4119 duobus
744 4071 832 4120 metris
848 4085 940 4140 uersus
959 4073 1090 4122 ordinatus
1108 4070 1141 4120 M
1219 4073 1236 4122 5
1255 4079 1371 4127 tremor
1388 4088 1429 4141 qao

134 4139 202 4191 enodi
219 4140 353 4189 derivativi
368 4140 479 4203 delinitio
497 4141 593 4190 ereidit
610 4140 720 4190 indicaui
800 4140 970 4191 'locutulects
987 4142 1044 4191 AM
1060 4143 1234 4191 acratolectiea
1253 4144 1281 4193 B
1362 4159 1428 4210 yper·

136 4207 255 4258 catalecta
275 4207 308 4265 ill¹
322 4207 546 4273 hypercatalecticus
565 4209 588 4257 Il
606 4206 810 4273 ppereululectiea
823 4209 850 4259 A
923 4210 955 4260 10
972 4211 1122 4276 principium
1140 4211 1214 4261 Bilta
1233 4213 1377 4280 principum
1396 4212 1427 4265 A:

135 4278 299 4342 praecipuum
319 4293 420 4327 uersum
438 4278 563 4327 Burebiur
639 4277 762 4340 syllubum
780 4293 797 4334 ς
816 4279 970 4340 syllubetrum
988 4279 1073 4329 ΑΒΜ
1145 4281 1239 4346 pedem
1256 4283 1343 4333 minus
1360 4281 1427 4332 habet

136 4347 260 4396 Barcino-c
332 4346 362 4397 13
382 4347 483 4396 satirica
504 4346 527 4394 A
600 4346 631 4394 17
650 4345 795 4408 dissyllabis
815 4348 873 4397 Art
952 4350 983 4400 19
1000 4351 1026 4399 Ιιιι
1043 4358 1102 4401 oute
1120 4350 1254 4400 contrariis
1274 4361 1299 4402 et
1314 4362 1372 4403 unte
1389 4364 1426 4414 pt·

136 4415 206 4464 ribus
224 4432 270 4464 om.
292 4414 375 4464 Alit!
450 4416 484 4465 20
502 4414 569 4463 llaec
587 4415 621 4451 -‘
640 4414 674 4464 28
693 4425 814 4479 regantur
833 4419 913 4468 Diona.
930 4434 958 4482 p.
979 4420 1030 4470 tou
1106 4419 1139 4468 25
1159 4419 1360 4485 diligentiaeque
1377 4413 1427 4469 ult

136 4482 282 4547 diligentiae
301 4500 365 4548 quue
383 4485 418 4544 Α,
495 4484 528 4533 29
547 4498 628 4534 sisso
647 4483 745 4533 ABM:
768 4486 802 4548 ef.
823 4487 920 4538 Frank.
942 4488 1030 4539 Uallia.
1045 4505 1075 4552 p.
1095 4487 1129 4538 3⁴
1218 4487 1253 4538 30
1272 4489 1388 4555 Elegium
1403 4482 1429 4534 »ll

137 4552 208 4616 lllegi
225 4552 275 4600 AB
343 4553 374 4603 :tt
396 4554 489 4618 recepit
504 4553 564 4602 Art
640 4562 796 4618 pentametro
816 4555 841 4603 B
857 4558 1042 4620 penturnetric
1123 4557 1156 4607 32
1175 4558 1308 4608 sertrrdltur
1324 4570 1352 4609 ιιι
1370 4557 1428 4607 dure

136 4620 331 4683 semiquiumioe
351 4623 386 4670 itu
402 4631 427 4671 ut
447 4623 572 4687 posterius
594 4636 728 4678 ιοιιιιιιιις
815 4623 906 4674 diebus
925 4622 950 4674 B
972 4626 1023 4675 duo
1040 4626 1098 4676 AM
1186 4627 1370 4691 semiquinaria
1386 4623 1429 4675 AB

207 4698 245 4737 est
262 4706 308 4741 err.
325 4691 383 4740 Aul!
456 4688 533 4756 tome]
554 4706 651 4741 commu
668 4691 752 4742 Abu!
