3114 5356
498 301 579 362 aar.
604 300 871 362 uoluuntur
1027 278 1031 289 ‘
1275 298 1337 360 aaa

1189 415 1248 457 ‚aaa
1262 415 1285 457 r.
1364 426 1369 433 ·

109 501 169 552 tea
192 489 314 570 pluris
334 465 534 549 venditas'.
572 496 673 565 quarta
694 488 786 547 lorma
811 495 856 547 est
876 505 951 562 qrrae
974 485 1081 545 desinit
1096 484 1129 544 in
1145 428 1336 564 sipspllabam,

108 590 184 653 illidi)
216 590 308 664 allisi,
338 590 474 650 concutio
501 590 655 662 concussi,
684 588 760 647 cudo
786 587 868 661 cusi,
902 587 992 648 evado
1021 586 1114 659 evasi,
1148 586 1221 647 cedo
1251 588 1337 659 cessi,

127 692 201 766 lusi,
232 691 316 753 mitto
336 690 418 764 misi,
452 689 532 751 nubo
554 691 658 769 nupsi,
692 707 793 768 mergo
821 687 940 761 mersi,
960 686 1067 766 plaudo
1090 686 1201 767 plausi,
1237 707 1339 769 premo

108 794 150 868 si,
173 792 244 853 rado
265 792 340 866 rasi,
368 811 476 872 spargo
499 791 610 870 sparsi,
639 791 726 852 trudo
749 790 840 863 trusi,
865 788 939 851 rodo
960 787 1037 861 rosi,
1067 807 1121 848 uro
1143 791 1221 864 ussi,
1248 809 1338 871 carpo

109 895 153 966 si,
175 911 260 954 sumo
279 891 405 971 sumpsi,
428 892 513 952 demo
536 891 666 970 dempsi;
689 891 742 952 sed
764 891 952 970 conpositum
974 890 1071 950 adimo
1087 889 1191 949 ademi
1204 890 1337 951 dicimus.

108 1002 149 1055 rta
172 1002 270 1054 autem
293 1002 339 1054 est
362 993 437 1054 ratio
459 993 594 1071 demptae
620 993 665 1053 vel
688 992 840 1072 adpositae
862 992 1104 1073 praepositionis,
1134 984 1181 1066 ut,
1210 1010 1277 1052 cum
1301 993 1340 1053 sit

108 1116 134 1157 ιο
153 1095 264 1168 ademi,
287 1095 373 1155 demo
396 1093 473 1155 demi
495 1111 555 1153 non
577 1092 665 1152 iaciat
686 1094 738 1154 sed
761 1093 892 1172 dempsi3
917 1113 991 1174 repo
1012 1095 1107 1173 repsi,
1130 1094 1208 1154 unde
1228 1092 1339 1172 obrepo

108 1219 163 1261 nus
185 1207 215 1259 et
235 1196 370 1276 obrepsi,
398 1214 457 1255 non
477 1194 591 1274 obripio
616 1193 726 1272 obripis
753 1194 875 1273 obripit,
905 1193 935 1255 in
959 1212 1017 1272 quo
1044 1194 1162 1274 inperiti
1189 1193 1340 1256 falluntur.

110 1311 139 1361 ta
161 1300 254 1360 lorma
277 1305 324 1358 est
343 1315 418 1374 quae
439 1295 548 1357 desinit
566 1295 596 1355 in
623 1295 650 1354 xi
680 1295 837 1374 syllabam,
865 1303 897 1356 ut
925 1314 1000 1373 ango
1029 1295 1110 1369 anxi,
1140 1314 1236 1373 coquo
1265 1297 1340 1369 coxi,
1401 1324 1408 1336 ’

108 1420 126 1460 o
150 1400 242 1472 cinxi,
264 1399 339 1476 lxigo
359 1398 440 1471 liixi,
458 1398 517 1456 lluo
539 1395 625 1468 lluxi,
645 1397 703 1474 ligo
724 1396 790 1470 lxxi,
819 1398 898 1474 lingo
916 1396 1000 1470 finxi,
1023 1397 1112 1475 iuugo
1137 1397 1233 1471 iunxi,
1261 1398 1341 1477 lingo

119 1548 126 1572 ‚
157 1500 256 1578 mingo
278 1499 383 1574 minxi;
409 1498 461 1559 sed
489 1496 566 1556 meio
585 1489 747 1557 meis'meii
773 1505 803 1557 et
824 1497 900 1558 meio
925 1497 1016 1558 maias
1037 1498 1157 1575 meiari3
1184 1500 1292 1563 dicitur
1313 1510 1343 1563 et

116 1623 124 1662 :
147 1602 238 1682 pingo
257 1601 352 1682 pinxi,
372 1619 443 1678 rego
466 1598 542 1669 rexi,
564 1597 677 1675 stringo
694 1598 812 1670 strinxi,
836 1605 919 1660 struo
937 1599 1045 1673 strum,
1069 1619 1143 1679 sugo
1162 1602 1244 1676 suxi,
1264 1621 1342 1681 uago

116 1748 124 1776 ,
151 1701 214 1764 vivo
238 1703 309 1775 vixi,
335 1719 423 1780 vergo
447 1701 540 1774 xerxi,
569 1718 660 1779 pergo
679 1699 809 1779 perrexi,
835 1719 924 1778 surgo
946 1701 1075 1775 surrexi,
1106 1703 1213 1781 adlligo
1234 1705 1341 1777 adllixi,

108 1824 130 1871 :o
153 1803 256 1877 dilexi,
278 1823 404 1882 emungo
428 1803 561 1874 emonxi,
588 1801 725 1879 extinguo
748 1800 871 1874 extinxi,
900 1802 1011 1881 aspicio
1033 1802 1152 1882 aspexi,
1176 1803 1274 1866 inlicio
1298 1805 1343 1864 in-

108 1948 114 1976 ,
136 1903 261 1981 neglego
284 1904 412 1982 neglexi3
439 1903 576 1964 Aemilius
598 1902 695 1963 llaoer
723 1901 903 1962 ‘omnium
931 1909 1114 1973 nostrum„
1131 1901 1343 1979 neglegerit

108 2005 342 2078 toritatem’,
368 2005 447 2084 quod
464 2013 510 2066 est
530 2004 680 2083 analogiae
699 2002 838 2083 propius,
860 2002 928 2079 quia
951 2011 980 2063 et
1008 2002 1124 2080 legerit:
1147 2011 1234 2063 necto
1256 2003 1343 2064 nexui

109 2105 193 2176 uem,
215 2104 358 2183 Vergilius

474 2207 614 2286 palmas
637 2206 824 2266 amborum
847 2203 1023 2266 innexuit
1044 2204 1175 2277 armis,

108 2324 143 2365 us
164 2304 195 2364 iu
216 2304 345 2384 Odyssea

211 2408 399 2469 uexabant
422 2409 533 2469 multa
557 2409 656 2468 inter
678 2427 732 2480 se,

108 2525 201 2568 cenas
759 2490 765 2504 ⁹

780 2608 922 2670 nexisti
944 2609 1041 2669 retia
1064 2609 1180 2681 lecto,

108 2710 177 2771 ilius
203 2709 356 2770 satirarum
378 2713 479 2789 quinto

848 2818 923 2872 tum
945 2813 1043 2873 retia
1066 2813 1179 2873 uexit.

108 2935 129 2975 a
149 2916 247 2974 torma
267 2920 312 2972 est
334 2928 408 2988 (prae
430 2912 537 2973 desinit
559 2914 589 2974 iu
611 2914 637 2974 vi
656 2913 810 2992 syllabam,
837 2922 869 2974 ut
891 2915 978 2995 cupio
999 2914 1112 2994 cupiri,
1141 2915 1224 2995 sapio
1243 2914 1349 2992 sapivi
1440 2922 1451 2947 ·

108 3084 416 3152 lposteaom.B,add.b
468 3085 549 3150 pluris
561 3085 679 3150 ABplus
691 3085 738 3135 Mb
792 3084 972 3137 inom.ABM
1023 3085 1230 3134 2alidoalisiB
1283 3084 1347 3133 eudo

108 3157 116 3204 i
127 3156 152 3203 A
166 3162 190 3204 et
203 3172 271 3206 corr.
285 3154 338 3202 cusi
348 3153 380 3211 B,
391 3170 437 3203 om.
448 3151 490 3201 M:
504 3155 569 3203 cudo
578 3155 641 3214 cusi,
655 3154 700 3204 sed
710 3155 795 3220 potius
807 3154 874 3214 cudi,
885 3163 912 3202 ut
922 3157 977 3203 eius
988 3155 1164 3218 compositum,
1175 3162 1229 3202 tum
1237 3153 1347 3221 primurn

108 3228 127 3274 ts
142 3224 275 3274 scintillam
290 3222 391 3271 excudit
407 3221 516 3271 Achates
530 3237 546 3278 ς
566 3224 630 3272 cudo
640 3223 779 3272 secuudum
790 3223 929 3272 Diomeden
942 3233 966 3272 et
975 3222 1118 3272 charisium
1130 3231 1153 3270 et
1166 3222 1274 3272 Phocum
1285 3223 1348 3275 cusi.

111 3295 189 3343 ndum
204 3292 598 3356 axioseudil’rnaamopoeu
663 3291 741 3342 caedo
755 3289 842 3353 (caeso
853 3290 897 3351 M)
906 3291 1060 3341 caesiABM
1125 3289 1269 3341 3nubsiM
1332 3292 1348 3339 4

108 3365 164 3413 usai
178 3362 202 3410 B
213 3376 260 3410 uro
271 3362 310 3411 usi
319 3360 344 3408 A
358 3375 404 3409 uso
414 3361 454 3408 usi
461 3360 492 3408 M
552 3363 569 3411 5
581 3362 664 3410 ademi
674 3379 721 3411 om.
733 3359 824 3420 ABM,
836 3361 896 3410 add.
907 3375 924 3416 ς
1001 3360 1017 3408 7
1031 3359 1107 3407 l'aoiat
1116 3359 1167 3408 AB
1180 3358 1256 3407 lacior
1266 3359 1300 3407 M

123 3433 217 3496 ebrepo
234 3431 333 3495 obrepsi
348 3430 469 3488 dicimus,
484 3444 532 3478 nou
546 3431 642 3495 obrepi.
655 3431 680 3478 in
694 3443 771 3493 quos
815 3453 820 3466 ·
839 3428 856 3477 9
875 3437 902 3476 ut
921 3443 990 3493 ongo
1006 3429 1066 3477 anxi
1082 3427 1134 3475 AB
1145 3435 1223 3491 tango
1236 3429 1307 3475 tanxi
1319 3427 1351 3475 Μ

108 3501 138 3551 10
155 3502 238 3550 cinexi
251 3500 275 3548 A
347 3499 376 3547 ll
396 3500 484 3562 mingo
502 3499 590 3558 minxi,
610 3499 676 3547 urcio
694 3499 743 3548 mei
762 3498 892 3547 et‘tninxi.
917 3498 963 3547 sed
982 3498 1046 3546 meio
1065 3497 1128 3545 meis
1147 3497 1196 3544 mei
1215 3495 1307 3544 dicitur
1325 3505 1349 3544 ot

108 3571 139 3620 xi.
159 3584 221 3635 rego
240 3584 256 3625 ς
276 3570 363 3632 mingo
381 3569 470 3616 minxi.
489 3568 534 3617 sad
552 3569 617 3616 molo
636 3569 708 3617 maiis
727 3568 786 3615 mcii
802 3567 894 3616 dicitur
912 3576 936 3616 et
953 3568 1042 3616 minxi.
1062 3580 1124 3631 rego
1145 3566 1283 3627 Caesarina

115 3641 167 3688 mio
187 3640 235 3688 mis
254 3640 297 3686 mit
316 3637 401 3686 ABM
418 3637 482 3685 moin
499 3638 562 3686 meis
581 3638 643 3686 mixi
663 3637 792 3687 Charisius
807 3654 835 3700 p.
856 3636 908 3686 218
923 3647 946 3686 et
961 3636 1013 3689 233
1031 3636 1096 3684 meio
1114 3635 1177 3683 aneis
1196 3633 1264 3680 maxi
1282 3635 1352 3682 Pro-

109 3727 138 3774 p.
160 3707 234 3758 1483.
252 3709 318 3757 mcio
337 3708 409 3756 melis
430 3707 499 3754 meiit
518 3709 623 3757 coniecit
641 3708 756 3757 Struoiux
773 3707 805 3755 de
824 3707 914 3758 declin.
933 3715 956 3756 et
973 3709 1071 3769 coniug.
1091 3706 1151 3754 Lot.
1165 3719 1194 3767 p.
1213 3700 1265 3751 258
1283 3705 1349 3752 conl.

108 3781 171 3827 :dan
187 3795 214 3842 p.
232 3777 297 3835 875,
316 3793 419 3842 quornm
439 3779 561 3826 consentit
579 3776 717 3840 Eutychiae
734 3791 760 3838 p.
780 3776 849 3825 2178
936 3785 961 3825 et
979 3777 1045 3825 meio
1063 3773 1122 3823 ΒΜ
1138 3781 1161 3821 et
1179 3785 1235 3820 men
1254 3769 1279 3819 A

108 3849 144 3896 rui
163 3847 214 3895 AB
230 3847 324 3896 motoui
343 3844 375 3894 M
444 3845 476 3893 12
494 3847 570 3911 sugxi
589 3862 658 3896 corr.
677 3844 766 3893 suxiA
838 3845 870 3895 14
889 3843 1074 3911 extiugoAM
1127 3841 1158 3891 15
1172 3840 1278 3906 ueelego
1291 3854 1350 3888 nec-

116 3917 141 3965 B
229 3916 351 3964 Aemilius
370 3914 454 3963 Macer
473 3915 498 3962 iu
517 3914 577 3963 XVl
602 3914 731 3963 annalium
752 3914 901 3965 mmmm
920 3933 948 3979 p.
967 3914 1019 3965 895
1043 3911 1155 3961 Licinius
1174 3909 1257 3959 Macer
1281 3909 1351 3960 Wei-

108 3995 153 4036 oo
167 3996 235 4049 poet.
255 3987 313 4034 aar.
332 3987 378 4034 rel.
396 4001 424 4047 p.
443 3982 477 4032 92
548 3999 632 4033 morer
650 3983 674 4032 A
693 3990 774 4031 mater
793 3982 849 4032 ΒΜ
935 3992 1084 4037 ιιεειῐυπις
1171 3979 1309 4046 neclegerit
1327 3979 1352 4028 Β

108 4053 138 4105 ld
156 4056 356 4109 arroteritatom5
369 4062 393 4102 et
401 4054 550 4103 Priscianus
568 4054 714 4101 anctoritate
728 4051 811 4100 ΑΒΜ
881 4053 947 4116 qarod
967 4051 1100 4116 analogiae
1114 4050 1246 4116 propiusc
1265 4050 1352 4113 quinta

109 4125 185 4189 ogiae
203 4124 321 4189 proprius
341 4121 399 4171 BM
415 4123 502 4185 quinta
520 4122 639 4186 anolegio
656 4114 774 4186 propriis
785 4122 809 4169 A
880 4119 962 4186 necto]
987 4122 1115 4171 Priscian.
1132 4136 1161 4184 p.
1175 4118 1276 4183 euesq.
1289 4118 1349 4168 1103.

184 4193 274 4241 xrocxui
293 4192 334 4240 uel
353 4192 412 4239 nexi
431 4191 455 4240 B
534 4191 566 4240 17
585 4186 723 4255 Vergilius]
744 4190 810 4241 Aea.
830 4190 853 4237 V
871 4190 921 4240 425
1011 4189 1043 4239 18
1061 4190 1180 4239 arborum
1198 4185 1282 4236 ABM

111 4263 181 4311 exuit
197 4263 260 4310 anni
280 4261 306 4309 B
377 4260 409 4309 ru
431 4260 506 4309 libius
532 4262 557 4309 in
582 4259 685 4310 edissae
701 4258 726 4307 Β
752 4260 832 4309 libens
850 4260 875 4308 in
894 4260 997 4309 odissea
1015 4258 1048 4308 Μ
1070 4258 1140 4321 lybia
1166 4256 1309 4321 synodysse
1326 4257 1351 4304 A

390 4339 404 4364 Χ

108 4381 293 4432 concumbant
313 4379 337 4427 B
354 4380 486 4429 ructabant
508 4379 539 4428 M
606 4379 671 4426 intra
689 4392 753 4434 ses
823 4379 854 4427 21
875 4379 987 4428 macinas
1007 4377 1040 4428 M
1055 4384 1171 4426 monetas
1185 4389 1216 4431 ςε
1243 4376 1351 4440 Proper-

119 4461 151 4500 at.
163 4450 214 4498 tibi⁴
228 4450 270 4510 qui
287 4459 372 4499 nostro
392 4449 485 4497 nexisti
504 4450 566 4497 retia
584 4448 647 4496 lecto
672 4447 809 4498 Caesarius
826 4457 850 4498 et
867 4449 1018 4498 Prisciam
1032 4464 1060 4512 p.
1080 4445 1145 4497 903:
1164 4447 1284 4509 Propere.
1305 4444 1351 4493 llll

108 4534 117 4579 ιι
129 4520 156 4579 8,
176 4518 217 4569 37.
252 4517 410 4568 zllueccnatr'a
428 4534 515 4567 nemen
533 4535 568 4567 ex
583 4516 726 4578 fragmento
745 4519 903 4568 Maecenatis
928 4535 944 4566 a
968 4519 1104 4567 Prisciow
1127 4519 1144 4566 1.
1171 4531 1194 4564 c.
1220 4514 1352 4577 adscripto

108 4607 128 4637 m
155 4590 313 4652 grmrrmotiri
335 4591 420 4638 errori
445 4588 533 4637 deberi
553 4587 614 4636 vidit
632 4586 807 4637 heremannus
825 4588 851 4636 in
869 4588 989 4649 Propere.
1008 4602 1034 4649 p.
1055 4583 1105 4635 ‘263
1189 4583 1224 4632 22
1242 4582 1310 4630 reela
1327 4579 1353 4629 B

119 4659 184 4708 lecto
203 4656 278 4711 ΑΜς
298 4657 363 4705 lectu
382 4657 405 4705 B
479 4656 513 4706 23
521 4655 662 4704 'satirarum
683 4654 715 4703 V.
736 4664 789 4704 turn
809 4656 984 4705 Lnrdrnonaua
1002 4659 1055 4705 1.·c.
1075 4656 1140 4704 conl.
1154 4653 1283 4702 Priscian.
1296 4654 1313 4700 1.
1327 4667 1350 4701 c.

108 4742 186 4777 nrum
209 4727 369 4789 (satyrarum
386 4725 454 4784 AB)
480 4738 596 4773 curarum
616 4721 699 4772 ABM
785 4724 949 4773 arrectae
1034 4722 1139 4776 nexits
1160 4729 1184 4772 et
1201 4722 1353 4770 Ρνίεάαπαε

108 4798 124 4846 it
144 4795 229 4844 ABM
255 4837 262 4848 .
299 4795 332 4843 25
352 4796 434 4860 sapivi
453 4803 475 4842 et
495 4811 540 4844 om.
560 4790 652 4852 ABM,
671 4793 732 4843 aad.
751 4806 768 4848 ς
787 4801 811 4843 et
828 4792 957 4842 Odorloim
971 4809 999 4857 p.
1020 4791 1079 4843 218.
1106 4789 1189 4841 Probo
1207 4798 1291 4839 tamen
1310 4803 1353 4840 aa·
