3114 5348
605 297 687 358 aar.
711 259 850 357 enirm.
874 294 946 355 arn.
967 293 1007 353 ιιι
1389 287 1451 352 cea

222 415 287 456 ‚aar
302 415 324 454 st
341 415 364 455 e.
487 441 494 451 .
1237 418 1260 458 ρ.
1274 405 1318 446 tn.
1333 405 1359 446 aa
1372 404 1400 448 a.

155 429 351 548 estpHesiodu
372 485 526 563 γυναικῶν
546 476 708 561 κατάλογος
730 490 760 541 et
782 479 895 541 similia.
933 476 1111 539 didascalice
1132 484 1178 537 est
1196 494 1254 555 qna
1269 477 1452 556 conprehen-

155 587 234 647 ditur
255 585 439 666 philosophia
462 583 649 665 Empedoclis
675 590 704 643 et
729 579 862 655 Lucreti,
892 580 962 641 item
975 569 1160 654 astrologia,
1192 586 1223 639 ut
1251 578 1453 657 phaenomena

156 690 245 749 Aratu
268 694 298 746 et
317 686 482 760 Ciceronis,
504 693 534 745 et
555 685 691 764 georgica
712 681 828 760 Vergilii
848 688 879 741 et
896 679 943 740 his
962 678 1077 740 similia.

568 888 605 930 na
632 887 729 930 sancta
751 883 895 928 romnus
917 882 1055 925 cantetis

132 1020 144 1057 5
245 988 358 1048 Koevoti
381 987 426 1047 vel
446 987 610 1048 communis
628 992 780 1066 poematos
798 981 914 1063 species
936 980 1030 1060 prima
1050 988 1097 1042 est
1116 980 1250 1053 heroica,
1274 987 1305 1040 ut
1324 988 1370 1040 est
1390 980 1456 1040 llia-
1545 1012 1551 1020 ·

159 1091 213 1151 dos
235 1097 264 1150 et
283 1089 443 1164 Aeneidos;
466 1087 595 1150 secunda
616 1095 662 1148 est
679 1085 783 1165 lyrica,
806 1090 838 1144 ut
859 1089 904 1142 est
925 1080 1091 1142 Archilochi
1115 1088 1145 1141 et
1167 1080 1288 1140 Horatii.

244 1191 397 1250 Poematos
420 1189 604 1250 characteres
626 1194 695 1247 sunt
712 1191 866 1263 quattuor,
889 1174 1019 1258 μακρός,
1038 1172 1165 1259 βραχύς,
1188 1176 1290 1256 μέσος,
1310 1169 1455 1258 ἀνθηρός.

159 1282 273 1367 μακρός
294 1298 340 1351 est
361 1290 527 1365 character,
549 1297 581 1350 ut
603 1288 681 1369 apud
703 1284 860 1366 Vergilium
883 1282 912 1344 in
935 1282 1106 1357 undecimo,
1127 1281 1178 1343 uhi
1198 1281 1235 1343 de
1250 1280 1370 1343 Camilla
1386 1281 1456 1342 lacit

160 1391 356 1452 narrationem
379 1391 431 1462 sic,

123 1520 146 1559 ro
324 1491 459 1572 pulsus
479 1491 523 1551 oh
546 1489 723 1552 invidiam
744 1505 859 1566 regno
880 1477 1058 1563 viresque
1079 1484 1280 1564 superhas3

160 1599 212 1653 aut
235 1600 266 1652 ut
288 1611 320 1654 se
341 1592 451 1654 habent
475 1591 625 1652 secundus
647 1597 676 1651 et
695 1588 799 1650 tertias
820 1587 904 1649 liber.
949 1578 1062 1665 βραχύς
1084 1592 1183 1646 estut
1207 1584 1236 1645 in
1260 1585 1380 1663 quinto,
1406 1584 1456 1647 ubi

160 1693 197 1754 de
219 1694 386 1774 Ganymede
408 1693 531 1754 strictim
551 1697 651 1752 narrat
672 1688 733 1763 sic,-

327 1793 459 1852 victori
482 1789 709 1868 chlamydem
731 1794 913 1861 auratam,
938 1805 1042 1865 quaxn
1065 1786 1229 1866 plurima
1252 1787 1393 1847 circum

326 1911 488 1972 purpura
510 1888 723 1953 maeandro
744 1887 887 1968 duplici
912 1888 1094 1949 Helihoea
1117 1887 1304 1960 cucurrit,

125 2020 150 2059 rs
328 1994 570 2070 intextusque
592 2007 686 2070 puer
706 1987 885 2050 frondosa
905 1989 1036 2067 regius
1056 1989 1120 2051 lda

328 2095 480 2156 veloces
502 2092 625 2154 iaculo
646 2109 779 2152 cervos
801 2107 827 2149 c.
850 2089 870 2148 l.

164 2188 252 2268 μέσος
274 2200 320 2253 cst
341 2199 374 2252 ut
397 2195 427 2254 in
450 2195 554 2275 primo,

329 2294 417 2354 hnic
439 2294 570 2354 coniux
592 2292 783 2372 Sychaeus
808 2300 890 2353 erat
912 2291 940 2351 d.
964 2309 990 2352 a.
1013 2291 1044 2350 P.
1069 2296 1094 2349 e.
1113 2307 1151 2349 m.
1175 2306 1214 2348 m.
1240 2288 1267 2348 d.
1287 2309 1313 2349 a.

166 2399 214 2451 est
234 2392 312 2452 enim
332 2393 470 2471 castigata
494 2395 635 2467 narratio,
657 2393 701 2454 sic
724 2401 821 2453 umen
842 2400 875 2454 ut
896 2391 994 2453 omnia
1015 2388 1155 2468 conplexa
1179 2389 1224 2450 sit.
1270 2381 1461 2469 dvaqugot

126 2517 153 2557 ao
167 2493 198 2554 in
224 2493 362 2572 septimo,
394 2492 443 2552 uhi
471 2494 677 2556 amoenitatem
704 2492 764 2555 luci
790 2512 825 2554 ac
852 2493 981 2556 lluminis
1008 2489 1203 2553 describendo
1230 2490 1299 2552 iacit
1320 2493 1462 2555 narratio·

167 2593 313 2666 nemsie,

417 2692 516 2752 lrune
536 2692 636 2755 inter
656 2694 776 2781 lluvio
799 2694 1002 2755 Tiberinus
1022 2710 1177 2753 amoeno

334 2791 541 2853 verticibus
562 2793 709 2871 rapidis
729 2803 764 2856 et
783 2794 899 2857 multa
921 2794 1043 2857 flavus
1064 2792 1203 2853 harena

333 2893 370 2953 in
397 2910 495 2954 mare
517 2893 743 2971 prorumpit;
765 2896 891 2956 variae
914 2895 1133 2971 circumque
1151 2913 1342 2975 supraque

127 3024 154 3064 2⁵
335 2994 518 3055 adsuetae
539 2989 635 3072 ripis
656 2990 1079 3059 volucresetlluminis
1102 2995 1208 3056 alveo
1292 3065 1296 3075 Ι

337 3094 493 3155 aethera
513 3091 734 3153 mulcebant
755 3103 864 3156 cantu
885 3097 1047 3176 lucoque
1068 3096 1253 3157 volabant.

254 3196 336 3276 Hpos
355 3195 462 3256 dicitrn
486 3193 596 3255 Graece
617 3193 746 3253 carmine
773 3195 941 3256 hexametro
968 3197 1128 3258 divinarum
1156 3215 1255 3258 rerum
1281 3207 1311 3259 et
1332 3199 1465 3262 heroica-

239 3389 252 3440 1
282 3389 452 3455 hesiodugiue
480 3387 660 3453 eoueatalogos
685 3385 737 3437 ΑΒ
764 3385 933 3452 hesiodngiua
958 3391 1141 3458 eontagalogos
1168 3392 1199 3441 M
1229 3392 1333 3442 Hesiodi
1358 3392 1464 3459 theogo-

165 3465 246 3518 niae
334 3457 529 3525 2philosophia
549 3465 576 3506 ιιι
594 3456 652 3507 libri
670 3456 793 3505 Varronis
811 3455 972 3520 Empedoclis
991 3457 1133 3518 Lucretiic
1217 3462 1234 3512 5
1256 3462 1327 3525 Cyna
1345 3462 1397 3512 ΑΒ
1414 3463 1463 3526 Cy-

166 3546 220 3582 nun
246 3528 280 3578 Μ
353 3527 437 3578 iliadis
456 3527 542 3578 ΑΒΜ
612 3525 630 3576 6
655 3525 782 3576 secundae
800 3524 864 3574 liaca
882 3524 906 3572 Α
923 3528 1033 3578 secunda
1051 3530 1130 3580 eliaca
1147 3529 1207 3580 ΒΜ
1222 3530 1333 3580 secanda
1351 3531 1465 3593 lyricas
1544 3546 1547 3551 ·

236 3595 357 3647 archiloci
376 3605 400 3646 et
419 3598 514 3646 oratius
532 3602 664 3663 poematos
681 3594 839 3644 characteres
857 3601 917 3642 sunt
934 3604 1050 3658 quattuor
1067 3600 1100 3648 27
1119 3615 1182 3664 epos
1200 3600 1290 3650 dicitur
1308 3625 1342 3634 -
1360 3599 1427 3660 484,
1446 3599 1464 3650 9

166 3673 192 3721 in
210 3674 326 3718 mutuam
343 3674 370 3715 ιιι
388 3667 425 3716 sic
441 3667 550 3716 dixerim
568 3672 700 3732 poematos
727 3662 878 3730 (poematos
895 3663 939 3727 Α)
963 3664 1120 3718 characteres
1138 3678 1197 3718 suut
1213 3669 1238 3717 hi
1257 3666 1365 3732 brachys
1385 3669 1463 3728 (bra-

166 3739 223 3789 chis
238 3734 302 3798 AB)
320 3750 419 3785 macros
435 3735 563 3798 (machros
580 3735 618 3795 ,4)
638 3748 722 3783 mesos
743 3739 853 3792 (messos
872 3731 906 3782 M
920 3748 1009 3785 meson
1027 3734 1064 3799 B)
1081 3752 1180 3788 macros
1198 3746 1236 3787 est
1251 3748 1278 3787 ut
1297 3737 1366 3802 apnd
1384 3738 1464 3803 uirgi-

166 3808 231 3859 lium
249 3805 395 3855 narratione
412 3804 541 3854 character
558 3812 586 3854 at
603 3805 629 3854 in
648 3802 782 3852 andecimo
799 3800 890 3851 ΑΒΜ.
914 3805 941 3852 in
964 3804 1052 3869 quibua
1069 3823 1133 3871 qaae
1151 3809 1300 3871 interposita
1317 3815 1376 3857 aaut
1394 3807 1466 3869 infra

164 3893 214 3929 cao
231 3878 288 3926 loco
305 3877 415 3939 repetita
433 3882 543 3935 metant,
562 3873 606 3924 alli
622 3876 753 3937 utriusque
767 3874 911 3935 scripturae
928 3873 1121 3938 discrepantiam
1139 3878 1266 3928 adnotavi.
1291 3877 1354 3926 hace
1365 3886 1390 3928 et
1401 3891 1465 3941 quoe

160 3947 417 4013 praemiarentur
435 3961 488 3994 cum
506 3947 542 3994 ite
557 3944 628 3994 edita
645 3950 729 3993 essent
744 3943 770 3991 io
784 3943 902 4005 principe
920 3943 1042 4002 editione,
1068 3943 1211 3994 Archilochi
1235 3955 1259 3994 et
1283 3945 1380 3994 Horatii
1403 3960 1464 4011 poe·

164 4022 259 4065 matos.
284 4010 448 4063 Characteres
470 4021 529 4062 suut
555 4009 673 4075 quattuor
696 4010 730 4059 21
741 4023 811 4087 1ιιροε
828 4009 919 4087 digitur
940 4037 976 4047 -
992 4011 1053 4070 484,
1075 4011 1107 4062 10
1127 4023 1213 4064 mutuo
1237 4024 1263 4063 ut
1287 4015 1325 4063 sie
1347 4015 1464 4064 dixerim.

165 4086 182 4135 7
202 4083 338 4133 Poematos
357 4080 514 4132 characteres
536 4088 595 4130 aaut
618 4079 643 4128 hi
663 4075 768 4145 βραχυς
785 4092 892 4142 pauper
909 4074 1009 4142 μέσσος
1025 4071 1162 4145 ἀνθηρός.
1183 4084 1280 4133 ltacros
1298 4092 1336 4132 est
1353 4093 1381 4133 ut
1397 4083 1465 4148 apud

164 4150 305 4217 Virgilium
323 4151 349 4199 in
365 4151 464 4200 decimo
483 4152 514 4201 de
537 4149 641 4200 Camilla
662 4147 723 4197 lacit
738 4175 773 4183 —
790 4147 825 4197 25
843 4148 924 4197 alueo.
955 4151 1016 4210 484,
1037 4149 1068 4199 10
1086 4150 1297 4216 Consequentiam
1316 4154 1413 4217 primns
1431 4179 1465 4187 —

165 4221 228 4280 484,
248 4218 281 4270 tn
301 4218 463 4270 homeristae.
491 4219 594 4284 Elegia,
613 4218 749 4268 Patscdias
764 4232 912 4281 perversam
930 4222 1041 4270 ordinem
1058 4221 1158 4270 inducit
1174 4222 1251 4280 hanc,
1276 4219 1421 4271 Archilochi
1441 4229 1466 4269 et

167 4289 274 4340 Horatii.
311 4288 345 4338 27
368 4287 436 4354 Epos
454 4289 546 4338 dicitur
563 4315 598 4323 —
616 4286 682 4345 484,
702 4286 719 4336 9
742 4287 769 4335 ia
787 4293 901 4335 mutuam
919 4297 946 4336 ut
964 4289 1000 4338 sie
1018 4289 1126 4338 dixerim
1145 4290 1350 4352 consequentiam
1367 4290 1465 4355 primus

165 4386 202 4396 -
220 4357 282 4417 484,
302 4356 333 4408 16
348 4355 506 4408 Homeristae
524 4358 540 4406 7
559 4357 692 4405 Poematoa
710 4355 867 4404 characteres
886 4366 944 4406 sunt
968 4357 993 4406 hi
1016 4349 1123 4421 μακρός
1142 4351 1246 4423 βραχὺς
1271 4351 1353 4422 μέσος
1373 4348 1465 4421 ἄνθη-

168 4417 227 4492 po'e.
248 4416 369 4489 Maapdc
387 4436 426 4476 est
445 4436 471 4475 ut
488 4426 556 4491 apud
573 4425 644 4489 Virg.
665 4440 722 4473 cum
747 4424 890 4473 narratione
914 4424 1043 4475 character
1060 4434 1086 4473 ut
1108 4426 1132 4474 in
1152 4427 1283 4476 undecimo
1303 4427 1344 4476 irbi
1363 4426 1394 4475 de
1413 4426 1465 4474 lle-

168 4496 227 4547 ano
245 4494 307 4545 iacit
323 4522 358 4532 -
375 4494 409 4545 26
427 4498 534 4559 lucoque
552 4494 683 4544 sonabant.
717 4493 754 4542 De
776 4494 900 4558 poematis
922 4496 1067 4560 generibus.
1099 4496 1318 4560 48⁴,17Hlegia
1404 4495 1466 4546 8ia

166 4561 313 4629 undecimo]
330 4582 353 4615 a.
369 4562 423 4615 5311
498 4565 527 4614 ll
547 4562 652 4615 secundi
667 4570 693 4610 et
711 4562 777 4611 tertii
796 4560 852 4610 librl
872 4561 957 4613 ΑΒΜ
1022 4564 1164 4628 Bhrachys
1184 4565 1217 4614 Μ
1231 4565 1331 4614 brachis
1345 4564 1396 4614 AB

167 4635 194 4683 in
203 4629 305 4698 quinta]
316 4651 340 4685 a.
349 4633 403 4684 2110
473 4633 507 4684 14
517 4631 654 4684 maeandro
666 4647 713 4682 om.
725 4629 811 4680 ΑΒΜ
876 4631 907 4682 17
920 4648 1004 4682 mesos
1022 4632 1107 4682 ABM
1168 4635 1193 4682 in
1207 4632 1301 4699 primo]
1314 4653 1335 4684 a.
1346 4633 1397 4684 343
1408 4633 1467 4682 huic

166 4702 264 4755 wala:
280 4700 412 4767 Sychem
428 4711 483 4753 erat
500 4702 642 4754 ditissimus
659 4699 717 4766 agri
730 4696 885 4750 Phoenicum
903 4710 928 4752 et
944 4717 1038 4766 magno
1057 4703 1165 4752 miserae
1184 4703 1290 4752 dilectus
1311 4718 1396 4752 amore
1537 4718 1539 4723 ⁴

145 4768 325 4843 'AHanada
339 4769 545 4823 samusart
603 4766 765 4821 lamusteo
775 4766 861 4818 ΑΒΜ
916 4770 988 4820 acin
1003 4770 1200 4836 septimo]a.30
1258 4771 1467 4837 2tiloquequeB
