3114 5356
620 311 703 371 ΛΒΤ.
727 311 867 371 Glhlbllll.
889 311 961 372 utu.
984 311 1011 371 ll
1406 319 1464 380 431

1250 440 1273 480 p.
1289 429 1334 472 ⁴25.
1349 430 1414 473 2⁸1³.

163 505 244 557 recte
273 504 463 575 putaverunt,
496 496 574 557 velut
603 497 700 557 anima
726 497 814 557 vocis.
865 505 1004 559 accentus
1032 505 1077 557 est
1106 497 1201 560 dietus
1230 498 1267 579 ab
1294 501 1465 577 accinendo,

164 599 243 677 quod
273 599 311 659 sit
337 598 420 675 quasi
449 598 568 675 qnidam
599 597 740 674 cuiusque
768 596 896 675 syllabae
923 607 1037 659 cantus.
1088 599 1167 678 apud
1194 600 1322 664 Graecos
1348 621 1466 684 quoque

163 701 230 761 ideo
254 699 406 782 npoopdle
428 700 552 774 dieitur,
580 699 647 776 quia
675 690 855 781 προσᾴδεται
885 704 950 771 ταῖς
972 700 1142 777 συλλαβαῖς.
1185 708 1326 763 accentus
1346 704 1464 781 quidam

165 803 280 879 fastigia
311 810 502 874 vocaverunt,
533 800 611 878 quod
639 798 672 858 in
699 797 843 877 capitibus
865 800 1027 880 litterarum
1051 810 1247 880 ponerentur;
1280 802 1328 865 alii
1347 812 1465 867 tenores

139 905 207 964 arel
239 923 330 964 sones
357 886 533 982 appellant}
557 922 617 962 non
643 900 714 960 nulli
742 901 894 960 cacumina
925 903 1052 962 retinere
1080 903 1257 964 maluerunt
1302 912 1372 969 sunt
1397 925 1464 969 vero

165 1016 240 1078 tres,
271 1015 377 1065 acutus
399 1004 494 1081 gravis
516 1013 545 1064 et
567 1002 616 1081 qui
637 1021 672 1062 ex
694 1001 810 1062 duobus
832 1011 947 1064 constat
976 1003 1190 1064 circumflexus.
1235 1023 1271 1067 ex
1292 1005 1465 1068 bisacutus

164 1108 192 1167 in
212 1106 357 1184 correptis
379 1124 511 1184 semper,
545 1103 694 1165 interdum
721 1102 872 1181 productis
898 1103 1017 1182 syllabis
1044 1111 1191 1177 versatur,
1221 1104 1346 1168 inllexue
1366 1106 1397 1167 in
1417 1108 1463 1170 bis
1533 1183 1537 1190 Ι

164 1227 240 1287 quae
264 1207 482 1287 producuntur3
514 1205 609 1282 gravis
632 1212 730 1264 autem
750 1223 804 1283 per
825 1223 857 1264 se
879 1223 1039 1282 numquam
1063 1204 1225 1266 consistere
1244 1205 1274 1267 in
1295 1207 1355 1268 ullo
1374 1209 1464 1270 verbo

165 1317 278 1390 potest,
299 1308 351 1368 sed
373 1307 403 1366 iu
428 1306 473 1366 his
494 1306 523 1365 in
547 1305 653 1383 quibus
676 1305 800 1366 inllexus
822 1301 869 1367 es't
886 1314 936 1366 aut
950 1314 1055 1366 acutus
1069 1314 1182 1366 ceteras
1199 1306 1324 1384 syllabae
1341 1309 1463 1370 obtinet

131 1429 152 1469 ro
165 1413 194 1472 in
219 1409 340 1471 Graecis
360 1408 458 1484 itaque
478 1406 655 1466 dictionibus
677 1424 745 1466 eum
767 1396 871 1466 acutus
891 1406 945 1466 tria
967 1405 1032 1466 loca
1054 1413 1167 1480 teneat,
1190 1406 1323 1469 adfinium
1342 1410 1464 1488 paenul-

164 1514 268 1575 timum
290 1506 584 1588 autepaenullimum,
608 1507 683 1567 ultra
705 1524 865 1584 nurnquam
888 1509 997 1585 (neque
1019 1508 1097 1568 enim
1118 1510 1208 1570 relert
1228 1509 1355 1589 plurium
1377 1510 1464 1589 sylla·

163 1616 270 1674 barum
293 1630 359 1671 esse
382 1616 494 1688 partem
517 1608 691 1684 orationis),
720 1608 797 1687 apud
816 1607 936 1668 Latinos
956 1608 1015 1669 due
1037 1616 1151 1671 tantum
1172 1611 1236 1671 loca
1259 1619 1354 1684 tenet,
1373 1631 1464 1691 paen-

165 1714 301 1776 ultimam
324 1722 353 1772 et
375 1709 670 1789 autepaenultimuur;
699 1709 904 1770 circumflexus
924 1717 1039 1783 autem,
1064 1711 1207 1788 quotlibet
1228 1712 1404 1790 syllabarum
1425 1713 1464 1774 sit

163 1797 282 1889 dictio,
300 1833 361 1873 non
383 1809 493 1870 tenebit
515 1809 571 1869 nisi
591 1810 801 1889 paenultimum
829 1810 934 1871 locum.
959 1809 973 1892 ΙΙ
998 1812 1093 1872 omnis
1115 1812 1204 1889 igitur
1226 1831 1294 1891 pars
1322 1811 1463 1872 orationis

125 1938 150 1977 ra
163 1919 242 1978 bane
266 1915 408 1976 rationem
429 1910 674 1990 pronuntiationis
696 1912 814 1972 detinet
852 1911 947 1971 omnis
965 1931 1019 1972 vox
1034 1911 1232 1990 monosyllaba
1247 1912 1357 1989 aliquid
1372 1912 1463 1989 signi·

162 2021 273 2089 sicans,
307 2014 332 2074 si
349 2012 446 2074 brevis
466 2020 525 2085 est,
548 2021 686 2086 acuetur,
716 2022 748 2073 ut
766 2013 803 2073 ab
824 2012 882 2072 mel
905 2012 960 2087 lel;
994 2020 1023 2073 et
1044 2013 1070 2073 si
1091 2013 1237 2092 positione
1258 2012 1345 2090 longa
1364 2013 1462 2087 luerit,

163 2126 284 2179 aeolum
303 2114 435 2176 similiter
457 2121 587 2173 tenorem
611 2113 744 2188 babebit,
763 2121 796 2174 ut
817 2132 865 2175 ars
887 2132 957 2193 pars
978 2112 1027 2191 pix
1042 2114 1090 2175 nix
1105 2116 1161 2175 lar.
1198 2115 1244 2175 sin
1261 2121 1360 2176 autem
1374 2114 1462 2192 longa

163 2226 269 2278 natrrra
291 2215 392 2289 luerit,
414 2216 561 2287 llectetur,
585 2221 618 2275 ut
637 2215 687 2275 lua
707 2234 776 2295 spes
796 2215 852 2277 dos
874 2217 919 2278 sol
943 2234 1027 2277 mons
1045 2234 1111 2277 mos
1132 2219 1198 2277 lons
1218 2215 1265 2277 lis.
1297 2216 1394 2279 omnis
1409 2235 1463 2276 vox

163 2318 307 2397 disyllaba
330 2317 456 2396 priorem
480 2315 618 2394 syllabam
639 2324 689 2376 aut
709 2316 786 2377 acuit
807 2324 857 2378 aut
883 2317 982 2381 lleclit
1027 2317 1122 2390 acuit,
1146 2317 1192 2377 vel
1214 2336 1282 2378 cum
1299 2318 1396 2379 brevis
1418 2326 1464 2379 est

119 2439 148 2477 ao
163 2429 305 2496 utraque,
328 2425 360 2478 ut
381 2418 454 2478 deus
473 2404 548 2477 citus
568 2416 653 2477 datur
674 2428 752 2491 arat;
774 2417 819 2477 rel
845 2437 912 2478 cum
931 2418 1077 2497 positione
1098 2417 1185 2494 longa
1209 2425 1254 2477 est
1271 2427 1408 2496 utraque,
1431 2427 1464 2478 ut

165 2519 287 2592 sollers;
322 2518 366 2578 rel
387 2517 524 2579 alterutra
545 2517 691 2596 positione
713 2517 817 2596 longa,
846 2518 916 2579 dum
939 2537 977 2578 ne
995 2527 1099 2578 natura
1121 2518 1208 2595 longa
1227 2518 1281 2592 sil,
1309 2517 1405 2598 prior,
1430 2525 1463 2578 ut

164 2628 290 2711 pontus,
311 2620 469 2698 posterior,
495 2627 526 2679 ut
548 2619 664 2679 cohors.
700 2619 724 2679 si
747 2637 814 2678 vero
829 2619 918 2697 prior
939 2618 1049 2697 syllaba
1065 2625 1167 2679 natura
1182 2617 1269 2695 longa
1284 2625 1314 2678 et
1335 2636 1463 2695 sequeus

166 2723 263 2782 brevis
287 2721 387 2792 luerit,
414 2720 541 2780 lleetitur
561 2719 656 2798 prior,
687 2728 718 2781 ul
738 2721 805 2780 luna
829 2719 931 2785 Roma
975 2719 1005 2778 in
1029 2719 1184 2800 trisyllabis
1206 2727 1304 2780 autem
1325 2725 1355 2779 et
1375 2726 1464 2779 tetra·

166 2823 286 2901 syllabis
315 2829 344 2881 et
370 2820 509 2898 deinceps
538 2820 673 2881 secunda·
696 2822 732 2882 ab
760 2821 861 2882 ultima
891 2839 1008 2899 semper
1036 2820 1218 2881 obseruanda
1240 2827 1295 2881 est.
1338 2820 1413 2880 haec
1436 2819 1462 2880 si

124 2944 153 2983 aa
168 2930 273 2983 natura
301 2921 388 2998 longa
416 2921 519 2993 luerit,
553 2920 726 2995 inlleetitur,
757 2930 789 2982 ut
812 2923 961 2983 Romanus
983 2922 1131 2999 Cethegus
1160 2922 1288 2982 marinus
1310 2919 1463 2999 Crispinus

164 3024 278 3084 anricus
295 3022 422 3084 Saliinus
439 3022 579 3092 Quirinus
596 3022 708 3083 lectica.
748 3023 772 3083 si
796 3043 863 3084 rere
886 3023 987 3083 eadem
1010 3023 1188 3102 paenultima
1209 3022 1355 3102 positione
1376 3021 1463 3098 leuga

163 3123 268 3196 luerit,
291 3130 426 3195 acuetur,
451 3129 482 3180 ul
496 3120 630 3183 Metellus
648 3123 779 3185 Catullus
794 3124 963 3197 Marcellus,
984 3124 1023 3184 ita
1041 3133 1154 3195 tamen,
1176 3124 1201 3184 si
1217 3123 1362 3202 positione
1377 3122 1464 3200 longa

163 3245 224 3286 non
247 3244 283 3285 ex
304 3232 383 3284 muta
408 3230 437 3283 et
457 3222 565 3298 liquida
586 3223 680 3283 luerit.
706 3243 794 3290 ,nam
821 3225 944 3286 mutabit
974 3233 1143 3295 accentum,
1176 3232 1208 3285 ut
1233 3223 1362 3284 latebrae
1382 3230 1464 3284 tene·

163 3326 244 3386 brae.
291 3333 320 3384 et
342 3322 367 3384 si
389 3323 548 3384 novissima
571 3332 674 3384 natura
701 3325 788 3402 longa
812 3325 941 3402 itemque
963 3326 1142 3405 paenultima
1169 3323 1377 3385 siccantem
1396 3325 1464 3384 sive

124 3458 152 3498 30
166 3427 315 3506 positione
333 3426 421 3503 longa
444 3425 546 3497 luerit,
575 3426 752 3503 paenultima
774 3434 887 3488 mutum
909 3434 1044 3501 acuetur,
1065 3445 1124 3487 non
1144 3425 1310 3487 inflectetur
1330 3423 1389 3499 sic,
1412 3443 1464 3485 na·

167 3536 249 3600 tura,
269 3534 301 3586 ut
323 3527 450 3588 Fidenae
471 3528 601 3588 Athenae
622 3526 740 3587 Thebae
767 3527 887 3605 Cymae,
915 3527 1076 3606 positione,
1105 3535 1137 3587 ut
1161 3525 1286 3587 tabellae
1307 3526 1462 3586 fenestrae.

163 3629 210 3689 sin
234 3635 331 3689 aulem
354 3628 450 3689 media
472 3637 500 3689 et
527 3628 684 3691 uerissima
706 3627 809 3688 breves
830 3627 952 3700 luerint,
978 3627 1072 3706 prima
1094 3626 1220 3688 servabit
1243 3633 1360 3687 acutum
1381 3633 1464 3685 teno-

163 3749 243 3802 rem,
268 3736 300 3789 ul
320 3729 440 3807 Sergius
461 3728 574 3790 lllallius
604 3728 682 3790 ascia
708 3728 821 3789 lasciua
845 3728 935 3790 lulius
959 3729 1106 3790 Claudius.
1151 3728 1176 3788 si
1199 3746 1302 3789 omnes
1323 3733 1384 3787 tres
1407 3725 1464 3804 syl·

164 3830 248 3891 lahae
270 3830 375 3907 longae
389 3830 520 3902 luerint,
539 3830 634 3890 media
656 3837 794 3903 acuetur,
818 3837 850 3891 ut
871 3830 993 3891 Romani
1009 3829 1096 3907 legati
1118 3835 1270 3908 praetores
1288 3826 1461 3908 praedones.

235 4038 247 4087 l
275 4038 413 4086 accinendo
432 4037 603 4092 §accidendo
618 4036 702 4088 ΑΒΜ
777 4040 900 4088 2cantus
916 4040 981 4089 -3
1000 4032 1147 4100 συλλαβαῖς
1165 4054 1212 4087 om.
1232 4035 1268 4085 M
1339 4034 1462 4102 3prose-

163 4107 207 4155 dia
226 4107 319 4155 dieitur
339 4109 397 4169 sytria
417 4107 537 4170 precedet
554 4108 589 4155 eit
607 4107 760 4169 dissyllabes
777 4108 827 4157 AB
912 4110 974 4158 din
993 4123 1040 4159 om.
1059 4104 1145 4154 ABM
1187 4112 1193 4124 '
1229 4096 1386 4156 5nonunlli
1403 4119 1462 4152 arir-

163 4177 233 4224 mina
251 4175 364 4225 distroire
382 4175 561 4229 molueruots
641 4176 771 4240 boptinet
788 4178 813 4226 A
895 4176 924 4226 ll
945 4176 1054 4242 plurium
1072 4175 1206 4224 Patrobios
1224 4175 1360 4238 plurimum
1379 4172 1465 4222 ΑΒΜ

236 4243 267 4292 12
292 4245 473 4309 paenultimam
489 4270 523 4278 —
544 4244 575 4294 15
593 4246 688 4294 detinet
713 4261 760 4294 om.
780 4244 812 4294 Μ
883 4244 914 4295 13
938 4243 1067 4308 quodlibet
1084 4241 1136 4290 AB
1226 4242 1257 4292 15
1280 4241 1462 4306 monosyllabis

163 4314 249 4363 ΑΒΜ
331 4314 362 4362 17
381 4313 426 4361 fax
444 4311 503 4361 ΒΜ
518 4327 569 4376 pax
586 4315 612 4362 A
693 4311 986 4363 coaeternitatem
1004 4312 1029 4360 A
1106 4311 1228 4360 aratAB
1244 4319 1298 4359 eret
1316 4308 1349 4358 M
1428 4310 1460 4359 21

163 4384 245 4432 solers
266 4382 308 4430 nel
326 4382 496 4443 alterutraque
515 4381 549 4430 M
625 4381 659 4430 25
678 4381 795 4431 cethecus
811 4383 897 4431 ΑΒΜ
969 4394 1105 4429 musianus
1123 4379 1208 4430 codem
1224 4380 1462 4429 homoeomer-

162 4454 198 4501 ar'a'
213 4468 240 4514 p.
259 4448 312 4498 525
329 4451 368 4499 ed.
392 4451 518 4509 Vindob,
534 4449 590 4500 >abi
606 4450 740 4499 Murranus
763 4452 853 4501 editum
876 4459 927 4504 eet.
956 4450 1025 4514 quod
1046 4464 1134 4499 nomen
1154 4451 1209 4511 peti
1228 4454 1362 4512 peterate
1383 4448 1461 4511 Verp.

162 4521 230 4570 flea.
249 4518 298 4567 Xll
316 4519 376 4568 5211,
393 4518 446 4568 639
518 4519 566 4569 -26
592 4520 698 4568 sauinue
716 4518 775 4568 AM
790 4520 882 4569 auinus
902 4518 927 4567 Β
1010 4517 1045 4567 28
1064 4531 1122 4565 nam
1138 4517 1244 4566 mutauit
1261 4514 1347 4565 ΑΒΜ
1428 4515 1463 4567 ’19

162 4590 218 4639 sive
237 4597 328 4636 nature
347 4588 400 4635 eive
418 4603 465 4638 om.
486 4585 569 4635 ΑΒΜ
576 4603 582 4636 :
601 4588 748 4636 naturauel
766 4588 928 4653 positiones·
1010 4585 1042 4636 at
1062 4586 1141 4634 cimae
1161 4586 1186 4634 B
1266 4583 1463 4635 armenicam

165 4657 309 4706 nouissima
325 4657 409 4705 breuis
423 4656 518 4704 fuerint
530 4655 590 4704 AM
617 4665 661 4704 aut
685 4656 825 4706 nouissima
841 4656 926 4704 breuis
944 4653 1020 4703 luerit
1045 4653 1110 4716 (em.
1128 4653 1230 4715 media)
1251 4654 1277 4703 Β
1301 4652 1386 4703 media
1407 4655 1464 4723 bre-

164 4727 205 4774 uis
224 4725 339 4778 lueriis
427 4725 539 4774 seruauit
557 4725 642 4775 ΑΒΜ
717 4723 869 4775 caturcino
888 4723 921 4773 Μ
943 4722 1049 4772 lurcinia
1066 4723 1091 4771 B
1173 4723 1285 4787 syllabae
1301 4732 1392 4773 natura
1409 4723 1465 4774 lon·

165 4809 215 4842 eae
236 4793 262 4841 B
