3114 5356
611 209 693 271 tur.
718 207 859 272 Guttttt
883 209 956 273 ΠΒ.
979 209 1020 271 111
1403 214 1462 276 ter

531 413 536 418 ·
585 398 649 455 'ne
670 403 804 473 quarta
824 395 928 475 loqui
948 413 1115 477 persona
1135 326 1413 472 leocritiam·

117 464 121 477 Ι
160 497 230 574 quia
250 506 353 575 quarta
372 514 491 575 semper
509 503 598 557 muta.
643 504 673 556 at
696 497 791 558 Latini
814 498 973 577 scriptores
995 497 1154 577 conplures
1175 517 1318 577 personas
1335 499 1365 560 iu
1382 500 1465 561 labu-

162 596 208 655 las
232 596 471 672 introduxerunt‚
495 605 526 657 ut
548 597 745 677 speciosiores
766 598 928 677 frequentia
949 601 1088 660 lacerent.

213 320 373 377 plaster.

249 697 379 776 Satyrica
402 706 448 759 cst
468 697 545 777 apud
568 698 695 759 Graecos
718 696 831 772 labilia,
854 699 884 760 in
907 718 963 777 qua
983 700 1052 761 item
1075 699 1177 778 tragici
1202 709 1309 781 poetae
1329 719 1389 762 non
1413 703 1464 762 he-

132 812 231 858 sroas
254 807 304 859 aut
326 817 412 877 reges
434 797 487 858 sed
514 798 633 877 Satyros
651 800 830 861 induxerunt
849 798 967 861 ludendi
992 819 1078 863 causa
1102 802 1292 881 mandique,
1323 802 1409 864 simul
1433 811 1465 864 ut

161 906 312 981 spectator
333 899 411 960 inter
430 918 479 960 res
501 900 628 977 tragicas
648 902 799 978 seriasque
826 901 996 986 Satyrorum
1023 901 1095 964 iocis
1118 911 1147 963 et
1168 902 1282 966 lusibus
1304 901 1463 964 delectare-

161 1006 225 1073 tur,
248 1007 281 1059 ut
300 999 440 1062 Horatius
462 999 554 1061 sensit
575 1000 622 1063 his
642 1000 784 1074 versibus,
920 1064 924 1070 ,

329 1100 493 1162 carmine
515 1101 576 1180 qui
597 1102 743 1180 tragico
772 1090 880 1163 vilem
902 1102 1064 1164 certavit
1084 1101 1130 1162 ob
1151 1101 1310 1178 hircum,

324 1220 404 1262 mox
424 1203 534 1264 ctiam
558 1209 741 1282 epraeter
763 1203 917 1282 Satyros
936 1204 1090 1266 nudauit
1111 1211 1147 1264 et
1168 1203 1283 1285 asper

121 1317 147 1357 ιο
328 1300 508 1364 iucol'omi
528 1303 733 1383 pravitate
752 1304 874 1365 iocum
897 1305 1109 1384 temptavit,
1130 1307 1288 1385 eoquod

269 1455 271 1458 .
326 1401 536 1464 inlecebris
559 1412 638 1466 erat
656 1414 694 1467 'et
713 1410 835 1485 pratu
855 1403 1023 1465 novitate
1048 1407 1252 1469 morandus

327 1511 533 1582 spectator.

246 1602 352 1665 Mimos
371 1612 417 1666 est
438 1604 585 1667 sermonis
606 1602 690 1664 cuius
710 1602 782 1665 libet
801 1603 934 1668 imitatio
957 1611 988 1667 et
1004 1614 1103 1669 motus
1126 1607 1192 1669 sine
1212 1609 1390 1683 reverentia,
1416 1609 1462 1671 vel

161 1703 306 1766 tactorum
329 1712 357 1764 et
383 1704 536 1767 dictorum
556 1704 686 1785 turpium
707 1723 774 1767 cum
792 1705 909 1768 lascivia
930 1707 1068 1781 imitati03
1102 1726 1119 1769 a
1142 1708 1262 1772 Graecis
1289 1710 1331 1772 ita
1358 1711 1462 1772 delini-

123 1814 226 1879 151115,
256 1796 345 1883 μῖμός
362 1801 441 1866 ἔστιν
462 1806 583 1885 μίμησις
606 1805 676 1884 βίον
698 1798 736 1866 τά
757 1827 788 1865 τε
809 1804 1055 1886 συγκεχωρημένα
1076 1804 1127 1866 καὶ
1148 1799 1342 1889 ἆσυγχῶρητα
1364 1809 1461 1888 περιέ-

159 1927 230 1984 χων.
276 1905 382 1968 mimus
402 1905 497 1969 dictus
519 1900 602 1988 παρὰ
621 1895 654 1967 τό
672 1910 845 1986 μιμεῖσθαι,
878 1907 962 1985 quasi
984 1907 1066 1970 solus
1087 1907 1230 1984 imitetur,
1260 1929 1327 1972 cum
1349 1920 1378 1971 et
1403 1912 1457 1973 alia

160 2016 298 2089 poenula
318 2007 396 2070 idem
417 2008 543 2089 laciant3
575 2008 630 2072 sed
655 2009 739 2072 solus
764 2007 849 2089 quasi
875 2007 1026 2089 priuilegio
1053 2009 1180 2088 quodam
1201 2009 1280 2088 quod
1302 2011 1357 2073 luit
1377 2031 1459 2072 cour·

158 2127 250 2170 rnune
271 2108 419 2191 possedit:
440 2110 573 2172 similiter
592 2105 688 2188 atique
708 2110 734 2173 is
755 2109 942 2190 uuiversum
964 2110 1033 2171 lacit
1054 2110 1150 2172 dictus
1172 2105 1313 2190 ποιητής,
1341 2130 1409 2174 cum
1429 2119 1459 2172 et

160 2211 304 2285 artifices,
328 2229 396 2273 cum
416 2229 511 2291 aeque
532 2211 602 2290 quid
621 2210 745 2287 faciunt,
761 2207 775 2296 ΙΙ
790 2229 850 2273 non
873 2210 1008 2272 dicantm
1026 2220 1140 2292 poetae.

119 2336 146 2377 ao
245 2311 375 2374 Membra
392 2312 611 2375 comoediarum
631 2321 701 2377 sunt
721 2313 790 2389 tria,
818 2311 980 2374 diverbium
1001 2312 1148 2375 canticum
1168 2313 1286 2376 chorus.
1325 2312 1457 2374 membra

159 2413 329 2475 comoediae
345 2413 459 2478 diversa
477 2423 561 2491 sunt,
581 2415 701 2479 delinito
720 2423 818 2476 tamur
832 2431 957 2476 numero
976 2413 1164 2477 continentur
1183 2434 1200 2477 a
1218 2415 1347 2494 quinum
1361 2434 1457 2494 usqne

158 2516 196 2578 ad
218 2516 330 2577 decem.
374 2515 503 2579 diverbia
530 2526 602 2579 sunt
627 2525 727 2598 partes
754 2514 972 2580 comoediarum
996 2515 1029 2576 in
1056 2514 1163 2594 quibos
1185 2516 1366 2579 diversorum
1389 2535 1457 2596 per-

159 2635 250 2678 sonae
271 2626 434 2680 versantur.
478 2635 625 2699 personae
647 2624 746 2680 autem
767 2615 963 2679 diverbiorum
992 2623 1043 2678 aut
1065 2615 1140 2678 duae
1162 2625 1213 2679 aut
1233 2625 1296 2680 tres
1316 2627 1367 2680 aut
1387 2636 1456 2679 raro

159 2726 298 2797 quattuor
319 2737 385 2780 esse
406 2718 530 2794 dehent,
557 2719 632 2782 ultra
651 2736 759 2799 augere
779 2737 935 2782 numerum
962 2737 1022 2780 non
1043 2717 1122 2779 licet.
1165 2718 1196 2780 in
1217 2717 1338 2781 canticis
1358 2728 1456 2781 autem

121 2836 146 2876 u
161 2838 219 2880 una
241 2827 355 2908 tantum
380 2819 469 2882 debet
495 2841 562 2882 esse
584 2840 728 2902 persona,
755 2829 821 2895 aut,
850 2819 876 2882 si
897 2820 973 2883 duae
992 2820 1115 2894 tuerint,
1143 2819 1184 2882 ita
1205 2838 1273 2882 esse
1293 2817 1403 2882 debent
1423 2826 1456 2880 ut

159 2940 194 2981 ex
215 2920 332 2982 occulto
354 2939 411 2983 una
432 2922 531 2991 audiat
550 2941 606 2983 nec
630 2921 824 3001 conloquatur
846 2921 898 2984 sed
927 2940 1045 2997 meum,
1080 2921 1105 2983 si
1133 2940 1209 3002 opus
1235 2920 1337 2995 luerit,
1367 2920 1456 2982 verba

158 3020 253 3105 iaciat
291 3021 322 3083 in
342 3023 441 3085 choris
460 3043 530 3087 vero
552 3042 693 3086 numerus
715 3041 906 3104 personarum
925 3021 1063 3085 delinitus
1083 3041 1144 3084 non
1165 3032 1225 3099 est,
1247 3022 1356 3103 quippe
1373 3021 1456 3082 iunc-

157 3123 209 3184 tim
234 3142 338 3186 omnes
358 3124 438 3203 loqui
460 3124 582 3199 debent,
616 3125 700 3204 quasi
723 3142 794 3186 voce
816 3123 938 3187 conlusa
965 3130 995 3185 et
1020 3130 1166 3186 concentu
1187 3122 1218 3183 in
1242 3141 1330 3185 unam
1353 3141 1456 3202 perso-

157 3244 226 3288 nam
246 3227 449 3288 reformantes.
493 3227 613 3292 Latinae
633 3224 722 3305 igitur
743 3224 911 3286 comoediae
932 3226 1056 3286 chorum
1075 3242 1135 3285 uon
1157 3222 1282 3298 habent,
1307 3223 1360 3285 sed
1382 3222 1456 3284 duo·

119 3326 213 3388 subus
238 3325 378 3388 membris
402 3333 515 3388 tantum
543 3335 696 3402 constant,
727 3323 857 3387 diverbio
880 3332 909 3387 et
930 3324 1053 3387 cantico.
1098 3323 1200 3404 primis
1221 3331 1320 3386 autem
1339 3331 1455 3403 tempo·

156 3427 255 3501 ribus,
276 3426 319 3488 sic
340 3425 383 3489 uti
401 3427 510 3490 adserit
528 3426 729 3509 Tranquillus,
749 3426 848 3488 omnia
868 3426 991 3506 quaein
1010 3443 1099 3488 scena
1121 3433 1275 3488 versantur
1288 3425 1319 3486 in
1336 3442 1454 3486 comoe-

140 3591 143 3595 ⁷
225 3595 239 3646 l
261 3610 308 3644 11⁶⁰
326 3603 379 3652 §et
395 3597 480 3647 codex
491 3596 607 3662 Scioppii
674 3597 778 3646 2muta
796 3604 821 3645 at
840 3597 923 3659 latinis
945 3596 970 3645 A
989 3603 1069 3646 mutat
1086 3593 1157 3644 latini
1175 3593 1201 3643 B
1217 3602 1297 3643 mutat
1315 3591 1401 3643 latinis
1421 3589 1454 3641 M

156 3673 236 3715 mutat
254 3667 327 3715 ettam
345 3665 428 3716 codex
445 3667 561 3729 Scioppii
644 3665 862 3717 3introduxerlnt
881 3663 940 3715 ΒΜ
1025 3664 1193 3732 speciosiores
1210 3662 1336 3715 Buccillus
1352 3661 1451 3727 specio

155 3737 238 3787 stores
257 3734 282 3783 A
300 3734 463 3799 spatiosiores
480 3734 541 3785 ΒΜ
607 3738 625 3787 4
643 3735 758 3800 Satyrion
775 3734 834 3785 -u
851 3744 978 3801 spectator
995 3733 1067 3786 Mur.
1089 3736 1215 3786 Victoria.
1228 3751 1256 3798 p.
1276 3731 1361 3783 2527:
1379 3739 1450 3794 saty-

155 3805 222 3853 ricae
240 3811 279 3852 est
296 3802 382 3852 ΑΒΜ
449 3801 635 3869 diocandique
653 3817 671 3860 ς
689 3814 713 3857 et
731 3802 833 3855 Mariua
854 3806 1000 3856 Victorinus
1017 3802 1169 3866 iucundique
1184 3803 1270 3854 ΑΒΜ
1336 3799 1450 3866 depec-

154 3881 220 3922 uuor
237 3872 264 3920 A
289 3879 435 3937 expectator
452 3870 486 3922 Μ
506 3873 698 3938 expectaturi?
782 3871 930 3938 Satyrorum
955 3872 1059 3924 Mariua
1088 3874 1234 3924 Victorinus
1256 3877 1452 3935 satyrorumque

154 3939 239 3991 ΑΒΜ
263 3947 405 4003 satyrorum
424 3956 558 4004 quoques·
646 3939 813 4008 7Horatius]
838 3946 870 3996 de
888 3951 938 3995 art.
955 3952 1024 4009 poet.
1044 3941 1096 3992 ²20
1182 3943 1275 3993 ilmox
1291 3947 1316 3989 et
1332 3947 1452 4003 uenturos

155 4009 262 4059 nouauit
279 4016 304 4058 et
321 4024 396 4074 asper
414 4009 465 4059 AB
487 4026 547 4061 mox
565 4021 589 4062 et
608 4024 707 4078 satyros
725 4022 821 4063 nonant
838 4013 919 4078 (corr.
941 4010 1058 4075 nouauit)
1079 4030 1150 4062 caess
1167 4022 1192 4060 et
1210 4011 1270 4059 cord
1291 4008 1325 4058 M
1409 4019 1450 4055 or-

155 4079 225 4128 nuuit
244 4078 284 4127 ed.
299 4080 383 4141 princ.
456 4079 490 4130 10
506 4081 631 4147 gravitate
646 4100 693 4135 om.
709 4079 794 4133 ΑΒΜ
868 4084 950 4132 locum
968 4082 993 4132 A
1011 4081 1060 4130 loci
1077 4077 1135 4131 ΒΜ
1210 4079 1241 4129 ll
1261 4085 1315 4128 erat
1332 4086 1358 4126 et
1376 4075 1451 4125 noui-

153 4150 230 4197 tatem
249 4160 337 4196 eornm
353 4156 482 4212 spectator
499 4154 639 4214 (spectatur
655 4151 694 4215 B)
711 4146 798 4202 ΑΒΜ
872 4153 1014 4201 mouendus
1030 4152 1070 4203 ed.
1088 4151 1173 4216 princ.
1251 4147 1283 4198 la
1298 4146 1403 4198 imitatio
1426 4150 1451 4191 et
1492 4162 1501 4175 ·

152 4234 199 4268 our.
219 4213 317 4275 ΑΒΜ,
336 4225 360 4266 et
376 4218 438 4267 add.
457 4218 562 4268 latoius
576 4223 645 4282 prot.
664 4223 690 4270 iu
708 4222 784 4271 Pers.
796 4214 977 4284 p.·nxxx1v
1065 4221 1120 4270 siue
1136 4234 1207 4269 corr.
1227 4218 1283 4266 siue
1300 4215 1325 4264 A
1346 4228 1407 4264 sene
1424 4210 1451 4261 Β
1467 4270 1471 4276 ¹

222 4285 256 4335 14
274 4284 398 4335 dictorum
415 4302 462 4336 om.
481 4285 563 4336 ΑΒΜ
651 4289 683 4338 15
706 4291 798 4339 mimus
824 4288 934 4353 (mimos
954 4286 1004 4351 Μ)
1028 4290 1086 4339 irin
1105 4287 1220 4338 mimesis
1238 4283 1382 4350 (mimeisis
1400 4278 1450 4342 M)

151 4354 247 4404 biutute
271 4352 452 4416 syncechorem
476 4353 693 4420 (synchecluorem
710 4358 756 4420 Β)
782 4372 876 4408 enacea
893 4356 1038 4408 sinchoreta
1061 4355 1232 4422 (synchoreta
1249 4353 1292 4417 Β)
1314 4349 1449 4418 periechou

152 4420 310 4487 (perdechon
329 4423 374 4486 M)
393 4424 485 4473 mimus
504 4425 623 4489 (mumue
641 4424 685 4486 A)
703 4425 787 4476 dictus
823 4436 893 4478 arato
914 4424 1043 4476 mimisthe
1061 4426 1144 4476 ΑΒΜ
1238 4421 1271 4474 16
1288 4420 1360 4486 quasi
1377 4434 1393 4468 a
1408 4432 1450 4468 so-

151 4490 230 4540 lusA
302 4506 359 4540 cum
377 4506 395 4546 ς
412 4506 469 4542 eum
478 4492 560 4543 ΑΒΜ
631 4492 664 4543 18
680 4443 822 4561 ποιητής),
831 4506 902 4561 petes
913 4495 1000 4545 ΑΒΜ
1069 4495 1102 4546 lu
1117 4495 1210 4544 lacinnt
1219 4493 1271 4544 AB
1338 4487 1374 4540 20
1391 4495 1451 4539 sunt

151 4568 203 4610 tres
222 4558 308 4609 ΑΒΜ
325 4561 371 4608 trin
388 4570 483 4618 sunts
553 4564 586 4614 22
605 4563 742 4626 inquibus
761 4565 786 4614 B
806 4566 831 4614 in
851 4566 907 4628 quis
924 4564 980 4614 AM
1050 4565 1086 4614 24
1106 4575 1239 4612 numerum
1255 4560 1346 4614 onuM
1415 4556 1450 4607 25

150 4637 249 4678 tantum
266 4628 292 4677 B
310 4638 394 4678 tamen
412 4629 471 4680 AM
548 4632 651 4682 luerunt
669 4633 703 4682 M
770 4634 804 4685 26
822 4634 967 4684 conlocatur
985 4633 1011 4682 A
1081 4631 1236 4682 struncon
1255 4626 1400 4680 ABiuncti
1419 4624 1451 4674 M

218 4697 255 4749 28
273 4706 422 4748 concentum
439 4713 456 4756 ς

1175 4777 1241 4842 32*
