3114 5356
137 301 176 362 12
625 334 630 343 -
696 298 858 361 CllhlllSll

203 447 209 460 .
223 418 244 458 1.
257 418 271 460 1
285 416 309 458 r.
1265 448 1271 458 .
1287 417 1308 459 s.
1322 417 1337 457 s
1351 415 1376 459 a.

135 431 242 553 desinit
259 490 289 551 in
312 494 522 551 consonantem
545 507 561 548 c
583 503 639 565 qua
661 505 729 567 pars
749 487 890 549 orationis
910 487 1010 549 suitur
1032 493 1061 547 et
1080 487 1223 568 excipitur
1239 430 1262 549 ai
1271 489 1374 565 vocali,
1397 499 1431 553 ut

301 592 471 653 hocerat
492 588 753 669 almaparons.

136 698 209 759 baec
230 684 260 757 iu
282 693 384 756 mettis
406 692 519 754 facilius
541 690 807 770 deprehenduntur.
842 718 845 723 ·

220 797 291 860 hliis
316 797 356 858 ita
378 795 414 856 de
437 794 547 874 syllaba
575 791 684 873 placuit
712 794 841 856 delinire.
886 794 995 874 syllaba
1017 800 1063 855 est
1082 794 1243 874 conoeptio„
1257 802 1288 855 et
1305 814 1431 876 congre-

136 902 214 982 gatio
231 907 282 962 aut
299 898 443 960 vocalium
464 897 625 958 litterarum
643 904 693 958 aut
714 897 954 972 consonantium,
981 897 1136 959 coniuncta
1163 907 1261 961 nmen
1288 917 1355 959 curn
1382 919 1448 961 rat

136 1006 215 1067 done
232 1001 398 1075 vocalibus,
424 1006 456 1061 ut
476 1006 558 1060 trans
580 1017 659 1079 prae.
704 998 809 1060 dicitnr
828 1008 923 1061 autern
945 1019 999 1080 per
1018 1000 1201 1061 catachresin
1223 1000 1331 1080 syllaba
1351 1010 1383 1062 et
1404 1002 1431 1062 is

136 1126 228 1170 sonus
247 1105 296 1184 qui
318 1104 355 1165 de
377 1103 501 1181 singulis
521 1101 671 1173 vocalibus
692 1101 838 1176 redditur,
860 1110 892 1164 ut
914 1121 932 1163 a
955 1121 979 1162 e.
1017 1100 1144 1180 syllabae
1163 1109 1213 1164 aut
1234 1100 1339 1180 longao
1361 1111 1432 1164 sunt

136 1216 185 1280 aut
207 1208 320 1268 breves.
363 1205 466 1284 longas
488 1204 557 1266 lacit
581 1202 723 1284 producta
742 1204 863 1279 vocalis,
894 1204 998 1265 breves
1017 1213 1160 1284 correpta.
1210 1223 1313 1266 omnes
1332 1212 1432 1266 autern

136 1310 270 1384 vocales,
298 1319 330 1370 ut
357 1306 430 1368 ratio
457 1304 630 1387 postulabit,
658 1314 708 1368 aut
734 1306 856 1387 produci
883 1313 934 1368 aut
952 1303 957 1389 Ι
976 1305 1082 1386 corripi
1113 1316 1247 1387 possunt
1291 1308 1322 1368 in
1350 1307 1431 1370 breui

136 1413 245 1494 syllaba
272 1422 388 1491 tempus
416 1426 507 1469 unum
535 1417 594 1481 est,
623 1407 653 1468 in
679 1407 766 1487 longa
795 1409 863 1471 duo.
907 1417 1009 1470 natura
1036 1407 1141 1486 longae
1171 1409 1298 1489 syllabae
1323 1420 1375 1472 aut
1396 1432 1431 1472 ex

138 1535 196 1578 una
213 1514 355 1595 producta
378 1508 468 1571 vocali
489 1516 575 1583 suut,
594 1518 626 1570 ut
647 1529 663 1569 e
684 1509 727 1570 vel
750 1530 784 1585 o,
809 1518 859 1572 aut
879 1529 914 1571 ex
932 1509 1047 1571 duabus
1067 1509 1192 1586 iunctis,
1215 1519 1246 1572 ut
1264 1531 1299 1573 ao
1318 1512 1364 1574 vel
1385 1534 1432 1589 oe,

138 1635 212 1696 quas
233 1614 334 1676 Graeci
357 1612 556 1692 diphthongos
578 1617 691 1672 vocant.
730 1611 856 1690 syllabae
876 1612 1021 1693 positione
1041 1611 1146 1692 longae
1168 1616 1242 1675 liunt
1259 1613 1307 1676 his
1328 1616 1431 1690 modis,

137 1718 162 1779 si
186 1724 320 1797 correpta
347 1713 457 1778 vocalis
484 1713 599 1777 desinat
630 1712 660 1773 in
686 1730 775 1774 unam
796 1722 1007 1776 consonantem
1035 1721 1066 1775 et
1093 1715 1252 1795 excipiatur
1276 1717 1313 1778 ab
1341 1718 1433 1780 altera

138 1828 335 1893 consonante,
357 1825 390 1879 ut

303 1938 400 1983 arma
421 1918 615 1997 virumque
637 1934 744 1976 cano:

140 2031 191 2086 aut
213 2024 236 2086 si
260 2024 374 2085 desinat
395 2021 519 2083 induas
541 2027 754 2091 consonantes,
776 2025 809 2077 ut

301 2134 360 2187 ost
380 2124 417 2185 in
439 2140 597 2185 secessu
617 2119 730 2198 longo
750 2118 874 2180 locus:

137 2235 189 2291 aut
210 2229 234 2289 si
257 2227 451 2309 excipiatura
474 2216 855 2297 duabus'consonautibus‚
878 2231 911 2283 ut

301 2318 540 2391 derisioneis
562 2325 702 2386 llauae:

138 2438 190 2493 aut
206 2432 230 2492 si
251 2431 365 2493 desinat
393 2431 422 2491 in
453 2428 599 2510 duplicem
628 2427 754 2488 litteram
776 2444 809 2497 11,
837 2432 869 2487 ut
895 2429 982 2486 ‘nox
1003 2431 1117 2488 erat':
1141 2437 1193 2489 aut
1220 2428 1246 2489 si
1273 2430 1435 2511 excipiatur

137 2553 154 2596 a
182 2534 290 2614 duplici
317 2534 427 2607 littera,
449 2523 485 2593 'ut
512 2530 536 2593 si
569 2529 658 2592 iacias
694 2532 765 2589 ‘axe
793 2528 849 2589 sub
865 2525 879 2611 ΙΙ
893 2529 1051 2592 aetherio'.
1096 2528 1172 2591 idem
1202 2529 1259 2592 hoc
1286 2540 1316 2592 et
1346 2532 1377 2593 in
1409 2554 1435 2607 a,

139 2646 172 2699 ut
191 2637 369 2715 ‘Mezenti
391 2634 536 2708 clucis'3
558 2650 632 2710 tynae
652 2631 730 2711 apud
753 2630 881 2692 Graecos
905 2629 1013 2711 duplex
1035 2639 1097 2706 est,
1125 2640 1284 2713 utsupra,
1311 2653 1378 2696 cum
1399 2636 1435 2698 de

141 2822 153 2873 ¹
210 2821 242 2871 12
260 2820 288 2938 Ns
307 2890 360 2938 inin
376 2922 625 2938 ..........
643 2885 737 2935 desinit
752 2893 900 2935 osonantem
918 2901 940 2935 c.
962 2900 1012 2949 qua
1035 2899 1095 2950 pars

274 2975 322 3026 coli
339 2983 366 3024 nt
376 3008 591 3025 ..........
606 2988 663 3022 rens
685 2970 702 3020 h
725 2973 749 3021 in
773 2973 859 3023 metris
881 2971 982 3023 laciliua
1001 2971 1099 3037 dephca
1203 3008 1205 3012 .

1032 3061 1093 3127 pi..

139 3168 165 3218 N
182 3175 189 3214 l
208 3174 235 3223 1⁰,
253 3174 267 3214 2
279 3198 1432 3219 .......................

821 3252 1039 3302 osonantiuan
1092 3251 1272 3301 coniuncta

687 3338 774 3406 yllaba
789 3345 818 3429 et
828 3339 850 3388 is
867 3353 945 3388 sonus
962 3339 1006 3402 qui
1025 3338 1057 3388 de
1070 3337 1182 3404 singulis
1193 3339 1273 3389 uocat

657 3443 721 3492 ratio
739 3443 878 3508 postulabit
897 3446 912 3494 t'a
930 3443 1037 3510 produci
1056 3444 1071 3491 t't
1090 3443 1185 3508 corripi
1205 3427 1276 3507 posst

624 3544 688 3594 ngas
708 3529 770 3579 iacit
786 3529 911 3595 producta
929 3530 1027 3580 uocalis
1047 3529 1139 3580 breues
1158 3540 1274 3598 corrcpta

554 3618 591 3665 in
627 3615 750 3681 longa
779 3613 803 3683 sl
832 3617 882 3667 tis
914 3626 950 3666 ut
982 3632 1021 3668 ae
1055 3618 1073 3668 ῐι
1105 3632 1146 3668 oe
1181 3596 1272 3680 onas

192 3719 229 3768 Na
235 3755 432 3771 ............
440 3719 495 3771 lube
507 3722 522 3770 a
535 3734 567 3770 ex
579 3736 629 3770 111111
644 3721 767 3786 producta
781 3703 903 3771 uocaliat
917 3727 946 3770 ut
957 3721 1023 3772 erio
1036 3723 1093 3772 aex
1104 3720 1204 3772 duabus
1216 3722 1276 3772 lune

189 3808 260 3872 graci
280 3807 444 3872 ‹lypthongos

211 3946 222 3995 l
243 3959 303 4009 pars
322 3932 444 3995 orationis
462 3942 563 4006 linitur,
583 3947 710 4011 excipitur
727 3960 743 3994 a
760 3946 853 3999 uocali.
879 3954 916 4012 ut,
936 3945 1057 3996 hocerat
1075 3946 1143 3996 alma
1161 3962 1254 4012 parens
1271 3964 1293 3998 ω
1365 3951 1381 4002 3
1399 3953 1428 4002 de

139 4014 340 4080 prehenduntur.
373 4013 489 4064 aniana
508 4014 540 4063 de
559 4014 660 4080 syllaba
678 4016 775 4080 placuit
792 4015 913 4065 diffinire.
942 4015 1047 4081 Syllaba
1065 4025 1103 4067 est
1128 4019 1261 4084 conceptio
1285 4028 1309 4068 ot
1335 4037 1428 4087 congre

139 4086 225 4151 gotio,
251 4091 295 4133 aut
317 4083 444 4134 uocalinm
464 4084 620 4147 litterarum,
648 4094 692 4134 aut
713 4089 920 4145 consonantium,
950 4087 1086 4135 coniuncta
1101 4096 1186 4137 tamen
1202 4102 1259 4138 cum
1281 4090 1379 4141 ratione
1398 4108 1427 4141 uc

140 4154 246 4206 colibus.
276 4160 305 4204 ut
322 4161 408 4211 trans,
428 4168 504 4218 prae,
524 4152 617 4204 dicitur
636 4154 699 4204 hacc
716 4170 762 4221 per
781 4155 939 4205 catachresin
960 4154 1060 4220 syllaba
1078 4172 1099 4205 to
1170 4159 1186 4206 7
1205 4159 1340 4210 uocalibns
1357 4162 1427 4212 reddi

141 4234 181 4274 tur
199 4232 225 4273 ut
242 4238 265 4273 a.
277 4239 301 4274 e.
323 4220 443 4287 Syllabas
460 4230 503 4273 aut
521 4222 613 4289 longae
632 4233 691 4275 sunt
709 4232 752 4275 aut
771 4226 872 4287 breues,
893 4226 984 4291 longas
998 4240 1019 4275 ω
1106 4227 1123 4277 8
1141 4236 1265 4293 correpta,
1288 4244 1376 4281 omnes
1395 4233 1426 4282 ha

142 4294 259 4356 uocales,
278 4301 305 4343 ut
321 4294 422 4344 111ιίοω
509 4290 667 4359 9possunt.
701 4297 728 4344 ln
748 4295 819 4345 breui
838 4296 938 4362 syllaba
955 4303 1057 4362 tempus
1074 4313 1153 4347 unum
1173 4306 1224 4363 ost,
1241 4299 1267 4347 ln
1285 4299 1364 4367 longa
1382 4302 1426 4353 dut

146 4366 241 4416 Natura
261 4364 354 4431 longae
370 4360 484 4428 syllabae
503 4377 525 4411 ω

212 4537 228 4586 2
245 4533 295 4585 hoc
312 4531 378 4600 erat]
397 4533 479 4598 Verg.
500 4533 565 4584 Aen.
587 4534 677 4586 11664
763 4537 780 4587 5
799 4537 935 4588 coniuncta
951 4545 1112 4590 tamencum
1131 4541 1229 4591 ratione
1249 4540 1384 4592 uocalibus
1402 4561 1424 4593 rt

142 4605 199 4667 cepi
217 4620 252 4654 aa
269 4621 300 4658 ω.
337 4608 432 4656 recena
443 4604 558 4667 [masse
576 4607 768 4656 coniunctorum
785 4623 841 4657 cum
861 4608 993 4659 uocalibua
1063 4610 1097 4661 12
1115 4610 1327 4676 syllabae-13,
1346 4612 1378 4663 lb
1397 4616 1424 4663 itt

144 4673 223 4725 Prob.
239 4689 266 4737 p.
286 4674 353 4727 1431
426 4675 458 4726 15
477 4670 558 4740 arma]
581 4674 661 4742 Verg.
681 4675 748 4735 Aen.
770 4677 814 4727 ll
895 4677 995 4744 l'lest]
1020 4681 1099 4745 Verg.
1120 4681 1185 4731 Aen.
1207 4683 1216 4730 1
1237 4679 1287 4733 159
1368 4685 1424 4736 191

143 4743 308 4795 succisionels
323 4743 358 4796 N.
381 4744 463 4810 Verg.
482 4744 549 4799 Aea.
568 4744 686 4798 vualo
772 4745 888 4815 20111111]
909 4749 990 4814 Verg.
1008 4750 1075 4802 Aea.
1092 4750 1124 4800 lll
1146 4751 1194 4801 147
1213 4752 1272 4802 Vlll
1290 4752 1326 4804 to
1410 4755 1423 4805 2

143 4811 211 4863 idem
230 4813 279 4863 hoc
296 4813 323 4863 ot
338 4823 363 4865 et
382 4815 515 4867 Fabricios
585 4818 620 4868 22
639 4814 757 4883 Mezenti]
780 4819 858 4884 Verg.
879 4819 946 4873 Aen.
966 4819 1034 4870 Vllll
1054 4820 1069 4869 7
