3114 5356
595 301 727 364 nsnr.
753 297 863 398 onan.
886 303 958 365 cn.
981 303 995 365 r
1395 303 1436 366 aa

190 415 345 473 ΜΗῚΡ.
1233 416 1385 473 ΜιΜ.

305 486 343 548 ni
367 488 515 550 frenum
540 488 716 569 accipere
741 498 776 550 et
797 489 898 552 dioto
920 509 1057 571 parere
1077 491 1263 564 latentur3

149 591 220 671 quod
240 601 341 652 tamen
364 590 548 676 consuetudo
570 590 739 670 repudiavit.

224 692 371 754 Balneum
395 701 507 754 veteres
532 693 667 754 dixerunt
693 692 753 754 sive
781 692 944 755 balineum:
973 694 1044 756 nihil
1071 694 1148 756 enim
1175 692 1288 771 differt,
1318 695 1376 756 aed
1403 695 1437 758 ia

151 796 277 876 primus3
304 793 336 856 in
360 792 488 874 publicis
513 802 610 856 antem
639 795 769 856 lennniui
797 795 929 873 generis,
965 804 995 856 et
1023 796 1139 876 quidem
1168 813 1290 859 numero
1321 817 1438 881 semper

132 896 247 976 aptorali
275 897 447 975 frequenter
481 895 600 958 balneas
631 905 660 957 et
688 896 833 970 balineas,
862 916 917 957 uec
944 898 1088 961 inmerito.
1146 917 1213 961 nam
1244 900 1439 981 parsimoniae

153 1015 231 1058 rausa
256 1017 319 1058 uno
346 996 408 1074 igni
435 996 544 1077 duplex
562 985 705 1061 'balneum
731 998 923 1061 calfaciebant
948 1001 1058 1081 pariete
1085 1002 1252 1077 interiecto,
1286 1009 1319 1063 ut
1344 1002 1440 1083 pudor

152 1099 213 1161 airis
231 1098 464 1175 mulieribusque
485 1107 641 1162 constaret.

228 1202 342 1264 Olivam
369 1201 550 1279 grammatici
578 1203 712 1264 arborem
741 1201 906 1283 significare
930 1204 1047 1279 volunt,
1085 1203 1178 1266 oleam
1213 1206 1355 1285 fructum
1388 1207 1457 1269 sed·

153 1311 256 1365 rueres
276 1304 334 1364 boc
356 1321 416 1365 non
438 1303 673 1366 observaverunt.
710 1307 895 1367 econtrario
919 1307 997 1367 euim
1016 1306 1157 1386 Vergilius
1180 1307 1306 1370 fructum
1325 1308 1439 1384 olivam,

128 1424 146 1467 a
311 1423 378 1467 neo
398 1406 558 1489 pingues
582 1426 687 1470 unam
708 1408 745 1469 in
768 1407 904 1469 faciem
926 1409 1294 1486 nascuntur'olirae‚

155 1504 291 1568 arborem
311 1513 413 1568 aanor
435 1509 651 1597 obaudibit,
950 1497 952 1502 ’

179 1595 184 1601 ’
309 1609 378 1670 red
398 1613 553 1675 truncia
575 1613 689 1675 oleae
710 1612 842 1674 melius
863 1612 1073 1693 propagine
1094 1613 1206 1687 vites,

155 1709 301 1771 etiterum

475 1819 616 1898 prolem
638 1817 747 1879 tarde
774 1816 993 1878 crescentis
1015 1813 1148 1874 olivae.

131 1936 148 1978 a
233 1914 368 1997 Olympia
391 1917 531 1980 feminino
551 1938 657 1998 genere
681 1920 764 1982 loeus
792 1920 855 1999 ipse
879 1917 999 1990 dcitur,
1027 1914 1184 1975 certamina
1204 1922 1209 1997 Ι
1229 1934 1296 1976 vero
1322 1927 1441 1979 neutra-

155 2011 220 2075 liter.
263 2035 333 2076 nam
358 2018 447 2080 Varro
470 2021 511 2080 ait
534 2021 720 2102 ‘Olympia
746 2022 782 2082 in
806 2019 914 2080 ludos
943 2016 1115 2093 invitat',
1140 2016 1215 2078 'item
1240 2017 1276 2077 de
1298 2022 1440 2098 poematis

155 2114 368 2197 ‘Olympiam
404 2140 479 2185 non
510 2123 711 2184 accessit'.
761 2123 812 2183 sed
843 2122 919 2182 idem
947 2117 983 2179 de
1007 2124 1097 2197 gente
1112 2119 1220 2243 populi
1251 2120 1373 2184 Rotnani
1401 2124 1440 2184 lll

155 2215 275 2279 ‘ludos
300 2219 465 2304 Olympia
487 2226 660 2286 lecerat'.
1095 2264 1098 2269 ·
1155 2238 1179 2271 ⁵

231 2321 367 2384 Rediriva
389 2326 513 2388 elicimus
537 2345 611 2405 quae
632 2333 700 2407 post
722 2326 872 2388 interitum
899 2326 1039 2400 redeunt,
1067 2323 1193 2386 recidiva
1221 2343 1296 2404 quae
1322 2345 1357 2388 en
1386 2347 1439 2389 suo

125 2440 218 2485 »casu
240 2426 442 2488 restituuntur.
485 2428 563 2489 unde
588 2429 728 2508 Vergibus
1213 2422 1216 2427 ’

392 2530 560 2591 recidiva
582 2549 691 2593 mauu
713 2528 927 2610 posuissem
951 2528 1128 2608 Pergama
1149 2528 1274 2592 victis.

218 2629 400 2727 'Necessitas
428 2633 540 2713 imperii
569 2642 629 2707 ast,
666 2629 852 2693 necessitudo
881 2631 1032 2709 sanguinis
1058 2631 1235 2694 coniunctio.
1286 2632 1440 2695 Sallustius

155 2739 246 2794 tamen
267 2733 513 2796 necessitudinem
535 2751 624 2813 saepe
644 2752 697 2812 pro
719 2732 894 2794 necessitate
908 2733 1006 2812 ponit,
1029 2752 1085 2803 nee
1105 2752 1243 2814 umquam
1265 2753 1319 2813 pro
1339 2753 1441 2797 neees-

153 2834 274 2896 situdine
294 2836 502 2898 necessitatem
525 2844 574 2896 aut
596 2834 659 2913 ipse
683 2842 733 2894 aut
757 2834 910 2914 quisquam
931 2845 1070 2900 veterum.
1085 2833 1099 2922 d

121 2958 145 2999 n
234 2937 294 2998 Vici
319 2938 456 2999 dicuntur
476 2937 601 2998 humiles
622 2936 734 2998 domus.
780 2958 847 3000 narn
870 2958 927 3019 qua
950 2940 1113 3002 incedimus
1133 2939 1200 3023 {non
1226 2939 1281 3001 vici
1303 2939 1355 3001 sed
1380 2940 1441 3001 riae

156 3047 222 3100 sunt
246 3040 385 3101 uicorum.
429 3040 506 3101 unde
532 3039 636 3100 ricinia
661 3039 766 3102 dicitur
791 3039 847 3102 loci
875 3042 1099 3117 demonstratio,
1127 3043 1258 3104 sicuritas
1284 3062 1353 3105 vero
1375 3044 1443 3104 rici·

155 3159 255 3204 norum
277 3141 452 3203 coniunctio.

235 3243 401 3306 Observans
428 3242 612 3324 participium
635 3251 695 3317 est,
727 3262 792 3305 cunr
820 3243 909 3306 babet
937 3245 1134 3308 accusativum
1162 3264 1278 3321 casnm,
1311 3255 1343 3308 ut
1367 3247 1443 3325 lugi·

155 3352 234 3421 tans,
271 3346 430 3408 observans
461 3345 558 3420 illum,
593 3346 720 3424 fugitans
751 3345 846 3421 illum,
886 3365 941 3408 nec
972 3365 1111 3426 umquam
1145 3356 1328 3429 conparatur.
1373 3367 1441 3410 narn

155 3565 217 3616 1-4
236 3567 262 3616 Ν

204 3655 229 3703 ni
254 3655 352 3706 [renum
379 3632 551 3721 accipere-et
577 3654 645 3703 dicto
667 3669 756 3719 parere
779 3654 889 3713 latentur
914 3654 982 3718 quod
1007 3654 1034 3704 tri
1061 3650 1216 3702 consuetudo
1246 3653 1390 3718 repudiauit

235 3740 356 3792 balneum
374 3751 472 3793 ueteres
491 3742 609 3793 dixerunt
627 3742 683 3790 siue
700 3740 826 3792 balineum
844 3741 906 3790 nibil
924 3741 953 3791 n
971 3741 1055 3791 differt
1149 3740 1256 3805 priuatis
1275 3741 1300 3789 iu
1316 3740 1389 3805 publi

201 3830 336 3878 cleantem
402 3875 408 3887 ,

154 3928 334 3990 illinunt
372 3930 472 3983 Olinam
534 3982 538 3988 ,

218 4070 235 4123 3
254 4069 340 4120 differt
358 4092 372 4122 a
389 4085 404 4120 a
421 4070 531 4137 priuatis
545 4086 566 4120 ω

216 4274 234 4327 d
251 4277 298 4327 sed
316 4277 342 4326 in
360 4276 466 4341 priuatis
480 4292 500 4338 p
516 4281 545 4326 et
561 4288 619 4324 erre.
634 4273 746 4337 orttopr.
763 4286 790 4334 p.
809 4271 879 4324 2779
966 4275 982 4324 5
1005 4271 1109 4323 balneas
1125 4272 1184 4323 lieet
1202 4280 1226 4322 et
1243 4269 1335 4322 balaae
1352 4265 1440 4334 legan-

154 4352 221 4410 tnrp
238 4346 345 4397 balneas
363 4346 458 4409 antiqui
477 4346 604 4405 dixerunt,
621 4358 688 4392 nune
703 4343 785 4392 neutri
803 4343 904 4408 generis
920 4341 1038 4394 balneum
1057 4350 1081 4392 et
1093 4342 1298 4408 balneupramu.
1311 4339 1438 4404 depmer.

219 4416 253 4468 10
271 4431 318 4466 nec
335 4415 457 4483 pingues]
481 4418 559 4480 Verg.
577 4428 665 4479 georg.
684 4413 757 4464 1185
847 4414 877 4463 11
894 4412 1011 4468 arborem
1029 4440 1062 4448 -
1081 4411 1152 4462 oleae
1169 4426 1216 4464 om.
1236 4411 1272 4460 N:
1291 4409 1370 4468 ldem,
1388 4405 1439 4457 Sed

153 4488 245 4536 truncis
264 4485 336 4536 oleae
359 4487 499 4551 propagine
521 4486 587 4533 nites
606 4481 768 4548 Respondent
784 4481 933 4534 Fabricius:
966 4484 1047 4548 Verp.
1063 4496 1151 4547 georg.
1170 4483 1192 4531 11
1208 4479 1241 4532 63
1326 4478 1360 4529 14
1381 4489 1441 4543 pro-

121 4610 125 4621 ·
154 4554 211 4621 lem]
233 4556 314 4621 Verp.
331 4569 418 4620 georg.
435 4554 492 4607 113
578 4552 610 4602 lb
634 4547 740 4616 invitat]
763 4551 790 4600 in
807 4553 886 4603 uitam
903 4552 929 4602 N
955 4553 1061 4602 inuitem
1083 4551 1229 4603 Fabricius:
1251 4548 1396 4617 Olympiam
1414 4548 1441 4595 in

152 4623 343 4676 lodosinritem
362 4626 456 4688 Popmn
478 4625 557 4674 Vorr.
576 4625 669 4687 fragm.
686 4636 713 4684 p.
731 4621 783 4672 340
800 4622 840 4677 ed.
861 4623 922 4686 Bip.
1000 4618 1095 4691 17111]
1117 4623 1142 4670 in
1159 4638 1182 4671 ω
1257 4620 1289 4671 18
1307 4616 1441 4685 Olympiae

152 4691 242 4746 ioeerat
262 4696 358 4758 Poprno
377 4694 411 4743 ib.
429 4710 456 4756 p.
473 4695 587 4747 2352012
607 4692 725 4759 Olympia
738 4690 867 4744 fecerant?
951 4690 986 4743 20
1002 4686 1063 4742 casu
1081 4707 1103 4739 ω
1121 4707 1168 4742 usu
1185 4691 1224 4740 N:
1243 4689 1365 4749 recidiva,
1382 4694 1442 4754 post

152 4778 238 4816 earnm
254 4754 370 4816 restiiuto
387 4758 490 4814 Servius
506 4765 531 4813 in
552 4764 631 4827 Verp.
650 4764 667 4811 l.
685 4775 708 4814 e.
781 4760 924 4829 Vergilius]
938 4762 1003 4813 Aen.
1020 4761 1126 4813 1111344
1195 4761 1227 4813 al
1245 4761 1404 4826 poaaniuem
1417 4754 1443 4805 Ν

218 4832 253 4886 26
270 4835 412 4884 uicinorum
430 4833 571 4883 coniunctio
588 4847 606 4895 p
629 4833 771 4882 uicinorum
790 4832 924 4882 conductio
941 4830 967 4880 Ν

1189 4914 1233 4975 7*
