3114 5356
141 349 158 389 r
345 307 365 326 '
675 323 886 391 mmm

140 506 332 596 praebuisse
361 503 512 570 Charisia
533 506 795 586 arbitrarentur,
829 513 979 569 neutrum
1004 504 1136 570 omniuo
1163 527 1277 571 verum
1302 515 1362 570 est.
1405 531 1413 570 r

139 609 279 674 alterum
299 605 440 694 quidem,
459 605 547 692 quod
564 605 639 670 olim
652 605 796 691 Georgio
810 607 965 672 Fabricio
986 605 1111 694 placuit
1131 607 1166 670 in
1181 607 1325 692 epistula
1340 629 1413 695 quar

142 733 219 775 suae
242 709 377 774 editioni
400 706 541 792 Charisii
563 707 698 789 adiecit,
728 705 923 773 Diomedem
948 704 1175 771 auctoritatem
1197 719 1345 774 secutum
1367 731 1413 774 ess

141 811 301 892 Charisii,
332 809 391 874 vix
423 819 502 895 puto
531 829 726 895 quemquam
763 809 860 874 hodie
887 808 1100 873 defensurum
1123 829 1213 894 esse,
1243 811 1301 897 qui
1328 808 1413 898 paul]

140 912 324 979 accuratius
346 909 461 975 horum
482 911 768 994 grammaticorum
791 909 893 974 libros
914 908 1000 974 inter
1021 930 1056 973 se
1078 909 1318 996 conparaverit.
1363 932 1413 976 nar

140 1014 227 1102 apud
249 1011 436 1078 Charisium
462 1018 529 1074 tam
557 1010 659 1074 multa
683 1011 873 1097 perturbata
895 1020 928 1074 et
951 1011 1045 1098 quasi
1067 1010 1172 1074 soluto
1194 1030 1303 1074 rerum
1324 1009 1413 1076 ordin

141 1117 279 1180 disiecta
305 1121 395 1194 sunt,
425 1122 540 1177 contra
558 1111 646 1199 apud
666 1110 862 1176 Diomedem
883 1113 993 1175 omnia
1014 1119 1081 1174 tam
1100 1121 1190 1176 certo
1210 1110 1348 1197 coucilio
1371 1112 1413 1178 dit

140 1216 262 1304 posita,
285 1222 323 1277 ut
344 1213 433 1279 credi
452 1222 593 1301 nequeat
614 1213 700 1277 hunc
724 1234 809 1300 quae
822 1210 912 1300 apud
931 1211 1025 1277 illum
1047 1211 1158 1276 multis
1182 1211 1264 1278 locis
1286 1211 1413 1299 dispers

140 1317 304 1381 invenerit
332 1313 505 1400 collegisse
533 1324 566 1380 et
598 1315 714 1379 iisdem
751 1312 861 1377 verbis
888 1333 1046 1400 expressa
1075 1315 1111 1377 in
1139 1314 1261 1377 iustum
1289 1313 1413 1378 ordiner

139 1418 317 1502 redegisse.
361 1414 482 1479 rectius
505 1416 607 1501 igitur
633 1416 656 1478 ii
679 1415 735 1503 qui
758 1412 961 1498 Charisium,
997 1437 1093 1502 quem
1114 1414 1269 1504 pleraque
1290 1414 1334 1480 ab
1356 1422 1411 1479 aul

140 1517 310 1606 quioribus
342 1517 564 1600 grammaticis
596 1515 810 1602 descripsisse
841 1524 873 1580 et
899 1513 1111 1602 neglegenter
1134 1514 1298 1580 interdum
1319 1538 1410 1604 conp

141 1621 246 1683 suisse
280 1625 423 1699 constat,
457 1615 627 1682 Diomedis
662 1616 756 1680 libris
786 1616 833 1679 ita
863 1637 958 1680 usum
990 1638 1062 1682 esse
1097 1619 1371 1683 existimaverunt
1402 1639 1409 1678 r

140 1719 254 1785 ordine
287 1740 383 1805 quem
416 1716 471 1782 ille
505 1718 701 1783 instituisset
731 1717 881 1803 neglecto
912 1739 971 1804 pro
1002 1741 1061 1784 suo
1088 1719 1250 1785 arbitratu
1276 1716 1408 1805 quaeda¹

140 1819 330 1904 decerperet
350 1828 382 1883 et
404 1840 489 1884 novo
509 1819 606 1884 modo
629 1818 801 1905 digereret.
825 1828 859 1882 at
879 1841 921 1883 ne
939 1817 1029 1883 illud
1043 1821 1177 1908 quidem
1200 1819 1289 1884 valet
1311 1818 1353 1883 de
1373 1840 1406 1885 or

138 1921 247 1985 nibus.
292 1921 442 2007 quamvis
465 1920 553 1984 enim
572 1919 675 1984 multa
696 1941 776 1984 saue
795 1922 961 2008 copiosius
977 1941 997 1982 a
1011 1920 1174 1987 Diomede
1189 1920 1343 2007 exposita
1360 1920 1405 1984 sir

140 2023 187 2084 ita
213 2029 250 2084 ut
280 2020 362 2085 haec
392 2020 434 2085 ab
463 2042 502 2084 eo
529 2023 717 2088 exscribere
746 2021 916 2087 Charisius
942 2026 1103 2109 potuerit,
1129 2046 1150 2088 a
1177 2021 1329 2088 charisio
1360 2041 1404 2085 ve

138 2121 316 2188 Diomedes
345 2123 476 2188 omnino
504 2145 569 2187 non
600 2126 762 2212 potuerit,
798 2133 907 2187 tamen
936 2124 970 2186 in
1001 2123 1074 2189 aliis
1103 2123 1230 2211 plenior
1257 2131 1291 2185 et
1318 2123 1401 2186 recti

139 2222 281 2287 Charisii
303 2226 398 2290 ratio.
444 2224 545 2308 velut,
569 2235 605 2290 ut
626 2247 691 2290 uno
709 2223 860 2312 exemplo
873 2246 941 2288 rem
963 2222 1145 2306 conficiam,
1165 2245 1250 2312 quae
1272 2223 1315 2289 de
1334 2245 1401 2289 nou

138 2324 236 2389 nibus
259 2323 311 2388 vel
336 2317 548 2412 singulariter
575 2328 629 2393 vel
652 2326 824 2415 pluraliter
844 2333 970 2389 tantum
992 2325 1089 2389 dictis
1109 2327 1231 2410 scripta
1252 2333 1329 2389 sunt
1349 2344 1400 2412 apt

139 2425 325 2491 Charisium
355 2429 455 2509 31,25
480 2450 569 2515 sqq.,
597 2450 670 2492 cum
697 2429 800 2494 multa
818 2425 963 2491 babeant
987 2447 1061 2490 curn
1090 2427 1131 2491 iis
1151 2429 1245 2513 quae'
1260 2425 1302 2491 de
1323 2426 1398 2505 eodo

138 2537 331 2612 argumento
353 2526 532 2592 Diomedes
555 2530 686 2615 scripsit
706 2531 822 2614 327,16
841 2550 911 2615 sqq.
941 2528 1134 2610 communia,
1155 2536 1267 2591 tamen
1288 2536 1322 2592 et
1343 2548 1397 2592 acc

138 2633 241 2692 ratius
265 2629 387 2714 scripta
411 2638 443 2691 et
456 2629 603 2714 pleniora
619 2640 695 2694 sunt
710 2646 808 2717 quam
822 2628 881 2694 illa
901 2637 934 2693 et
952 2637 1041 2693 certo
1056 2627 1181 2708 ordine,
1205 2630 1300 2692 cuius
1318 2648 1395 2716 pauc

138 2729 196 2793 sed
227 2731 307 2792 satis
330 2727 506 2791 manifesta
533 2731 674 2816 vestigia
702 2730 789 2817 apud
809 2729 1003 2795 Diomedem
1026 2729 1233 2812 restiterunt,
1267 2728 1394 2818 disponi

137 2829 219 2892 haec
248 2828 350 2911 igitur
380 2849 446 2893 non
474 2833 579 2917 potuit
606 2853 626 2894 a
652 2832 813 2896 Diomede
842 2830 1011 2896 Charisius
1042 2828 1238 2911 transferre,
1270 2831 1336 2894 nisi
1362 2851 1392 2917 qr

138 2928 309 2992 Diomedis
343 2927 445 2995 libros
480 2932 654 3018 ampliores
681 2931 756 2997 olim
785 2954 882 3019 quam
909 2953 996 2996 nunc
1022 2932 1173 2995 feruntur
1199 2932 1303 2996 fuisse
1337 2931 1391 2996 dic

137 3030 230 3093 cuius
260 3039 369 3094 tamen
402 3033 451 3096 rei
476 3031 598 3096 nullam
627 3024 750 3097 certam
772 3045 904 3098 causam
925 3055 997 3098 esse
1018 3032 1127 3098 video.
1171 3034 1280 3118 itaque
1302 3034 1389 3098 tertis

136 3129 345 3217 relinquitur,
369 3141 406 3196 ut
427 3144 601 3221 utrumque
621 3136 869 3219 grammaticum
892 3157 933 3199 ex
949 3134 1111 3199 communi
1134 3133 1225 3198 fonte
1248 3154 1341 3198 suam
1361 3131 1388 3196 d

135 3233 255 3294 trinam
272 3231 440 3298 derivasse
457 3234 615 3299 dicamus.
659 3237 723 3298 iam
748 3256 828 3300 vero
854 3258 927 3300 cum
953 3234 1111 3322 conplura
1131 3256 1174 3299 ex
1195 3237 1236 3299 iis
1259 3232 1387 3321 inquil

136 3354 210 3395 cum
230 3332 392 3397 Diomede
412 3335 581 3403 Charisius
609 3338 771 3401 consentit
793 3336 835 3400 ab
864 3336 924 3401 hoc
954 3337 1008 3402 vel
1027 3335 1296 3402 Cominiano‘vel
1319 3334 1385 3398 Pal

137 3432 1380 3520 mmmmffwwmwwnmmmmm,

136 3534 1380 3623 mmmmmmfflmmmmmmammm

136 3634 235 3698 semel
265 3657 344 3700 vero
377 3638 475 3700 etiam
500 3637 708 3705 Palaemonis
735 3639 933 3703 mentionem
962 3638 1078 3705 fecerit
1097 3639 1276 3705 Diomedes
1305 3643 1379 3722 415,

135 3757 200 3799 non
227 3735 358 3802 videtur
385 3738 528 3803 dubitari
556 3761 652 3827 posse
679 3741 758 3826 quin
786 3739 902 3804 iisdem
931 3743 1154 3824 grammaticis
1184 3738 1303 3828 quibus
1331 3760 1379 3803 mu

137 3860 172 3901 ae
194 3838 313 3904 debere
332 3838 503 3904 Charisius
516 3841 675 3906 iudicavit
689 3840 867 3906 Diomedes
891 3863 1020 3929 quoque
1039 3863 1119 3907 usus
1137 3845 1190 3924 sit,
1212 3863 1317 3929 caque
1334 3862 1378 3905 car

137 3939 237 4004 luerit
262 3962 320 4003 cur
343 3950 374 4005 et
400 3943 433 4005 in
455 3941 522 4006 illis
544 3941 625 4007 locis
646 3964 728 4029 quos
754 3941 824 4005 dixi
854 3952 886 4007 et
908 3944 942 4007 in
964 3963 1084 4028 magna
1105 3951 1198 4031 parte
1218 3943 1376 4030 reliquom

135 4042 168 4104 iu
205 4040 323 4129 quibus
356 4043 443 4108 idem
472 4065 581 4108 rerum
616 4052 649 4106 et
676 4043 849 4107 verborum
877 4064 1056 4109 consensus
1083 4053 1191 4127 extat,
1218 4055 1286 4108 tam
1314 4045 1375 4108 sim

134 4142 306 4229 utriusque
336 4144 543 4227 grammatici
570 4143 719 4208 doctrina
749 4145 913 4209 evaderet.
958 4166 1034 4209 narn
1062 4148 1097 4210 in
1124 4169 1190 4211 non
1211 4144 1310 4211 nullis
1333 4167 1372 4210 ce

135 4252 172 4306 ut
199 4243 287 4326 dixi,
317 4243 389 4308 lieri
416 4245 523 4331 potuit
544 4252 581 4308 ut
606 4247 712 4331 ipsum
735 4244 928 4310 Diomedem
951 4244 1122 4313 Charisius
1142 4257 1346 4335 sequeretur.

135 4344 186 4408 his
209 4346 273 4416 iam
293 4344 441 4430 intellegi
468 4354 577 4433 potest
597 4366 695 4431 quam
715 4345 818 4410 multa
839 4356 970 4434 praeter
990 4370 1029 4412 ea
1050 4370 1135 4434 quae
1157 4349 1263 4414 solum
1287 4348 1371 4416 Char

135 4466 189 4507 um
214 4447 321 4532 secuti
338 4445 531 4521 Cominiano
551 4455 583 4509 et
603 4444 793 4511 Palaemoni
814 4448 1054 4515 vindicavimus
1072 4460 1105 4515 et
1126 4449 1183 4516 ille
1201 4461 1236 4516 et
1251 4451 1370 4519 Diome

135 4546 176 4609 ab
208 4547 259 4612 his
285 4548 508 4633 grammaticis
535 4547 729 4633 receperint.
772 4572 849 4614 nam
877 4551 1079 4617 omniafere
1106 4574 1192 4640 quae
1214 4553 1256 4619 de
1275 4555 1368 4620 univi

136 4647 215 4708 artis
229 4647 405 4736 disciplina
427 4658 459 4712 et
481 4647 521 4713 de
536 4648 665 4733 vulgari
687 4651 922 4715 consuetudine
939 4651 1059 4717 Latine
1081 4654 1237 4742 loquendi
1258 4675 1367 4740 praec<

136 4756 213 4810 runt
230 4750 277 4811 ita
297 4750 383 4815 inter
402 4773 437 4815 se
454 4751 662 4816 consentiunt
680 4760 716 4815 ut
736 4774 776 4816 ea
797 4752 838 4816 ab
852 4754 925 4817 istis
945 4763 1013 4818 tam
1034 4775 1131 4844 quam
1152 4757 1319 4822 communi
1342 4754 1366 4821 fr
