3114 5356
534 282 615 342 AllT.
640 282 780 345 cuiun.
802 284 874 345 LIB.
900 286 914 347 l
1291 290 1373 352 ·393

66 465 279 536 inlustremur,
311 464 362 524 sed
386 465 453 541 quia
474 465 683 540 inlustrantur,
715 469 819 529 suadet
839 479 871 531 ut
896 479 990 530 mutet
1013 471 1134 534 Catilina
1159 404 1320 536 rigaldi
1342 487 1372 537 et

68 567 215 641 Vergilius

238 667 268 726 si
291 676 325 726 te
347 667 424 726 lata
446 677 588 727 vocant

69 769 114 830 sic
135 786 251 845 quoque
272 777 302 827 et
321 768 451 846 perlecto
472 767 616 844 iungitur,
639 777 672 829 ut
690 770 767 848 apud
790 770 947 849 Vergilium

42 900 54 940 5
237 869 267 928 si
291 868 416 946 potuit
436 885 563 926 inanes
586 885 785 930 arcessere
808 872 980 950 coniugis
1003 874 1190 953 Orpheum

67 970 204 1031 adlinnat
226 969 303 1029 enim
331 967 479 1046 potuisse:
507 967 576 1027 item
609 958 691 1046 apud
718 970 888 1032 Ciceronem
922 973 1050 1050 ‘qnid‘l
1085 974 1113 1034 si
1151 976 1260 1049 haec,
1296 996 1368 1038 non

67 1071 151 1130 dico
174 1069 314 1129 maiora
337 1068 490 1128 luerunt
508 1067 544 1126 in
565 1069 698 1129 Clodio
722 1088 827 1148 quam
847 1073 882 1132 iu
905 1072 1069 1135 lililone’.
1091 1075 1280 1137 subiunctiris
1298 1096 1368 1138 reru

66 1171 213 1247 iungitur,
246 1169 382 1246 quodens
399 1167 609 1229 condicionalis
633 1178 662 1230 et
683 1171 812 1231 incertus
835 1180 880 1233 est
903 1192 1014 1249 sermo,
1047 1176 1134 1238 veluti
1155 1177 1181 1236 si
1204 1175 1311 1250 facias,
1343 1178 1368 1237 si
1461 1224 1464 1229 .

66 1273 190 1330 laceres.
236 1270 285 1346 qui
304 1271 380 1330 enim
402 1269 445 1330 sic
463 1268 592 1346 loquitur
614 1288 672 1329 nou
695 1273 803 1331 lactum
825 1274 942 1334 interim
959 1274 1096 1336 declarat

22 1403 51 1443 ιο
134 1370 229 1433 'uum
252 1372 380 1449 iungitur
399 1368 532 1441 finitivis,
562 1369 649 1430 veluti
669 1370 739 1430 dum
762 1373 855 1432 renio.
902 1373 1037 1451 quotiens
1064 1395 1133 1437 vero
1155 1397 1209 1456 pru
1231 1396 1267 1437 eo
1289 1378 1368 1454 quod

65 1484 111 1533 est
136 1472 295 1533 dummodo
313 1471 446 1549 ponitur,
470 1470 652 1532 subiunctiia
670 1468 790 1549 recipit,
809 1480 841 1532 ut
863 1474 941 1552 apud
962 1475 1119 1554 Vergilium

750 1571 831 1632 dum
853 1572 1036 1636 conderet
1057 1576 1201 1650 urbem,

64 1677 95 1736 id
122 1685 167 1734 est
197 1672 355 1733 dummodo
384 1671 533 1732 conderet.
578 1670 647 1731 dum
670 1672 774 1744 etiam,
804 1674 830 1733 si
851 1672 927 1735 alius
948 1677 1139 1756 praeponitur
1161 1696 1258 1739 sermo
1280 1679 1370 1741 decli·

64 1775 209 1845 nationis,
233 1775 269 1833 ad
292 1773 372 1833 illum
395 1774 578 1843 reformatur,
602 1770 690 1832 veluti
713 1773 847 1851 ‘petebas
870 1785 902 1835 ut
923 1776 993 1835 dum
1015 1778 1129 1838 venires
1151 1780 1304 1839 lacerem’c
1325 1782 1369 1841 sic

17 1904 49 1943 η
65 1893 188 1954 utroque
210 1874 315 1952 recipit
337 1874 529 1934 subiunctitu.

154 1976 253 2035 Donec
273 1975 402 2053 iungitur
421 1971 627 2045 suliiunctivis,
647 1981 679 2032 ut
698 1972 792 2032 donec
815 1974 936 2034 veniam.

154 2076 227 2136 ltem
251 2095 337 2148 num,
367 2074 392 2135 si
409 2075 617 2153 'praepositum
644 2073 731 2134 luerit
758 2073 799 2132 illi
824 2073 902 2134 aliud
931 2076 1049 2136 verbum
1072 2077 1232 2151 finitivum,
1264 2079 1369 2158 recipit

64 2178 270 2250 subiunctiva,
304 2175 390 2235 reluti
421 2174 523 2235 Cicero
553 2175 805 2253 ‘interrogari
837 2193 931 2235 num‘
951 2174 1144 2235 dubitaret
1174 2195 1214 2237 eo
1249 2179 1368 2258 proli·

64 2279 199 2351 eisci’,
228 2286 260 2339 ut
288 2278 326 2337 sit
354 2276 469 2356 species
497 2274 624 2335 relativa.
669 2275 730 2336 lere
751 2276 829 2336 enim
855 2275 1022 2355 praeposito
1042 2276 1151 2337 linitivo
1177 2276 1265 2338 verbo
1292 2281 1367 2358 parti

20 2406 51 2445 ω
66 2378 212 2440 orationis
241 2376 441 2439 coniunctivae
467 2375 655 2452 subiungitur
683 2377 797 2455 species
821 2376 1019 2449 subiunctiva,
1053 2376 1140 2460 veluti
1169 2379 1269 2439 nescio
1296 2380 1367 2458 quid

65 2481 189 2553 dixerit,
227 2497 317 2557 quare
344 2476 471 2548 venerit,
500 2476 601 2536 nescio
624 2495 677 2537 cur
704 2478 823 2553 dixerit,
851 2489 881 2539 et
904 2485 1001 2537 cetera
1023 2477 1157 2539 similiter
1182 2479 1277 2556 [aliter
1298 2500 1367 2542 rero

65 2579 205 2656 linitival,
229 2588 261 2639 ut
279 2577 357 2657 apud
381 2576 553 2637 Ciceronum
580 2578 715 2639 ‘credo
743 2598 811 2656 ego
831 2598 911 2653 vos,
936 2577 1098 2651 iudices,
1124 2579 1254 2641 mirari
1277 2582 1366 2660 quid

66 2681 120 2740 sit
141 2679 239 2757 quod
270 2698 335 2757 ego
355 2678 593 2758 potissimum
623 2680 891 2740 surrexerim':
913 2694 1090 2756 quamquam
1111 2679 1189 2739 idem
1211 2679 1313 2742 Cicero
1335 2683 1365 2744 in

66 2781 173 2841 eadem
196 2779 279 2840 aliter
302 2780 461 2839 enuntiavit
493 2779 583 2838 ‘non
613 2789 672 2839 est
701 2779 800 2856 quod
830 2787 989 2852 metuas,
1025 2778 1192 2855 Glaucia,
1226 2801 1297 2842 non
1330 2792 1365 2844 te

23 2913 51 2950 25
67 2889 238 2953 scrutor,
268 2878 395 2957 siquid
416 2880 515 2940 lorte
537 2867 630 2939 lerri
656 2879 851 2940 habuisti'.
895 2879 980 2940 aliter
999 2899 1068 2940 reru
1089 2881 1214 2954 linitiva,
1236 2890 1270 2943 ut
1288 2884 1365 2962 apud

66 2981 239 3043 Terentium
271 2979 463 3057 ‘numquid
496 2998 549 3039 me
583 2980 652 3040 tibi
682 2998 774 3059 opus
807 2978 904 3040 estl'
947 2981 1017 3040 item
1043 2998 1132 3058 quare
1153 2981 1280 3043 venisti?
1314 3003 1367 3044 cur

66 3080 188 3143 dixisti?
208 3100 261 3141 cur
282 3081 310 3140 id
333 3079 449 3140 iecisti?
478 3088 507 3139 et
529 3080 649 3161 similia,
672 3081 740 3158 quia
762 3098 821 3139 non
840 3081 1029 3160 praeponitur
1049 3081 1179 3141 verbum.

155 3185 228 3245 item
249 3181 380 3260 quamvis
398 3190 426 3241 et
448 3181 516 3240 licet
535 3182 681 3261 recipiunt
701 3179 900 3252 subiunctiva,
923 3179 1010 3240 veluti
1033 3180 1164 3257 quamvis
1183 3185 1314 3256 venires,
1338 3192 1368 3243 et

67 3284 147 3362 apud
169 3281 325 3359 Vergilium
342 3278 356 3362 ΙΙ
800 3281 809 3292 ’

28 3424 54 3461 3„
237 3380 404 3458 quamvis
427 3381 578 3442 Elusios
598 3381 756 3441 miretur
778 3379 933 3440 Graecia
957 3398 1125 3458 campos;

67 3484 139 3543 item
162 3481 231 3541 licet
253 3481 359 3541 venias.
405 3506 411 3516 ·
955 3540 958 3545 ‚

155 3582 228 3643 ltem
248 3600 425 3661 quamquam
449 3581 556 3642 linitiva
578 3581 698 3660 recipit,
722 3580 797 3640 sicut
819 3581 896 3659 apud
917 3579 1072 3658 Vergilium
1092 3579 1218 3639 ilixinms

237 3700 457 3760 quamquam
479 3681 623 3741 animus
645 3680 866 3742 nieminisse
885 3682 1023 3742 horret.

155 3783 229 3842 ltem
251 3781 408 3843 dummodo
429 3780 610 3841 subiunctira
631 3781 750 3860 recipit,
769 3782 857 3842 veluti
876 3782 1035 3843 dummodo
1054 3782 1160 3842 venias

139 3992 157 4038 2
174 3986 313 4054 Vergilius]
334 3990 397 4038 Aeo.
415 3990 450 4038 Vi
469 3988 519 4039 147
600 3989 616 4040 3
635 3989 687 4038 lata
706 3989 747 4053 Bp
765 3987 832 4036 iacta
849 3990 875 4039 Α
894 4005 959 4038 uano
978 3990 1011 4038 M
1089 3987 1192 4053 lapud
1211 3983 1363 4054 Vergilium]

69 4062 134 4108 Aen.
154 4059 190 4107 i'I
207 4057 256 4108 lli)
334 4058 501 4123 imauemp
579 4058 695 4122 coniugis
714 4055 826 4122 orpheus
845 4074 863 4120 p
881 4073 910 4106 co
929 4058 1014 4107 ABM
1087 4056 1190 4121 liupud
1208 4055 1364 4120 Ciceronem]

66 4144 117 4191 pro
137 4128 197 4176 ,trit
218 4125 258 4185 13,
277 4125 311 4176 35
398 4126 461 4174 haec
479 4141 544 4189 quae
560 4126 652 4181 dicor
741 4125 771 4175 11
791 4127 927 4190 poniturp
944 4134 1052 4192 ponetur
1069 4125 1129 4176 ΑΜ
1134 4141 1140 4175 :
1159 4127 1263 4189 ponitur
1279 4152 1315 4161 —
1333 4123 1366 4174 13

67 4190 209 4244 dummodo
225 4211 272 4244 om.
291 4195 316 4243 B
393 4195 462 4258 apud
479 4192 634 4259 Vergilium]
653 4194 718 4244 Aen.
739 4192 780 4242 15
863 4195 895 4243 13
912 4195 1076 4260 praeponitur
1094 4195 1224 4245 mneos
1241 4191 1365 4256 praeieri-

68 4275 109 4312 tur
126 4262 215 4314 ΑΒΜ
230 4261 368 4326 proteritur
380 4279 401 4326 p
485 4264 516 4317 16
533 4264 614 4312 donec
629 4263 730 4312 ueniam
748 4260 831 4310 donec
849 4276 977 4326 uenerop
1060 4261 1091 4310 17
1110 4263 1205 4327 recepit
1224 4261 1257 4310 M
1332 4258 1364 4308 18

68 4329 411 4395 cicerthn.carrt.116,13
429 4332 543 4394 quaesivi
559 4331 619 4393 quid
637 4330 763 4380 dubitaret
778 4330 903 4393 proticisci
915 4345 945 4379 eo
963 4345 1013 4392 quo
1031 4330 1082 4378 iam
1098 4329 1196 4394 pridem
1214 4337 1315 4394 pararet

67 4400 185 4448 dubitare
205 4399 237 4448 M
307 4398 340 4449 19
356 4401 501 4464 praeposito
516 4400 644 4449 Charisius
664 4399 817 4463 praepositio
830 4399 952 4463 ΑΒΜρ.
1001 4396 1036 4446 20
1051 4399 1224 4447 coniunctivae
1235 4396 1367 4446 murus
1416 4395 1435 4413 ”“

67 4466 248 4517 subiunctiuae
260 4467 361 4531 ABMp
415 4469 500 4532 specie
512 4467 571 4516 ΑΜ
619 4467 649 4516 21
663 4467 736 4515 aliter
748 4479 807 4515 vero
822 4466 920 4515 linitiva
929 4484 976 4518 om.
985 4467 1122 4517 mamus
1138 4465 1211 4514 aliter
1225 4478 1287 4513 uero
1305 4462 1365 4512 sub-

67 4536 225 4590 iuuctiuius
312 4536 347 4586 22
361 4537 429 4600 apud
445 4531 603 4598 Ciceronem]
618 4551 669 4598 pro
687 4534 764 4584 aare.
783 4534 903 4584 Arreni
991 4532 1026 4584 23
1049 4535 1076 4582 in
1094 4532 1182 4581 eodem
1200 4532 1292 4582 ΑΒΜ.
1312 4531 1364 4580 die.

63 4620 117 4668 pro
128 4606 208 4655 Roac.
222 4603 308 4653 Aruer.
319 4602 362 4661 34,
377 4603 411 4654 97
481 4604 515 4653 24
533 4603 629 4668 glaucia
647 4604 672 4653 Α
689 4601 782 4650 clauda
799 4603 831 4652 M
899 4602 934 4653 25
951 4603 1019 4667 apud
1036 4597 1191 4663 Terentium]
1208 4598 1245 4661 cs.
1264 4599 1365 4649 crarta

62 4689 92 4735 p.
104 4672 158 4722 202
230 4670 264 4721 28
284 4671 433 4735 recipiuute
451 4671 540 4736 recipit
549 4670 591 4734 Bp
608 4671 703 4736 recepit
713 4669 774 4718 AM
852 4670 887 4721 29
904 4671 972 4734 opud
983 4664 1133 4735 Vergilium]
1145 4666 1300 4732 amotas

67 4736 102 4788 32
120 4740 190 4805 apud
205 4736 357 4803 Vergilium]
375 4739 440 4787 Aeo.
460 4739 482 4786 ll
502 4739 534 4788 12
605 4737 638 4789 33
657 4737 803 4787 meminisse
817 4737 903 4787 horret
912 4753 933 4801 p
950 4737 1010 4787 ruho
1026 4736 1109 4787 ΑΒΜ
1177 4734 1212 4784 84
1230 4734 1324 4799 recepit
1336 4733 1368 4784 dl

122 4839 328 4882 unnrrrrnrrcr
350 4839 462 4880 uarrnr
485 4840 506 4880 1.
1118 4815 1158 4876 26
