3114 5356
140 326 184 369 ιιι
687 302 894 366 Plbtlil'h'l'lll

137 493 301 556 tinearum
321 487 441 550 iniuria
462 509 545 574 pene
569 508 716 569 corrosa,
746 488 837 552 uelut
865 509 883 551 e
907 487 1109 576 postliminio
1131 488 1245 552 mortis
1269 490 1303 551 in
1326 487 1418 552 lucen

138 592 280 658 reduxit.
324 586 417 668 Quae
445 589 546 673 igitur
573 588 634 653 hoc
663 589 757 672 signo
784 589 802 626 ’¹‘
824 598 937 653 notata
965 589 1109 664 uidebis,
1137 612 1201 654 non
1231 590 1359 674 integra
1381 590 1418 654 de

139 691 240 759 scribi
259 689 405 778 potuisse
427 710 469 751 cx
497 690 723 775 antiquissimo
746 689 818 753 lani
845 690 958 763 codiee
990 691 1170 754 certissime
1197 692 1299 772 scias,
1332 691 1418 755 mult

138 797 225 859 enim
248 803 341 857 crant
362 791 426 852 iam
443 788 632 872 obliterata,
653 791 734 854 adeo
756 800 793 854 ut
815 814 857 855 ne
878 793 1020 877 uestigia
1045 791 1176 877 quidem
1200 791 1418 856 elementorum

139 896 317 960 extarent’.
362 912 559 977 quamquam
587 893 688 976 igitur
718 891 922 955 membranas
952 902 1020 956 tum
1054 916 1182 980 quoque
1209 892 1336 957 lacunis
1365 915 1418 958 cor

137 1004 249 1081 ruptas
273 992 376 1075 fuisse
401 989 553 1078 adparet,
575 1001 683 1055 tamen
708 992 855 1078 principe
880 992 1022 1057 editione
1043 1016 1117 1058 curn
1136 994 1258 1058 codicis
1273 997 1418 1081 scripturi

138 1096 267 1162 conlata
286 1114 385 1178 saepe
408 1091 620 1179 pluraquam
644 1116 730 1156 nunc
752 1092 912 1178 adparent
933 1093 1009 1158 olim
1032 1095 1117 1159 lecta
1141 1096 1243 1159 fuisse
1273 1096 1418 1160 intellexi

137 1221 243 1287 neque
265 1216 345 1261 vcro
368 1215 408 1258 ea
430 1193 601 1280 diligentia
624 1216 702 1259 usus
725 1204 775 1258 est
799 1192 927 1258 Pierius
949 1206 985 1261 ut
1008 1195 1131 1282 ubique
1154 1195 1330 1282 diligenter
1349 1221 1418 1284 qua

33 1353 36 1357 .
137 1301 171 1363 in
194 1301 306 1365 codice
329 1297 453 1383 scripta
476 1304 570 1360 crant
591 1294 773 1360 exhiberet.
818 1319 894 1359 nam
913 1284 949 1362 et
970 1300 1003 1362 in
1018 1299 1122 1385 primo
1138 1296 1221 1360 libro
1243 1298 1307 1361 tria
1326 1300 1418 1386 capit:

138 1402 265 1484 omisit,
288 1421 360 1464 cum
383 1397 424 1461 de
448 1398 543 1461 tertio
568 1406 654 1461 certe
684 1397 789 1483 capite
814 1420 900 1463 nunc
927 1421 1055 1485 queque
1083 1407 1210 1462 tantum
1231 1402 1375 1485 supersit
1398 1422 1419 1463 u

137 1501 281 1565 maxima
303 1523 380 1589 pars
404 1500 618 1588 probabiliter
645 1499 773 1563 restitui
798 1501 915 1585 possit,
944 1511 976 1565 et
1001 1502 1036 1565 in
1058 1502 1176 1566 ceteris
1203 1500 1329 1565 lacunis
1359 1501 1418 1566 reli

137 1604 231 1688 quias
253 1603 375 1666 veteris
398 1604 577 1688 scripturae
590 1622 674 1686 quac
693 1600 773 1664 mihi
795 1600 998 1686 adpetebant
1018 1601 1071 1667 vel
1086 1601 1234 1688 neglexit
1257 1600 1309 1667 vel
1326 1603 1417 1666 minu

137 1713 289 1768 accurate
317 1704 491 1791 descripsit
512 1702 566 1767 vcl
594 1703 725 1765 omnino
754 1703 973 1768 coniecturam
1002 1705 1109 1790 potius
1136 1725 1233 1789 quam
1263 1703 1417 1768 oculorun

137 1806 240 1869 aciem
262 1813 295 1868 et
320 1804 525 1869 describendi
540 1803 648 1867 -fidem
679 1813 808 1867 secutus
840 1803 973 1869 lacunas
1003 1827 1061 1871 suo
1093 1805 1227 1869 arbitrio
1256 1804 1416 1892 supplevit

137 1928 201 1994 quo
216 1904 253 1969 fit
267 1915 304 1969 ut
322 1916 356 1970 et
375 1907 530 1991 exiguum
550 1906 592 1968 sit
613 1906 772 1995 principis
788 1887 940 1972 editionis
960 1909 993 1972 in
1013 1907 1074 1972 hoc
1095 1922 1215 1993 genere
1230 1905 1414 1992 pracsidiur

138 2016 170 2071 et
192 2015 344 2092 suspecta
358 2006 422 2071 fide
443 2008 641 2094 ambiguum.
686 2008 796 2093 itaque
818 2016 855 2070 ut
876 2030 937 2072 nec
959 2007 1087 2073 deesset
1112 2010 1284 2095 quicquam
1309 2005 1349 2070 de
1368 2004 1412 2068 fid

136 2108 258 2185 codicis
276 2129 338 2172 nee
353 2106 475 2172 diutius
492 2109 687 2173 coniecturis
700 2110 804 2173 mixta
818 2109 981 2172 ferrentur
997 2130 1130 2194 eaquae
1145 2118 1235 2173 certo
1247 2107 1411 2171 testimoni

136 2210 260 2274 tradita
287 2216 377 2292 sunt,
399 2211 551 2276 versibus
572 2208 737 2273 lacunosis
770 2231 787 2271 e
817 2208 929 2291 codice
951 2209 1157 2293 transcriptis
1182 2208 1409 2273 adnotationes

137 2309 287 2384 subicere
302 2309 440 2397 placuit,
457 2318 522 2397 qua
536 2311 694 2398 principis
711 2308 863 2398 editionis
884 2307 1119 2394 discrepantia,
1144 2332 1226 2396 quae
1241 2309 1374 2397 quidem
1390 2331 1407 2372 a

136 2411 271 2476 lacunas
285 2414 442 2499 pertinet,
467 2413 494 2478 si
510 2413 606 2479 modo
625 2409 720 2497 plura
735 2430 832 2495 quarn
846 2429 930 2494 quae
946 2409 979 2472 in
997 2411 1119 2474 codicis
1136 2412 1296 2497 scriptura
1311 2410 1406 2474 haber

136 2512 249 2578 turibi
265 2513 436 2597 leguntur,
460 2514 647 2578 referretur.
693 2518 863 2596 praeterea
879 2510 935 2574 ubi
952 2510 1084 2577 meliore
1101 2514 1223 2577 codicis
1240 2511 1403 2577 condition

136 2635 215 2679 usus
237 2623 287 2679 est
301 2613 429 2679 Pierius
450 2615 485 2678 in
504 2614 665 2702 principio
680 2611 900 2677 adnotationis
923 2612 1016 2677 eade
1034 2636 1069 2678 re
1091 2615 1210 2679 monui.
1252 2616 1286 2677 in
1302 2615 1402 2700 suppl

136 2715 254 2779 mentis
269 2722 379 2780 autem
394 2715 585 2780 lacunarum
601 2735 672 2778 caru
693 2713 800 2799 legem
821 2722 951 2778 secutus
967 2737 1038 2780 snm
1054 2726 1091 2780 ut
1112 2738 1194 2801 quae
1217 2737 1259 2778 ex
1283 2716 1400 2804 princip

136 2815 277 2880 editione
293 2828 426 2903 recepta
447 2825 575 2900 essent,
597 2817 793 2902 ubicumque
809 2815 953 2903 pleniore
968 2819 1129 2903 scriptura
1152 2839 1229 2880 usus
1246 2839 1318 2880 esse
1342 2818 1398 2882 vid

136 2917 233 2981 batur
255 2917 379 3000 editor,
401 2919 523 3005 pariter
543 2925 641 3003 atque
663 2939 807 3004 eaquae
829 2919 953 2984 codicis
975 2917 1041 2982 fide
1060 2918 1242 2982 niterentur
1264 2917 1397 2983 haberer

220 3018 295 3084 Non
316 3019 471 3084 maiorem
492 3017 664 3082 utilitatem
685 3041 782 3106 qnam
797 3021 948 3107 princeps
972 3019 1072 3084 editio
1092 3017 1271 3084 attulerunt
1293 3018 1395 3084 duoe

136 3119 217 3183 dicis
239 3117 429 3205 apographa
450 3127 544 3183 sexto
568 3119 694 3185 decimo
719 3121 850 3185 saeculo
869 3120 971 3204 facta,
995 3142 1077 3207 quae
1100 3142 1166 3184 una
1188 3120 1351 3204 cumipse
1375 3142 1392 3183 e

136 3221 260 3286 dicein
283 3219 483 3285 bibliotheca
503 3219 688 3285 Borbonica
711 3233 884 3311 seruantur
902 3225 1044 3287 numeris
1067 3222 1224 3308 inscripta
1239 3220 1288 3283 IV
1311 3219 1337 3281 B
1357 3223 1376 3280 a

135 3321 229 3385 IVB
255 3326 304 3386 10.
349 3341 388 3384 ea
408 3321 494 3384 enim
515 3343 588 3385 cum
610 3324 696 3388 inter
718 3346 753 3387 se
782 3324 878 3410 plane
902 3326 1122 3406 consentiant,
1154 3325 1199 3387 ita
1223 3330 1259 3384 ut
1282 3321 1315 3384 id
1338 3344 1391 3407 qur

134 3424 241 3509 priore
264 3420 428 3492 locedixi
455 3445 473 3486 e
498 3427 690 3510 posteriore,
718 3426 805 3512 quod
829 3426 1009 3512 pleniorem
1038 3424 1202 3487 interdum
1231 3425 1389 3507 scriptura

136 3523 285 3606 exhibet,
321 3523 519 3609 descriptum
549 3548 621 3590 csse
650 3527 817 3609 videatur,
846 3537 914 3590 tum
942 3526 1076 3590 lacunas
1106 3527 1196 3612 (nam
1226 3525 1267 3588 de
1293 3523 1387 3610 reliqr

135 3616 205 3690 non*
222 3625 384 3711 quaesivi)
409 3624 523 3689 codem
545 3626 613 3690 fere
631 3627 727 3692 modo
752 3637 849 3715 atque
872 3628 1025 3714 princeps
1055 3626 1156 3692 editio
1181 3628 1344 3692 indicatas
1373 3626 1386 3689 l

135 3727 224 3790 bent.
269 3745 370 3811 quare
392 3725 493 3790 altero
514 3728 644 3814 quidem
661 3753 794 3816 prorsus
816 3730 965 3815 neglecte
984 3749 1027 3792 ex
1042 3730 1222 3814 posteriore
1237 3750 1383 3814 apograp

135 3841 240 3912 pauca
261 3825 421 3912 quaedam
444 3829 480 3893 in
500 3830 594 3916 initio
616 3830 692 3895 libri
713 3831 868 3897 adnotavi
891 3833 977 3895 etin
1001 3829 1128 3894 duobus
1152 3829 1226 3894 libri
1249 3832 1355 3916 quarti
1378 3855 1383 3890 ι

134 3926 257 4012 pitibus
278 3949 360 4013 quae
383 3931 417 3992 in
438 3932 586 4019 principe
608 3933 751 3998 editione
778 3937 898 3996 omissa
920 3931 997 3996 sunt
1026 3931 1173 3996 eiusdem
1202 3929 1278 3994 libri
1309 3930 1382 3995 dise

135 4028 280 4115 pantiarn
306 4028 427 4113 adieci,
451 4033 485 4095 in
507 4032 641 4120 reliquis
665 4056 742 4099 vero
766 4033 870 4097 omisi.

219 4128 273 4192 Ad
292 4129 543 4219 Neapolitanum
566 4135 729 4217 codicem,
759 4156 822 4220 quo
845 4156 909 4199 uno
930 4135 1038 4197 omnia
1063 4153 1145 4219 quae
1168 4154 1209 4196 cx
1232 4143 1302 4197 arte
1322 4155 1379 4217 gra

135 4230 254 4293 matica
275 4230 417 4298 Charisii
442 4246 582 4302 aetatem
604 4234 748 4300 tulerunt
768 4237 988 4317 continentur,
1018 4235 1050 4298 in
1075 4234 1151 4298 libri
1178 4233 1312 4297 secundi
1335 4255 1377 4318 pa

135 4342 299 4418 postrema
326 4346 358 4398 et
384 4336 417 4399 in
442 4339 538 4402 tertio
562 4337 646 4403 libro
673 4337 799 4402 accedit
825 4337 1095 4422 fragmentum
1124 4336 1281 4399 codicis
1311 4331 1376 4396 Pa:

136 4436 215 4497 sini
240 4439 337 4518 7560,
365 4437 442 4502 olim
467 4438 647 4504 Colbertini
670 4438 763 4500 4827.
808 4439 863 4524 qui
887 4436 970 4501 liber
998 4447 1047 4500 est
1072 4433 1375 4502 rnerubranaceusl

135 4558 206 4600 inae
222 4536 382 4622 oblongae
399 4540 528 4605 saeculo
545 4537 731 4620 undecimo,
747 4547 782 4601 ut
798 4539 944 4618 videtur,
964 4538 1114 4624 scriptus.
1159 4537 1305 4601 continet
1319 4546 1373 4599 aut

135 4648 209 4724 post
229 4639 369 4705 Charisii
391 4652 518 4727 partem
536 4659 607 4702 earn
627 4660 723 4723 quam
747 4639 817 4702 dixi
848 4641 939 4724 (2⁶24,
966 4640 1004 4701 24
1030 4646 1199 4703 coniunctio
1227 4650 1270 4700 cst
1289 4668 1332 4684 -e
1355 4636 1372 4698 Ξ

139 4745 176 4804 lb
206 4749 403 4821 inputandam
432 4752 489 4812 est)
517 4748 617 4835 artem
642 4740 886 4823 grammaticam
917 4739 957 4803 de
985 4748 1057 4803 octo
1085 4739 1232 4826 partibus
1260 4738 1370 4800 oratioi

135 4841 296 4938 Prisciani
320 4841 513 4906 denomino
537 4841 729 4927 pronomine
751 4848 781 4902 et
803 4839 902 4904 verbo
931 4839 1069 4923 librum,
1098 4841 1368 4905 commentarium
