3114 5356
618 248 818 316 axonam
1011 304 1032 311 ..
1305 261 1368 323 545

534 395 537 399 ·
1167 376 1274 419 ,οι-κ
1287 376 1316 420 ν.

63 450 155 514 qnam
172 433 203 496 in
224 434 438 497 consuetudine
459 436 695 513 observabimus,
715 458 820 520 poema
840 442 1001 522 poematis,
1024 440 1128 524 plurali
1147 387 1282 526 &emata
1297 469 1369 530 poe·

63 544 178 601 matum
200 536 401 618 poematibus,
425 544 557 599 toreuma
577 538 720 602 similiter.

153 638 259 701 Omnia
277 637 396 699 nomina
418 656 493 717 quae
514 640 545 700 in
564 658 583 700 o
604 638 800 711 terminantur
819 644 973 707 masculini
996 647 1130 725 generis,
1152 648 1178 710 si
1200 658 1298 713 tamen
1320 672 1368 715 re-

64 742 177 822 cipiant
197 749 227 801 et
248 739 418 802 femininam
440 747 589 815 mmmm,
618 750 705 804 erunt
730 732 913 819 communia,
944 746 1022 808 velut
1043 749 1092 809 bic
1113 757 1144 810 et
1162 749 1238 812 haec
1255 751 1364 837 latmi}

33 843 116 911 ubic
136 851 166 904 ct
187 842 262 903 baec
279 840 402 914 nebulo,
430 841 478 902 laic
504 850 534 902 et
555 843 629 903 baec
650 845 753 919 homo,
781 846 912 927 exceptis
934 847 998 921 bis,
1027 848 1077 909 hic
1104 847 1171 912 leno
1194 851 1268 914 baec
1289 853 1366 929 lena,

64 944 116 1006 bic
135 943 184 1005 leo
205 943 280 1029 baec
298 942 360 1016 lea,
384 950 414 1003 et
433 942 516 1021 siqua
533 943 590 1004 alia
612 953 691 1006 sunt

151 1043 257 1105 Omnia
278 1044 395 1106 nondna
418 1061 493 1122 quae
520 1044 661 1123 singulari
685 1044 811 1107 ablativo
829 1047 861 1109 in
883 1047 893 1108 i
918 1048 1043 1111 litteram
1066 1052 1189 1127 cadunt,
1219 1055 1294 1116 baec
1314 1057 1366 1118 ad-

10 1135 13 1140 ’
63 1147 126 1209 dita
151 1163 201 1208 um
228 1145 339 1225 syllaba
370 1146 481 1208 iaciunt
507 1145 675 1225 genetivum
702 1144 858 1227 pluralem,
893 1150 972 1213 velut
1000 1152 1038 1214 ab
1064 1153 1123 1216 hoo
1150 1157 1231 1217 omni
1258 1157 1364 1218 homan

62 1248 204 1311 omnium.
254 1246 379 1308 ablativo
405 1255 501 1308 autem
530 1247 670 1326 singulari
697 1266 731 1309 ea
759 1248 878 1311 demum
905 1251 935 1313 in
961 1252 970 1313 i
994 1252 1121 1316 litteram
1148 1256 1256 1318 cadunt
1288 1276 1364 1337 quae

17 1376 48 1420 ιο
62 1349 232 1412 communia
253 1356 324 1411 sunt
343 1348 431 1410 trium
452 1366 609 1427 generum,
638 1355 670 1410 ut
691 1349 760 1410 lelir
780 1349 859 1412 felici
881 1351 1025 1430 lelicinm,
1047 1363 1077 1417 et
1096 1357 1256 1421 velremons
1277 1361 1366 1422 velae-

61 1450 156 1512 menti
183 1449 416 1524 vehementium,
449 1456 590 1510 constans
615 1451 763 1512 constanti
794 1452 1009 1528 constantium,
1042 1463 1141 1529 auor,
1173 1458 1305 1538 prudens
1335 1469 1366 1522 et

61 1551 180 1615 similia.
225 1551 313 1612 edam
335 1550 391 1613 alia
413 1550 501 1612 trium
523 1568 664 1630 genarum
685 1550 805 1613 nomina
834 1561 919 1627 sunt,
946 1570 1022 1631 quac
1043 1557 1177 1634 mamus
1196 1558 1227 1620 in
1248 1579 1365 1623 mascn-

60 1653 125 1715 lino
144 1661 175 1714 et
195 1653 337 1714 leminino
359 1653 385 1714 is
406 1652 512 1714 litteris
533 1652 712 1714 nominativo
737 1651 948 1729 terminantem,
974 1662 1073 1718 tamen
1095 1657 1125 1718 in
1148 1661 1273 1723 neutrali
1294 1662 1324 1723 in
1347 1683 1364 1726 e

60 1755 274 1816 nominativum
295 1755 422 1828 iaciunt,
446 1761 479 1815 ut
499 1753 548 1815 bic
567 1753 704 1816 salutaris
725 1753 799 1814 baec
817 1753 954 1816 salutaris
977 1755 1035 1817 hoc
1057 1757 1201 1834 salutare,
1227 1762 1276 1824 bic
1297 1782 1364 1842 gra·

18 1884 46 1927 1⁶
61 1856 132 1919 cilis
147 1856 222 1917 haec
242 1855 360 1935 gracilis
381 1857 439 1918 boc
461 1854 570 1934 gracile
592 1861 622 1915 et
644 1852 759 1916 similia.
803 1853 835 1914 in
859 1854 906 1916 bis
933 1862 1033 1916 tamen
1061 1859 1198 1922 omnibns
1225 1862 1363 1926 observa-

58 1958 174 2031 bimus,
197 1957 410 2038 appellationes
431 1957 581 2018 dumtaxat
601 1957 627 2018 si
652 1956 776 2031 luerint,
802 1961 874 2016 tnnc
901 1954 1059 2018 ablativum
1082 1957 1113 2019 in
1135 1957 1289 2025 ilittcram
1318 1964 1359 2026 la·

58 2075 139 2120 cere.
183 2075 251 2119 nam
272 2059 297 2120 si
318 2059 436 2139 propria
457 2058 577 2119 nomina
599 2057 726 2131 luerint,
750 2063 822 2118 tunc
839 2055 997 2118 ablativum
1016 2057 1046 2118 in
1068 2077 1085 2119 e
1104 2058 1232 2124 litteram
1252 2065 1362 2127 babere

58 2159 185 2234 dabam,
206 2166 238 2221 nt
259 2158 356 2221 Felice
374 2158 553 2221 Vehemente
574 2158 717 2220 Salutare.
753 2156 844 2218 nihilo
865 2157 965 2219 minus
987 2166 1084 2220 tamen
1107 2160 1250 2240 pluralem
1272 2183 1363 2243 gene-

59 2262 152 2324 tivum
179 2260 305 2322 eundem
333 2268 466 2337 servant;
494 2269 607 2322 tanturm
636 2260 792 2323 ablativum
812 2258 991 2338 singularem
1012 2260 1126 2322 variam
1146 2262 1177 2323 in
1198 2264 1361 2329 differentia

16 2397 44 2439 ῃ
57 2364 174 2446 proprii
195 2363 323 2425 nominis
343 2370 373 2423 et
393 2361 569 2442 appellativi.
614 2379 707 2440 aeque
729 2361 778 2423 illa
807 2378 925 2439 quoque
946 2360 1104 2423 ablativum
1128 2383 1184 2444 per
1201 2364 1212 2425 i
1232 2366 1359 2431 litteram

56 2466 171 2528 babent
190 2484 266 2545 quae
287 2461 466 2526 nominativo
488 2463 518 2524 in
540 2481 557 2523 e
579 2471 714 2543 correpta
734 2461 946 2536 terminantur,
973 2478 1050 2539 quoae
1076 2472 1146 2525 sunt
1167 2466 1267 2545 utique
1288 2486 1360 2529 neu·

56 2567 163 2642 tralia,
183 2573 217 2627 ut
237 2583 319 2628 mare
340 2565 432 2628 sedile
452 2564 588 2626 manuale
605 2564 714 2626 monile
734 2572 799 2625 rete
816 2570 847 2624 et
864 2562 981 2624 similia.
1021 2563 1091 2624 item
1107 2563 1156 2626 illa
1178 2585 1233 2647 per
1252 2567 1262 2628 i
1283 2568 1360 2631 litte·

56 2687 123 2732 ram
143 2667 301 2729 ablativum
329 2666 439 2727 babent
466 2683 542 2744 quae
569 2665 769 2728 accusativum
797 2683 852 2745 per
879 2662 889 2724 i
916 2671 946 2726 et
972 2673 1043 2727 sunt
1066 2665 1145 2726 tertii
1165 2667 1293 2743 ordinis,
1326 2677 1360 2730 ut

56 2770 171 2852 puppis
191 2770 255 2831 sitis
278 2767 391 2829 securis
416 2774 447 2828 et
466 2775 564 2828 cetera
585 2785 662 2846 quae
682 2768 739 2829 boc
758 2767 833 2830 libro
852 2766 1031 2846 excepimus.
1075 2767 1125 2829 illa
1146 2785 1263 2848 quoque
1282 2787 1359 2848 quae

14 2903 43 2944 a
57 2871 187 2935 similem
212 2869 378 2949 genetivum
405 2869 582 2931 nominativo
610 2868 721 2931 babent
746 2888 800 2950 per
826 2869 835 2929 i
862 2868 989 2930 litteram
1013 2867 1171 2932 ablativum
1198 2868 1308 2931 babent
1328 2879 1360 2931 et

57 2991 116 3053 per
140 2990 174 3045 e,
208 2979 241 3033 ut
265 2970 340 3032 baec
365 2971 448 3031 navis
472 2970 561 3032 buius
586 2971 670 3032 naus
690 2970 728 3031 ab
755 2969 812 3031 bac
839 2969 906 3030 navi
928 2978 958 3031 et
980 2988 1071 3047 nave3
1108 2972 1255 3055 duplicem
1280 2971 1358 3032 enim

55 3076 133 3136 baec
155 3072 256 3152 regula
277 3070 366 3133 babet
386 3070 560 3132 ablativum:
583 3080 613 3132 et
632 3072 710 3151 ignia
729 3070 865 3133 similiter
885 3079 917 3132 et
936 3070 1027 3132 turris
1048 3079 1077 3132 et
1096 3072 1178 3135 ratis.
1221 3072 1291 3134 item
1310 3071 1358 3133 illa

56 3192 113 3257 per
131 3175 143 3236 i
163 3173 319 3236 ablativum
340 3172 451 3235 babent
471 3189 546 3250 quae
568 3171 598 3233 in
619 3172 629 3232 l
650 3171 778 3234 litteram
796 3171 1007 3234 nominativum
1023 3172 1133 3234 babent
1147 3177 1177 3233 et
1196 3181 1267 3234 sunt
1286 3191 1359 3234 neu·

54 3276 158 3352 uada,
183 3275 310 3337 tribunal
337 3273 468 3352 vectigal.
511 3274 582 3335 item
607 3273 657 3334 illa
685 3273 842 3336 ablativum
866 3291 921 3352 per
943 3271 952 3330 i
981 3272 1095 3333 laniunt
1120 3291 1197 3351 quae
1223 3273 1359 3352 genetivo

12 3408 40 3451 a
55 3380 126 3463 plus
146 3396 235 3458 quam
252 3395 312 3438 una
334 3374 443 3455 syllaba
462 3383 618 3450 crescunt,
640 3373 773 3455 supellex
793 3371 999 3454 supellectilis,
1020 3392 1163 3454 praeceps
1178 3374 1356 3455 praecipitis.

55 3480 158 3545 omnia
179 3480 299 3543 nomina
320 3495 395 3557 qrrae
416 3475 447 3536 iu
469 3494 506 3536 ns
525 3476 734 3551 terminantur,
762 3476 788 3537 si
808 3474 897 3537 modo
917 3493 977 3536 non
1000 3484 1070 3539 sunt
1091 3475 1261 3556 participia,
1286 3494 1358 3555 pos·

54 3590 128 3647 sunt
153 3590 185 3643 et
205 3579 312 3661 plmali
332 3578 505 3640 neutraliter
524 3576 654 3656 intellegi
675 3585 705 3637 et
730 3575 918 3656 singulariter
944 3575 1084 3637 feminine
1104 3573 1228 3637 densari
1247 3573 1285 3635 ad
1304 3593 1357 3655 ap·

55 3683 267 3766 pollutionem,
289 3680 368 3742 velut
393 3679 442 3741 bic
460 3679 636 3753 vehemens,
656 3677 828 3740 neutraliter
848 3676 1002 3758 pluraliter
1022 3679 1096 3740 baec
1116 3675 1299 3741 vehementia
1318 3665 1356 3736 sei

53 3779 188 3863 σφοδρά,
211 3781 351 3845 leminine
372 3779 558 3860 singulariter
579 3780 652 3840 haec
669 3779 852 3840 vehementia
874 3769 894 3854 ἡ
916 3771 1102 3857 σφοδρότης;
1130 3778 1201 3839 item
1224 3775 1356 3856 prudens

13 3914 41 3957 ῃ
54 3886 213 3968 prudentia
231 3894 261 3947 et
281 3883 397 3945 similia.
442 3881 520 3943 unde
546 3879 634 3960 igitur
655 3879 818 3942 dinoscitur
839 3887 868 3940 ct
888 3879 1066 3941 discernitur
1091 3896 1202 3941 nomen
1226 3897 1243 3940 a
1264 3877 1356 3958 parti·
1380 3947 1389 3965 ⁶

55 3984 158 4068 cipio?
190 3986 271 4065 quod
294 4003 404 4048 nomen
424 3982 530 4064 recipit
550 3980 789 4060 conparationem
811 3989 842 4040 et
860 3976 874 4064 ΙΙ
898 3980 1141 4061 superlationem,
1167 3979 1246 4041 unde
1267 3978 1355 4040 ctiam

54 4087 216 4170 appellatio
245 4087 407 4160 derivatur,
442 4083 628 4165 participium
653 4089 753 4144 autem
783 4100 844 4142 non
876 4082 990 4162 recipit.
1044 4081 1099 4143 sed
1128 4081 1225 4143 evenit
1252 4099 1356 4161 saepo·

53 4206 182 4251 numero
203 4196 236 4250 ut
255 4188 383 4268 eripuis
405 4185 568 4268 participiis
588 4200 697 4244 nomen
717 4182 778 4245 sive
800 4182 956 4264 appellatio
978 4183 1082 4246 mmilis
1103 4183 1260 4264 participio
1277 4180 1355 4243 deri·

53 4299 155 4362 vetur,
184 4288 262 4350 velut
282 4307 319 4350 cx
343 4307 378 4349 eo
404 4285 484 4366 quod
504 4292 549 4347 est
575 4284 671 4365 patior
693 4285 880 4365 participium
906 4284 1031 4346 iacimus
1059 4285 1175 4365 patiens
1202 4272 1219 4342 ὁ
1243 4272 1354 4359 deopt-

13 4419 38 4459 ao
53 4413 132 4474 vav,
152 4391 186 4451 lit
207 4398 236 4451 et
257 4407 365 4450 nornen
386 4388 502 4470 patiens
522 4377 538 4447 ὁ
560 4377 732 4460 bertrame
753 4383 804 4445 sol
821 4375 841 4462 ἡ
859 4378 1047 4461 ἆνεξίκακος;
1069 4386 1139 4448 item
1161 4403 1196 4445 er
1218 4403 1254 4445 eo
1276 4383 1355 4462 quod

124 4603 143 4655 3
161 4601 253 4652 Omnia
262 4628 298 4638 -
309 4599 503 4652 decoronare.
513 4616 540 4664 p.
551 4600 585 4650 25
655 4599 672 4648 7
690 4596 823 4648 Omnia—
832 4595 893 4657 bid,
907 4584 1030 4648 ldmusa
1043 4597 1142 4648 Odor-ia.
1152 4612 1180 4661 p.
1192 4595 1292 4662 ³2oqq.

50 4677 139 4724 littera
157 4672 184 4722 B
274 4669 308 4719 lb
331 4671 498 4720 obseruamus
516 4685 585 4720 corr.
603 4667 798 4719 obseruabimns
815 4666 840 4717 B
931 4666 963 4717 18
979 4665 1073 4717 debere
1090 4664 1117 4715 B
1202 4664 1234 4716 la
1249 4674 1355 4716 merant

48 4743 187 4796 Charisius
204 4739 318 4789 scribunt
331 4738 358 4789 B
437 4736 472 4790 20
488 4738 599 4787 ablatino
615 4737 643 4786 B
712 4734 744 4788 al
764 4749 863 4802 possnn
881 4749 914 4784 ex
931 4735 958 4785 B
1028 4732 1063 4787 dd
1078 4734 1147 4801 patio
1165 4733 1192 4784 B
