<?xml version="1.0" encoding="UTF-8"?>
<!DOCTYPE html PUBLIC "-//W3C//DTD XHTML 1.0 Transitional//EN"
    "http://www.w3.org/TR/xhtml1/DTD/xhtml1-transitional.dtd">
<html xmlns="http://www.w3.org/1999/xhtml" xml:lang="en" lang="en">
 <head>
  <title>
</title>
<meta http-equiv="Content-Type" content="text/html;charset=utf-8" />
  <meta name='ocr-system' content='tesseract 3.04.00' />
  <meta name='ocr-capabilities' content='ocr_page ocr_carea ocr_par ocr_line ocrx_word'/>
</head>
<body>
  <div class='ocr_page' id='page_1' title='image "./grammaticilatin02keilgoog_0258.png"; bbox 0 0 3114 5356; ppageno 0'>
   <div class='ocr_carea' id='block_1_1' title="bbox 509 328 1467 397">
    <p class='ocr_par' dir='ltr' id='par_1_1' title="bbox 509 328 1467 397">
     <span class='ocr_line' id='line_1_1' title="bbox 509 328 1467 397; baseline -0.005 -2"><span class='ocrx_word' id='word_1_1' title='bbox 509 333 642 396; x_wconf 79' lang='lat' dir='ltr'>lnsrlr.</span> <span class='ocrx_word' id='word_1_2' title='bbox 666 330 777 397; x_wconf 68' lang='lat' dir='ltr'><strong>GRAM.</strong></span> <span class='ocrx_word' id='word_1_3' title='bbox 799 333 872 396; x_wconf 81' lang='lat' dir='ltr'><strong>LIB.</strong></span> <span class='ocrx_word' id='word_1_4' title='bbox 894 331 921 396; x_wconf 88' lang='lat' dir='ltr'>ll</span> <span class='ocrx_word' id='word_1_5' title='bbox 1300 328 1357 391; x_wconf 79' lang='lat'>191</span> <span class='ocrx_word' id='word_1_6' title='bbox 1464 351 1467 357; x_wconf 91' lang='lat'>·</span> 
     </span>
    </p>
   </div>
   <div class='ocr_carea' id='block_1_2' title="bbox 59 442 1361 591">
    <p class='ocr_par' dir='ltr' id='par_1_2' title="bbox 59 442 1361 591">
     <span class='ocr_line' id='line_1_2' title="bbox 131 442 1309 500; baseline -0.003 -9"><span class='ocrx_word' id='word_1_7' title='bbox 131 480 138 491; x_wconf 93' lang='lat'>.</span> <span class='ocrx_word' id='word_1_8' title='bbox 154 446 201 494; x_wconf 83' lang='lat' dir='ltr'>sn.</span> <span class='ocrx_word' id='word_1_9' title='bbox 218 451 245 494; x_wconf 83' lang='grc' dir='ltr'>ιι</span> <span class='ocrx_word' id='word_1_10' title='bbox 258 449 282 493; x_wconf 76' lang='lat'>1².</span> <span class='ocrx_word' id='word_1_11' title='bbox 1145 458 1168 500; x_wconf 67' lang='lat' dir='ltr'>p.</span> <span class='ocrx_word' id='word_1_12' title='bbox 1185 442 1230 488; x_wconf 81' lang='lat' dir='ltr'>na</span> <span class='ocrx_word' id='word_1_13' title='bbox 1246 444 1272 488; x_wconf 85' lang='lat' dir='ltr'>ra</span> <span class='ocrx_word' id='word_1_14' title='bbox 1284 443 1309 487; x_wconf 76' lang='lat' dir='ltr'>a</span> 
     </span>
     <span class='ocr_line' id='line_1_3' title="bbox 59 465 1361 591; baseline -0.005 -6"><span class='ocrx_word' id='word_1_15' title='bbox 59 465 182 586; x_wconf 69' lang='lat' dir='ltr'>vinblis&#39;</span> <span class='ocrx_word' id='word_1_16' title='bbox 192 521 306 582; x_wconf 86' lang='lat' dir='ltr'>alienae</span> <span class='ocrx_word' id='word_1_17' title='bbox 327 521 476 584; x_wconf 85' lang='lat' dir='ltr'>servitutis</span> <span class='ocrx_word' id='word_1_18' title='bbox 498 524 637 585; x_wconf 77' lang='lat' dir='ltr'><strong>eximeret</strong></span> <span class='ocrx_word' id='word_1_19' title='bbox 656 542 715 585; x_wconf 90' lang='lat' dir='ltr'>non</span> <span class='ocrx_word' id='word_1_20' title='bbox 729 521 816 582; x_wconf 87' lang='lat' dir='ltr'>etiam</span> <span class='ocrx_word' id='word_1_21' title='bbox 832 521 884 582; x_wconf 90' lang='lat' dir='ltr'>tim</span> <span class='ocrx_word' id='word_1_22' title='bbox 893 563 1083 581; x_wconf 89' lang='grc'><strong>............</strong></span> <span class='ocrx_word' id='word_1_23' title='bbox 1103 516 1197 579; x_wconf 82' lang='lat' dir='ltr'>exitus</span> <span class='ocrx_word' id='word_1_24' title='bbox 1212 517 1361 591; x_wconf 76' lang='lat' dir='ltr'><strong>Graeciae,</strong></span> 
     </span>
    </p>
   </div>
   <div class='ocr_carea' id='block_1_3' title="bbox 23 618 1460 3565">
    <p class='ocr_par' dir='ltr' id='par_1_3' title="bbox 23 618 1460 3565">
     <span class='ocr_line' id='line_1_4' title="bbox 63 618 1360 704; baseline -0.005 -17"><span class='ocrx_word' id='word_1_25' title='bbox 63 627 115 704; x_wconf 79' lang='lat' dir='ltr'>quui</span> <span class='ocrx_word' id='word_1_26' title='bbox 150 634 249 687; x_wconf 67' lang='lat' dir='ltr'>umen</span> <span class='ocrx_word' id='word_1_27' title='bbox 279 622 350 683; x_wconf 88' lang='lat' dir='ltr'>nulii</span> <span class='ocrx_word' id='word_1_28' title='bbox 384 632 460 685; x_wconf 91' lang='lat' dir='ltr'>sunt.</span> <span class='ocrx_word' id='word_1_29' title='bbox 505 627 601 704; x_wconf 85' lang='lat' dir='ltr'>itaque</span> <span class='ocrx_word' id='word_1_30' title='bbox 634 642 742 686; x_wconf 90' lang='lat' dir='ltr'>nomen</span> <span class='ocrx_word' id='word_1_31' title='bbox 771 623 797 684; x_wconf 91' lang='lat' dir='ltr'>ei</span> <span class='ocrx_word' id='word_1_32' title='bbox 827 622 903 703; x_wconf 81' lang='lat' dir='ltr'>parti</span> <span class='ocrx_word' id='word_1_33' title='bbox 936 628 997 682; x_wconf 83' lang='lat' dir='ltr'>turn</span> <span class='ocrx_word' id='word_1_34' title='bbox 1029 619 1135 681; x_wconf 86' lang='lat' dir='ltr'>acriter</span> <span class='ocrx_word' id='word_1_35' title='bbox 1162 618 1360 682; x_wconf 70' lang='lat' dir='ltr'>reddidenmt.</span> 
     </span>
     <span class='ocr_line' id='line_1_5' title="bbox 64 722 1362 806; baseline -0.002 -20"><span class='ocrx_word' id='word_1_36' title='bbox 64 725 300 789; x_wconf 86' lang='lat' dir='ltr'>interiectionem</span> <span class='ocrx_word' id='word_1_37' title='bbox 322 744 390 787; x_wconf 80' lang='lat' dir='ltr'>vero</span> <span class='ocrx_word' id='word_1_38' title='bbox 405 771 479 788; x_wconf 91' lang='grc'><strong>.....</strong></span> <span class='ocrx_word' id='word_1_39' title='bbox 502 727 676 789; x_wconf 82' lang='lat' dir='ltr'><strong>cachinnum</strong></span> <span class='ocrx_word' id='word_1_40' title='bbox 698 726 872 806; x_wconf 78' lang='lat' dir='ltr'>gannitumue</span> <span class='ocrx_word' id='word_1_41' title='bbox 899 723 956 784; x_wconf 90' lang='lat' dir='ltr'>dici</span> <span class='ocrx_word' id='word_1_42' title='bbox 983 722 1077 784; x_wconf 91' lang='lat' dir='ltr'>media</span> <span class='ocrx_word' id='word_1_43' title='bbox 1099 731 1255 803; x_wconf 82' lang='lat' dir='ltr'>pergentes</span> <span class='ocrx_word' id='word_1_44' title='bbox 1275 723 1362 785; x_wconf 89' lang='lat' dir='ltr'>aesti-</span> 
     </span>
     <span class='ocr_line' id='line_1_6' title="bbox 64 824 1362 909; baseline -0.002 -21"><span class='ocrx_word' id='word_1_45' title='bbox 64 834 236 901; x_wconf 77' lang='lat' dir='ltr'>maverunt,</span> <span class='ocrx_word' id='word_1_46' title='bbox 268 835 301 888; x_wconf 86' lang='lat' dir='ltr'>ut</span> <span class='ocrx_word' id='word_1_47' title='bbox 319 829 398 890; x_wconf 84' lang='lat' dir='ltr'>inter</span> <span class='ocrx_word' id='word_1_48' title='bbox 417 829 553 900; x_wconf 82' lang='lat' dir='ltr'>adverbia</span> <span class='ocrx_word' id='word_1_49' title='bbox 573 846 691 907; x_wconf 87' lang='lat' dir='ltr'>quoque</span> <span class='ocrx_word' id='word_1_50' title='bbox 711 845 835 909; x_wconf 75' lang='lat' dir='ltr'>perpere</span> <span class='ocrx_word' id='word_1_51' title='bbox 855 826 880 887; x_wconf 90' lang='lat' dir='ltr'>si</span> <span class='ocrx_word' id='word_1_52' title='bbox 901 824 1016 887; x_wconf 87' lang='lat' dir='ltr'>iuberet</span> <span class='ocrx_word' id='word_1_53' title='bbox 1036 825 1168 888; x_wconf 83' lang='lat' dir='ltr'>adiectus</span> <span class='ocrx_word' id='word_1_54' title='bbox 1189 826 1250 901; x_wconf 83' lang='lat' dir='ltr'>rel,</span> <span class='ocrx_word' id='word_1_55' title='bbox 1279 834 1312 893; x_wconf 88' lang='lat' dir='ltr'>ut</span> <span class='ocrx_word' id='word_1_56' title='bbox 1333 826 1362 886; x_wconf 92' lang='lat' dir='ltr'>id</span> 
     </span>
     <span class='ocr_line' id='line_1_7' title="bbox 39 928 1363 1014; baseline -0.004 -20"><span class='ocrx_word' id='word_1_57' title='bbox 39 928 171 994; x_wconf 80' lang='lat' dir='ltr'>smultis</span> <span class='ocrx_word' id='word_1_58' title='bbox 191 928 291 1014; x_wconf 77' lang='lat' dir='ltr'>solet,</span> <span class='ocrx_word' id='word_1_59' title='bbox 309 946 396 991; x_wconf 77' lang='lat' dir='ltr'>castus</span> <span class='ocrx_word' id='word_1_60' title='bbox 415 929 556 1006; x_wconf 79' lang='lat' dir='ltr'>adferret,</span> <span class='ocrx_word' id='word_1_61' title='bbox 584 939 664 994; x_wconf 88' lang='lat' dir='ltr'>esset</span> <span class='ocrx_word' id='word_1_62' title='bbox 684 929 841 1011; x_wconf 86' lang='lat' dir='ltr'>inpunitas.</span> <span class='ocrx_word' id='word_1_63' title='bbox 887 935 916 989; x_wconf 91' lang='lat' dir='ltr'>et</span> <span class='ocrx_word' id='word_1_64' title='bbox 941 928 1011 1006; x_wconf 89' lang='lat' dir='ltr'>quid</span> <span class='ocrx_word' id='word_1_65' title='bbox 1033 946 1087 1008; x_wconf 77' lang='lat' dir='ltr'>ego</span> <span class='ocrx_word' id='word_1_66' title='bbox 1109 929 1145 990; x_wconf 92' lang='lat' dir='ltr'>de</span> <span class='ocrx_word' id='word_1_67' title='bbox 1167 928 1255 991; x_wconf 88' lang='lat' dir='ltr'>meris</span> <span class='ocrx_word' id='word_1_68' title='bbox 1272 928 1363 989; x_wconf 89' lang='lat' dir='ltr'>inter·</span> 
     </span>
     <span class='ocr_line' id='line_1_8' title="bbox 66 1026 1370 1112; baseline -0.001 -19"><span class='ocrx_word' id='word_1_69' title='bbox 66 1030 203 1093; x_wconf 87' lang='lat' dir='ltr'>iectionis</span> <span class='ocrx_word' id='word_1_70' title='bbox 223 1029 333 1092; x_wconf 81' lang='lat' dir='ltr'>viribus</span> <span class='ocrx_word' id='word_1_71' title='bbox 355 1027 566 1111; x_wconf 71' lang='lat' dir='ltr'>perutimcsco‚</span> <span class='ocrx_word' id='word_1_72' title='bbox 595 1052 663 1094; x_wconf 89' lang='lat' dir='ltr'>cum</span> <span class='ocrx_word' id='word_1_73' title='bbox 686 1033 772 1095; x_wconf 86' lang='lat' dir='ltr'>ctiam</span> <span class='ocrx_word' id='word_1_74' title='bbox 798 1050 872 1112; x_wconf 89' lang='lat' dir='ltr'>quae</span> <span class='ocrx_word' id='word_1_75' title='bbox 899 1030 1029 1091; x_wconf 90' lang='lat' dir='ltr'>omnium</span> <span class='ocrx_word' id='word_1_76' title='bbox 1051 1031 1236 1093; x_wconf 78' lang='lat' dir='ltr'>confessione</span> <span class='ocrx_word' id='word_1_77' title='bbox 1257 1026 1370 1112; x_wconf 67' lang='lat' dir='ltr'>putam</span> 
     </span>
     <span class='ocr_line' id='line_1_9' title="bbox 67 1131 1362 1215; baseline 0 -22"><span class='ocrx_word' id='word_1_78' title='bbox 67 1142 116 1195; x_wconf 88' lang='lat' dir='ltr'>tur</span> <span class='ocrx_word' id='word_1_79' title='bbox 137 1131 275 1193; x_wconf 76' lang='lat' dir='ltr'>adverbia</span> <span class='ocrx_word' id='word_1_80' title='bbox 296 1133 371 1194; x_wconf 86' lang='lat' dir='ltr'>ratio</span> <span class='ocrx_word' id='word_1_81' title='bbox 390 1133 525 1196; x_wconf 88' lang='lat' dir='ltr'>subtilior</span> <span class='ocrx_word' id='word_1_82' title='bbox 551 1135 613 1197; x_wconf 90' lang='lat' dir='ltr'>cius</span> <span class='ocrx_word' id='word_1_83' title='bbox 636 1133 727 1215; x_wconf 85' lang='lat' dir='ltr'>partis</span> <span class='ocrx_word' id='word_1_84' title='bbox 753 1150 820 1197; x_wconf 87' lang='lat' dir='ltr'>esse</span> <span class='ocrx_word' id='word_1_85' title='bbox 841 1133 967 1195; x_wconf 86' lang='lat' dir='ltr'>nolucrit</span> <span class='ocrx_word' id='word_1_86' title='bbox 986 1134 1038 1195; x_wconf 91' lang='lat' dir='ltr'>sed</span> <span class='ocrx_word' id='word_1_87' title='bbox 1063 1133 1273 1195; x_wconf 86' lang='lat' dir='ltr'>interiectionis</span> <span class='ocrx_word' id='word_1_88' title='bbox 1295 1152 1362 1194; x_wconf 90' lang='lat' dir='ltr'>sen-</span> 
     </span>
     <span class='ocr_line' id='line_1_10' title="bbox 66 1226 1437 1327; baseline -0.001 -30"><span class='ocrx_word' id='word_1_89' title='bbox 66 1235 151 1297; x_wconf 83' lang='lat' dir='ltr'>sibus</span> <span class='ocrx_word' id='word_1_90' title='bbox 169 1232 347 1297; x_wconf 70' lang='lat' dir='ltr'>moereant?</span> <span class='ocrx_word' id='word_1_91' title='bbox 389 1236 453 1314; x_wconf 82' lang='lat' dir='ltr'>quis</span> <span class='ocrx_word' id='word_1_92' title='bbox 474 1236 552 1297; x_wconf 89' lang='lat' dir='ltr'>enim</span> <span class='ocrx_word' id='word_1_93' title='bbox 573 1235 695 1298; x_wconf 86' lang='lat' dir='ltr'>vocandi</span> <span class='ocrx_word' id='word_1_94' title='bbox 718 1230 1045 1317; x_wconf 71' lang='lat' dir='ltr'>mspanuencive‘heus</span> <span class='ocrx_word' id='word_1_95' title='bbox 1069 1235 1115 1298; x_wconf 84' lang='lat' dir='ltr'>vei</span> <span class='ocrx_word' id='word_1_96' title='bbox 1142 1226 1210 1296; x_wconf 71' lang='lat' dir='ltr'>ohe?</span> <span class='ocrx_word' id='word_1_97' title='bbox 1226 1233 1286 1297; x_wconf 88' lang='lat' dir='ltr'>non</span> <span class='ocrx_word' id='word_1_98' title='bbox 1310 1255 1363 1316; x_wconf 89' lang='lat' dir='ltr'>po-</span> <span class='ocrx_word' id='word_1_99' title='bbox 1432 1318 1437 1327; x_wconf 35' lang='grc' dir='ltr'>Ι</span> 
     </span>
     <span class='ocr_line' id='line_1_11' title="bbox 66 1335 1363 1420; baseline -0.001 -21"><span class='ocrx_word' id='word_1_100' title='bbox 66 1337 127 1399; x_wconf 85' lang='lat' dir='ltr'>tius</span> <span class='ocrx_word' id='word_1_101' title='bbox 151 1335 319 1398; x_wconf 88' lang='lat' dir='ltr'>nominibus</span> <span class='ocrx_word' id='word_1_102' title='bbox 342 1337 493 1400; x_wconf 78' lang='lat' dir='ltr'>adiunxit?</span> <span class='ocrx_word' id='word_1_103' title='bbox 535 1357 590 1400; x_wconf 92' lang='lat' dir='ltr'>nec</span> <span class='ocrx_word' id='word_1_104' title='bbox 617 1338 714 1400; x_wconf 88' lang='lat' dir='ltr'>vcrbis</span> <span class='ocrx_word' id='word_1_105' title='bbox 739 1338 850 1420; x_wconf 75' lang='lat' dir='ltr'>poturit,</span> <span class='ocrx_word' id='word_1_106' title='bbox 877 1337 946 1400; x_wconf 85' lang='lat' dir='ltr'>licat</span> <span class='ocrx_word' id='word_1_107' title='bbox 973 1337 1081 1400; x_wconf 77' lang='lat' dir='ltr'>mallet</span> <span class='ocrx_word' id='word_1_108' title='bbox 1126 1354 1229 1399; x_wconf 87' lang='lat' dir='ltr'>omnes</span> <span class='ocrx_word' id='word_1_109' title='bbox 1256 1337 1363 1399; x_wconf 88' lang='lat' dir='ltr'>etenim</span> 
     </span>
     <span class='ocr_line' id='line_1_12' title="bbox 24 1437 1365 1522; baseline -0.001 -21"><span class='ocrx_word' id='word_1_110' title='bbox 24 1458 53 1500; x_wconf 79' lang='lat' dir='ltr'>aa</span> <span class='ocrx_word' id='word_1_111' title='bbox 65 1438 273 1501; x_wconf 82' lang='lat' dir='ltr'>adverbiorum</span> <span class='ocrx_word' id='word_1_112' title='bbox 295 1437 443 1501; x_wconf 66' lang='lat' dir='ltr'>commus</span> <span class='ocrx_word' id='word_1_113' title='bbox 463 1441 581 1503; x_wconf 92' lang='lat' dir='ltr'>semitas</span> <span class='ocrx_word' id='word_1_114' title='bbox 602 1440 645 1502; x_wconf 87' lang='lat' dir='ltr'>irc</span> <span class='ocrx_word' id='word_1_115' title='bbox 668 1459 734 1503; x_wconf 92' lang='lat' dir='ltr'>cum</span> <span class='ocrx_word' id='word_1_116' title='bbox 760 1440 857 1503; x_wconf 84' lang='lat' dir='ltr'>verbis</span> <span class='ocrx_word' id='word_1_117' title='bbox 882 1440 943 1503; x_wconf 83' lang='lat' dir='ltr'>sive</span> <span class='ocrx_word' id='word_1_118' title='bbox 969 1460 1023 1522; x_wconf 90' lang='lat' dir='ltr'>per</span> <span class='ocrx_word' id='word_1_119' title='bbox 1048 1439 1152 1515; x_wconf 82' lang='lat' dir='ltr'>verba,</span> <span class='ocrx_word' id='word_1_120' title='bbox 1185 1458 1241 1502; x_wconf 92' lang='lat' dir='ltr'>nec</span> <span class='ocrx_word' id='word_1_121' title='bbox 1267 1446 1365 1520; x_wconf 87' lang='lat' dir='ltr'>potest</span> 
     </span>
     <span class='ocr_line' id='line_1_13' title="bbox 65 1539 1365 1624; baseline 0.002 -22"><span class='ocrx_word' id='word_1_122' title='bbox 65 1540 127 1602; x_wconf 88' lang='lat' dir='ltr'><strong>ulla</strong></span> <span class='ocrx_word' id='word_1_123' title='bbox 149 1539 276 1620; x_wconf 78' lang='lat' dir='ltr'><strong>qualitas</strong></span> <span class='ocrx_word' id='word_1_124' title='bbox 304 1540 361 1602; x_wconf 83' lang='lat' dir='ltr'>nisi</span> <span class='ocrx_word' id='word_1_125' title='bbox 384 1541 473 1604; x_wconf 77' lang='lat' dir='ltr'>narbo</span> <span class='ocrx_word' id='word_1_126' title='bbox 501 1543 701 1622; x_wconf 79' lang='lat' dir='ltr'>subsequente</span> <span class='ocrx_word' id='word_1_127' title='bbox 721 1561 836 1605; x_wconf 87' lang='lat' dir='ltr'>sonare.</span> <span class='ocrx_word' id='word_1_128' title='bbox 881 1542 937 1603; x_wconf 91' lang='lat' dir='ltr'>loci</span> <span class='ocrx_word' id='word_1_129' title='bbox 959 1562 1086 1624; x_wconf 85' lang='lat' dir='ltr'>namque</span> <span class='ocrx_word' id='word_1_130' title='bbox 1107 1543 1133 1605; x_wconf 87' lang='lat' dir='ltr'>si</span> <span class='ocrx_word' id='word_1_131' title='bbox 1154 1543 1242 1604; x_wconf 80' lang='lat' dir='ltr'>tuem</span> <span class='ocrx_word' id='word_1_132' title='bbox 1263 1541 1365 1604; x_wconf 83' lang='lat' dir='ltr'>adver-</span> 
     </span>
     <span class='ocr_line' id='line_1_14' title="bbox 64 1637 1365 1727; baseline 0.001 -22"><span class='ocrx_word' id='word_1_133' title='bbox 64 1643 167 1716; x_wconf 84' lang='lat' dir='ltr'><strong>bium,</strong></span> <span class='ocrx_word' id='word_1_134' title='bbox 190 1637 344 1704; x_wconf 81' lang='lat' dir='ltr'>velut‘iltic</span> <span class='ocrx_word' id='word_1_135' title='bbox 360 1644 427 1706; x_wconf 90' lang='lat' dir='ltr'>istie</span> <span class='ocrx_word' id='word_1_136' title='bbox 438 1645 504 1706; x_wconf 86' lang='lat' dir='ltr'>&#39;hoc</span> <span class='ocrx_word' id='word_1_137' title='bbox 522 1646 581 1706; x_wconf 91' lang='lat' dir='ltr'>hue</span> <span class='ocrx_word' id='word_1_138' title='bbox 599 1645 666 1706; x_wconf 82' lang='lat' dir='ltr'>illoc</span> <span class='ocrx_word' id='word_1_139' title='bbox 684 1644 754 1706; x_wconf 84' lang='lat' dir='ltr'>illuc</span> <span class='ocrx_word' id='word_1_140' title='bbox 771 1644 847 1706; x_wconf 82' lang='lat' dir='ltr'>istoc</span> <span class='ocrx_word' id='word_1_141' title='bbox 866 1637 957 1721; x_wconf 72' lang='lat' dir='ltr'>istud,</span> <span class='ocrx_word' id='word_1_142' title='bbox 980 1665 1034 1727; x_wconf 88' lang='lat' dir='ltr'>per</span> <span class='ocrx_word' id='word_1_143' title='bbox 1055 1665 1088 1708; x_wconf 91' lang='lat' dir='ltr'>sc</span> <span class='ocrx_word' id='word_1_144' title='bbox 1109 1644 1181 1707; x_wconf 84' lang='lat' dir='ltr'>nihil</span> <span class='ocrx_word' id='word_1_145' title='bbox 1203 1645 1290 1707; x_wconf 80' lang='lat' dir='ltr'>faciet</span> <span class='ocrx_word' id='word_1_146' title='bbox 1308 1664 1365 1707; x_wconf 90' lang='lat' dir='ltr'>nec</span> 
     </span>
     <span class='ocr_line' id='line_1_15' title="bbox 66 1742 1366 1829; baseline 0.001 -21"><span class='ocrx_word' id='word_1_147' title='bbox 66 1745 160 1808; x_wconf 81' lang='lat' dir='ltr'>uliam</span> <span class='ocrx_word' id='word_1_148' title='bbox 181 1745 290 1825; x_wconf 81' lang='lat' dir='ltr'>poterit</span> <span class='ocrx_word' id='word_1_149' title='bbox 312 1745 533 1825; x_wconf 81' lang='lat' dir='ltr'>significationis</span> <span class='ocrx_word' id='word_1_150' title='bbox 554 1748 690 1829; x_wconf 85' lang='lat' dir='ltr'>expedire</span> <span class='ocrx_word' id='word_1_151' title='bbox 714 1746 882 1825; x_wconf 77' lang='lat' dir='ltr'>caliginem,</span> <span class='ocrx_word' id='word_1_152' title='bbox 901 1747 958 1808; x_wconf 87' lang='lat' dir='ltr'>nisi</span> <span class='ocrx_word' id='word_1_153' title='bbox 977 1742 1164 1810; x_wconf 84' lang='lat' dir='ltr'>coniunctim</span> <span class='ocrx_word' id='word_1_154' title='bbox 1181 1742 1272 1809; x_wconf 86' lang='lat' dir='ltr'>rerbo</span> <span class='ocrx_word' id='word_1_155' title='bbox 1288 1747 1366 1809; x_wconf 81' lang='lat' dir='ltr'>velut</span> 
     </span>
     <span class='ocr_line' id='line_1_16' title="bbox 67 1846 1365 1928; baseline 0.002 -20"><span class='ocrx_word' id='word_1_156' title='bbox 67 1847 217 1928; x_wconf 80' lang='lat' dir='ltr'>quaedam</span> <span class='ocrx_word' id='word_1_157' title='bbox 245 1846 276 1909; x_wconf 91' lang='lat' dir='ltr'>in</span> <span class='ocrx_word' id='word_1_158' title='bbox 304 1847 433 1911; x_wconf 86' lang='lat' dir='ltr'>tenebris</span> <span class='ocrx_word' id='word_1_159' title='bbox 460 1849 508 1911; x_wconf 84' lang='lat' dir='ltr'>lux</span> <span class='ocrx_word' id='word_1_160' title='bbox 536 1848 643 1911; x_wconf 86' lang='lat' dir='ltr'>clarior</span> <span class='ocrx_word' id='word_1_161' title='bbox 670 1858 699 1911; x_wconf 89' lang='lat' dir='ltr'>et</span> <span class='ocrx_word' id='word_1_162' title='bbox 730 1848 819 1910; x_wconf 83' lang='lat' dir='ltr'>iacies</span> <span class='ocrx_word' id='word_1_163' title='bbox 847 1856 1015 1910; x_wconf 85' lang='lat' dir='ltr'>antevertat.</span> <span class='ocrx_word' id='word_1_164' title='bbox 1060 1849 1159 1928; x_wconf 82' lang='lat' dir='ltr'>itaque</span> <span class='ocrx_word' id='word_1_165' title='bbox 1193 1849 1270 1911; x_wconf 73' lang='lat' dir='ltr'>‘iilic</span> <span class='ocrx_word' id='word_1_166' title='bbox 1299 1853 1365 1911; x_wconf 88' lang='lat' dir='ltr'>sto’</span> 
     </span>
     <span class='ocr_line' id='line_1_17' title="bbox 24 1949 1364 2025; baseline 0.002 -17"><span class='ocrx_word' id='word_1_167' title='bbox 24 1966 54 2009; x_wconf 81' lang='lat' dir='ltr'>rs</span> <span class='ocrx_word' id='word_1_168' title='bbox 67 1950 149 2012; x_wconf 80' lang='lat' dir='ltr'>‘iilic</span> <span class='ocrx_word' id='word_1_169' title='bbox 167 1953 235 2012; x_wconf 87' lang='lat' dir='ltr'>ero’</span> <span class='ocrx_word' id='word_1_170' title='bbox 260 1949 452 2012; x_wconf 74' lang='lat' dir='ltr'>‘illicabco’</span> <span class='ocrx_word' id='word_1_171' title='bbox 480 1950 590 2013; x_wconf 73' lang='lat' dir='ltr'>‘illicce</span> <span class='ocrx_word' id='word_1_172' title='bbox 611 1951 772 2025; x_wconf 85' lang='lat' dir='ltr'>luctabor’,</span> <span class='ocrx_word' id='word_1_173' title='bbox 803 1949 958 2012; x_wconf 77' lang='lat' dir='ltr'>uerborum</span> <span class='ocrx_word' id='word_1_174' title='bbox 986 1969 1108 2013; x_wconf 86' lang='lat' dir='ltr'>accessu</span> <span class='ocrx_word' id='word_1_175' title='bbox 1136 1953 1168 2012; x_wconf 84' lang='lat' dir='ltr'>ut</span> <span class='ocrx_word' id='word_1_176' title='bbox 1196 1950 1364 2013; x_wconf 78' lang='lat' dir='ltr'>adverbium</span> 
     </span>
     <span class='ocr_line' id='line_1_18' title="bbox 66 2048 1365 2135; baseline 0 -21"><span class='ocrx_word' id='word_1_177' title='bbox 66 2051 159 2114; x_wconf 86' lang='lat' dir='ltr'>muit&#39;r</span> <span class='ocrx_word' id='word_1_178' title='bbox 182 2050 302 2113; x_wconf 88' lang='lat' dir='ltr'>luminis</span> <span class='ocrx_word' id='word_1_179' title='bbox 330 2070 364 2113; x_wconf 90' lang='lat' dir='ltr'>ac</span> <span class='ocrx_word' id='word_1_180' title='bbox 388 2053 550 2133; x_wconf 88' lang='lat' dir='ltr'>potcstatis.</span> <span class='ocrx_word' id='word_1_181' title='bbox 595 2054 737 2135; x_wconf 85' lang='lat' dir='ltr'>temporis</span> <span class='ocrx_word' id='word_1_182' title='bbox 765 2070 825 2113; x_wconf 85' lang='grc' dir='ltr'>ιιοιι</span> <span class='ocrx_word' id='word_1_183' title='bbox 851 2051 949 2114; x_wconf 89' lang='lat' dir='ltr'>minus</span> <span class='ocrx_word' id='word_1_184' title='bbox 966 2048 1028 2114; x_wconf 81' lang='lat' dir='ltr'>&#39;fret</span> <span class='ocrx_word' id='word_1_185' title='bbox 1056 2053 1239 2127; x_wconf 81' lang='lat' dir='ltr'>adverbium,</span> <span class='ocrx_word' id='word_1_186' title='bbox 1268 2057 1365 2114; x_wconf 71' lang='lat' dir='ltr'>‘nunc</span> 
     </span>
     <span class='ocr_line' id='line_1_19' title="bbox 68 2152 1363 2234; baseline -0.001 -18"><span class='ocrx_word' id='word_1_187' title='bbox 68 2155 156 2216; x_wconf 80' lang='lat' dir='ltr'>vcni&#39;</span> <span class='ocrx_word' id='word_1_188' title='bbox 181 2152 289 2215; x_wconf 75' lang='lat' dir='ltr'>‘modo</span> <span class='ocrx_word' id='word_1_189' title='bbox 310 2154 397 2215; x_wconf 83' lang='lat' dir='ltr'>iecit’</span> <span class='ocrx_word' id='word_1_190' title='bbox 426 2157 510 2216; x_wconf 74' lang='lat' dir='ltr'>‘cras</span> <span class='ocrx_word' id='word_1_191' title='bbox 531 2155 646 2216; x_wconf 91' lang='lat' dir='ltr'>abibo&#39;.</span> <span class='ocrx_word' id='word_1_192' title='bbox 691 2155 742 2217; x_wconf 89' lang='lat' dir='ltr'>sed</span> <span class='ocrx_word' id='word_1_193' title='bbox 775 2162 804 2216; x_wconf 90' lang='lat' dir='ltr'>et</span> <span class='ocrx_word' id='word_1_194' title='bbox 830 2155 944 2216; x_wconf 87' lang='lat' dir='ltr'>numeri</span> <span class='ocrx_word' id='word_1_195' title='bbox 972 2172 1025 2234; x_wconf 89' lang='lat' dir='ltr'>par</span> <span class='ocrx_word' id='word_1_196' title='bbox 1050 2172 1137 2216; x_wconf 81' lang='lat' dir='ltr'>causa</span> <span class='ocrx_word' id='word_1_197' title='bbox 1163 2155 1286 2217; x_wconf 85' lang='lat' dir='ltr'>rationis</span> <span class='ocrx_word' id='word_1_198' title='bbox 1308 2163 1363 2216; x_wconf 87' lang='lat' dir='ltr'>est.</span> 
     </span>
     <span class='ocr_line' id='line_1_20' title="bbox 67 2256 1363 2337; baseline -0.002 -17"><span class='ocrx_word' id='word_1_199' title='bbox 67 2256 201 2320; x_wconf 74' lang='lat' dir='ltr'>‘semel’</span> <span class='ocrx_word' id='word_1_200' title='bbox 223 2256 331 2318; x_wconf 88' lang='lat' dir='ltr'>etenim</span> <span class='ocrx_word' id='word_1_201' title='bbox 353 2257 446 2316; x_wconf 75' lang='lat' dir='ltr'>‘ieci&#39;</span> <span class='ocrx_word' id='word_1_202' title='bbox 468 2257 592 2320; x_wconf 83' lang='lat' dir='ltr'><strong>dicimus</strong></span> <span class='ocrx_word' id='word_1_203' title='bbox 610 2258 675 2319; x_wconf 73' lang='lat' dir='ltr'>‘bis</span> <span class='ocrx_word' id='word_1_204' title='bbox 697 2258 773 2319; x_wconf 84' lang='lat' dir='ltr'>diri&#39;</span> <span class='ocrx_word' id='word_1_205' title='bbox 792 2259 855 2319; x_wconf 72' lang='lat' dir='ltr'>‘ter</span> <span class='ocrx_word' id='word_1_206' title='bbox 876 2265 943 2318; x_wconf 84' lang='lat' dir='ltr'>ante</span> <span class='ocrx_word' id='word_1_207' title='bbox 964 2275 1171 2337; x_wconf 86' lang='lat' dir='ltr'>praeceperam</span> <span class='ocrx_word' id='word_1_208' title='bbox 1179 2261 1199 2318; x_wconf 88' lang='lat'>’.</span> <span class='ocrx_word' id='word_1_209' title='bbox 1240 2256 1363 2337; x_wconf 81' lang='lat' dir='ltr'>negandi</span> 
     </span>
     <span class='ocr_line' id='line_1_21' title="bbox 67 2358 1364 2440; baseline 0.001 -21"><span class='ocrx_word' id='word_1_210' title='bbox 67 2378 190 2440; x_wconf 85' lang='lat' dir='ltr'>quoque</span> <span class='ocrx_word' id='word_1_211' title='bbox 213 2359 317 2420; x_wconf 87' lang='lat' dir='ltr'>similis</span> <span class='ocrx_word' id='word_1_212' title='bbox 338 2358 466 2439; x_wconf 86' lang='lat' dir='ltr'>inceptio</span> <span class='ocrx_word' id='word_1_213' title='bbox 488 2367 548 2434; x_wconf 86' lang='lat' dir='ltr'>est,</span> <span class='ocrx_word' id='word_1_214' title='bbox 577 2359 715 2421; x_wconf 76' lang='lat' dir='ltr'>‘nriuime</span> <span class='ocrx_word' id='word_1_215' title='bbox 735 2360 884 2422; x_wconf 86' lang='lat' dir='ltr'>dixeram&#39;</span> <span class='ocrx_word' id='word_1_216' title='bbox 912 2360 991 2420; x_wconf 75' lang='lat' dir='ltr'>‘uon</span> <span class='ocrx_word' id='word_1_217' title='bbox 1017 2358 1152 2440; x_wconf 82' lang='lat' dir='ltr'>putavi&#39;3</span> <span class='ocrx_word' id='word_1_218' title='bbox 1183 2359 1364 2435; x_wconf 87' lang='lat' dir='ltr'>adiimnandi,</span> 
     </span>
     <span class='ocr_line' id='line_1_22' title="bbox 23 2461 1365 2543; baseline -0.001 -18"><span class='ocrx_word' id='word_1_219' title='bbox 23 2470 105 2525; x_wconf 81' lang='lat' dir='ltr'>aaut</span> <span class='ocrx_word' id='word_1_220' title='bbox 123 2461 245 2542; x_wconf 75' lang='lat' dir='ltr'>‘quidni</span> <span class='ocrx_word' id='word_1_221' title='bbox 271 2464 458 2540; x_wconf 86' lang='lat' dir='ltr'>putaveram’</span> <span class='ocrx_word' id='word_1_222' title='bbox 490 2461 618 2542; x_wconf 75' lang='lat' dir='ltr'>‘quippe</span> <span class='ocrx_word' id='word_1_223' title='bbox 638 2461 808 2542; x_wconf 87' lang='lat' dir='ltr'>respondit&#39;</span> <span class='ocrx_word' id='word_1_224' title='bbox 835 2461 955 2541; x_wconf 74' lang='lat' dir='ltr'>‘utique</span> <span class='ocrx_word' id='word_1_225' title='bbox 975 2461 1112 2522; x_wconf 84' lang='lat' dir='ltr'>certarit’</span> <span class='ocrx_word' id='word_1_226' title='bbox 1142 2465 1264 2543; x_wconf 74' lang='lat' dir='ltr'>‘nempe</span> <span class='ocrx_word' id='word_1_227' title='bbox 1285 2462 1365 2523; x_wconf 89' lang='lat' dir='ltr'>dice·</span> 
     </span>
     <span class='ocr_line' id='line_1_23' title="bbox 66 2556 1365 2644; baseline 0 -18"><span class='ocrx_word' id='word_1_228' title='bbox 66 2565 157 2626; x_wconf 87' lang='lat' dir='ltr'>bam’</span> <span class='ocrx_word' id='word_1_229' title='bbox 182 2567 325 2644; x_wconf 72' lang='lat' dir='ltr'>‘prorsus</span> <span class='ocrx_word' id='word_1_230' title='bbox 353 2564 506 2640; x_wconf 77' lang='lat' dir='ltr'>extinxit’3</span> <span class='ocrx_word' id='word_1_231' title='bbox 544 2563 762 2626; x_wconf 86' lang='lat' dir='ltr'>demonstrandi</span> <span class='ocrx_word' id='word_1_232' title='bbox 787 2567 842 2625; x_wconf 79' lang='lat' dir='ltr'>‘on</span> <span class='ocrx_word' id='word_1_233' title='bbox 869 2556 961 2638; x_wconf 75' lang='lat' dir='ltr'>auit’,</span> <span class='ocrx_word' id='word_1_234' title='bbox 987 2567 1073 2625; x_wconf 74' lang='lat' dir='ltr'>‘ecce</span> <span class='ocrx_word' id='word_1_235' title='bbox 1091 2565 1170 2627; x_wconf 79' lang='lat' dir='ltr'>mma</span> <span class='ocrx_word' id='word_1_236' title='bbox 1197 2566 1288 2627; x_wconf 84' lang='lat' dir='ltr'>currit</span> <span class='ocrx_word' id='word_1_237' title='bbox 1314 2564 1365 2626; x_wconf 86' lang='lat' dir='ltr'>ad-</span> 
     </span>
     <span class='ocr_line' id='line_1_24' title="bbox 68 2665 886 2748; baseline -0.002 -19"><span class='ocrx_word' id='word_1_238' title='bbox 68 2668 185 2744; x_wconf 82' lang='lat' dir='ltr'>sistit’3</span> <span class='ocrx_word' id='word_1_239' title='bbox 206 2665 358 2741; x_wconf 82' lang='lat' dir='ltr'>hortandi,</span> <span class='ocrx_word' id='word_1_240' title='bbox 379 2668 449 2744; x_wconf 73' lang='lat' dir='ltr'>‘age</span> <span class='ocrx_word' id='word_1_241' title='bbox 469 2669 614 2748; x_wconf 85' lang='lat' dir='ltr'>propera&#39;</span> <span class='ocrx_word' id='word_1_242' title='bbox 637 2670 750 2730; x_wconf 75' lang='lat' dir='ltr'>‘macte</span> <span class='ocrx_word' id='word_1_243' title='bbox 772 2667 886 2742; x_wconf 88' lang='lat' dir='ltr'>niticr&#39;,</span> 
     </span>
     <span class='ocr_line' id='line_1_25' title="bbox 239 2767 729 2849; baseline 0.01 -22"><span class='ocrx_word' id='word_1_244' title='bbox 239 2767 322 2829; x_wconf 88' lang='lat' dir='ltr'>heia</span> <span class='ocrx_word' id='word_1_245' title='bbox 340 2786 422 2847; x_wconf 83' lang='lat' dir='ltr'>age,</span> <span class='ocrx_word' id='word_1_246' title='bbox 444 2787 570 2849; x_wconf 89' lang='lat' dir='ltr'>rumpe</span> <span class='ocrx_word' id='word_1_247' title='bbox 592 2788 729 2847; x_wconf 89' lang='lat' dir='ltr'>moras;</span> 
     </span>
     <span class='ocr_line' id='line_1_26' title="bbox 69 2870 1460 2954; baseline 0.001 -20"><span class='ocrx_word' id='word_1_248' title='bbox 69 2871 194 2954; x_wconf 86' lang='lat' dir='ltr'>optandi</span> <span class='ocrx_word' id='word_1_249' title='bbox 214 2870 342 2933; x_wconf 70' lang='lat' dir='ltr'>‘utinam</span> <span class='ocrx_word' id='word_1_250' title='bbox 365 2871 477 2931; x_wconf 85' lang='lat' dir='ltr'>veniat’</span> <span class='ocrx_word' id='word_1_251' title='bbox 499 2870 601 2932; x_wconf 74' lang='lat' dir='ltr'>‘velim</span> <span class='ocrx_word' id='word_1_252' title='bbox 624 2876 749 2934; x_wconf 87' lang='lat' dir='ltr'>currat&#39;.</span> <span class='ocrx_word' id='word_1_253' title='bbox 790 2890 877 2952; x_wconf 89' lang='lat' dir='ltr'>quam</span> <span class='ocrx_word' id='word_1_254' title='bbox 898 2870 1076 2933; x_wconf 71' lang='lat' dir='ltr'>voluntatem</span> <span class='ocrx_word' id='word_1_255' title='bbox 1095 2870 1184 2934; x_wconf 92' lang='lat' dir='ltr'>dubio</span> <span class='ocrx_word' id='word_1_256' title='bbox 1205 2873 1365 2954; x_wconf 74' lang='lat' dir='ltr'>proximant</span> <span class='ocrx_word' id='word_1_257' title='bbox 1457 2880 1460 2885; x_wconf 87' lang='lat'>&#39;</span> 
     </span>
     <span class='ocr_line' id='line_1_27' title="bbox 25 2963 678 3047; baseline -0.015 -8"><span class='ocrx_word' id='word_1_258' title='bbox 25 2992 142 3039; x_wconf 66' lang='lat' dir='ltr'>nesse</span> <span class='ocrx_word' id='word_1_259' title='bbox 163 2992 232 3036; x_wconf 91' lang='lat' dir='ltr'>cum</span> <span class='ocrx_word' id='word_1_260' title='bbox 256 2972 394 3047; x_wconf 81' lang='lat' dir='ltr'>dicimus,</span> <span class='ocrx_word' id='word_1_261' title='bbox 416 2980 448 3032; x_wconf 93' lang='lat' dir='ltr'>ut</span> <span class='ocrx_word' id='word_1_262' title='bbox 673 2963 678 2971; x_wconf 82' lang='grc'><strong><em>’</em></strong></span> 
     </span>
     <span class='ocr_line' id='line_1_28' title="bbox 240 3067 1280 3156; baseline 0.003 -21"><span class='ocrx_word' id='word_1_263' title='bbox 240 3091 352 3151; x_wconf 83' lang='lat' dir='ltr'>seque</span> <span class='ocrx_word' id='word_1_264' title='bbox 374 3081 490 3135; x_wconf 89' lang='lat' dir='ltr'>ortum</span> <span class='ocrx_word' id='word_1_265' title='bbox 514 3077 668 3154; x_wconf 86' lang='lat' dir='ltr'>antiqua</span> <span class='ocrx_word' id='word_1_266' title='bbox 691 3079 918 3138; x_wconf 84' lang='lat' dir='ltr'>Teucrorum</span> <span class='ocrx_word' id='word_1_267' title='bbox 940 3095 956 3137; x_wconf 90' lang='lat' dir='ltr'><strong>a</strong></span> <span class='ocrx_word' id='word_1_268' title='bbox 979 3077 1096 3156; x_wconf 84' lang='lat' dir='ltr'>stirpe</span> <span class='ocrx_word' id='word_1_269' title='bbox 1117 3067 1280 3153; x_wconf 81' lang='lat' dir='ltr'>colebat,</span> 
     </span>
     <span class='ocr_line' id='line_1_29' title="bbox 69 3176 1368 3258; baseline 0.002 -19"><span class='ocrx_word' id='word_1_270' title='bbox 69 3178 148 3239; x_wconf 82' lang='lat' dir='ltr'>votis</span> <span class='ocrx_word' id='word_1_271' title='bbox 170 3195 239 3239; x_wconf 86' lang='lat' dir='ltr'>csse</span> <span class='ocrx_word' id='word_1_272' title='bbox 260 3195 425 3257; x_wconf 89' lang='lat' dir='ltr'>comparem</span> <span class='ocrx_word' id='word_1_273' title='bbox 449 3176 603 3238; x_wconf 88' lang='lat' dir='ltr'>credimus.</span> <span class='ocrx_word' id='word_1_274' title='bbox 637 3178 813 3258; x_wconf 87' lang='lat' dir='ltr'>itaquc&#39;nec</span> <span class='ocrx_word' id='word_1_275' title='bbox 833 3178 900 3238; x_wconf 86' lang='lat' dir='ltr'>iidei</span> <span class='ocrx_word' id='word_1_276' title='bbox 923 3178 1146 3240; x_wconf 84' lang='lat' dir='ltr'>commisscnrnr</span> <span class='ocrx_word' id='word_1_277' title='bbox 1166 3178 1298 3241; x_wconf 78' lang='lat' dir='ltr'>voluntas</span> <span class='ocrx_word' id='word_1_278' title='bbox 1321 3198 1368 3241; x_wconf 84' lang='lat' dir='ltr'>se·</span> 
     </span>
     <span class='ocr_line' id='line_1_30' title="bbox 69 3278 1367 3360; baseline 0 -19"><span class='ocrx_word' id='word_1_279' title='bbox 69 3280 161 3360; x_wconf 84' lang='lat' dir='ltr'>quius</span> <span class='ocrx_word' id='word_1_280' title='bbox 186 3278 326 3352; x_wconf 85' lang='lat' dir='ltr'>accessit,</span> <span class='ocrx_word' id='word_1_281' title='bbox 358 3287 391 3340; x_wconf 91' lang='lat' dir='ltr'>ut</span> <span class='ocrx_word' id='word_1_282' title='bbox 421 3298 475 3340; x_wconf 92' lang='lat' dir='ltr'>nos</span> <span class='ocrx_word' id='word_1_283' title='bbox 504 3279 533 3339; x_wconf 91' lang='lat' dir='ltr'>in</span> <span class='ocrx_word' id='word_1_284' title='bbox 562 3298 596 3339; x_wconf 92' lang='lat' dir='ltr'>ea</span> <span class='ocrx_word' id='word_1_285' title='bbox 624 3298 728 3359; x_wconf 89' lang='lat' dir='ltr'>parere</span> <span class='ocrx_word' id='word_1_286' title='bbox 755 3280 908 3353; x_wconf 79' lang='lat' dir='ltr'>iudiciuin,</span> <span class='ocrx_word' id='word_1_287' title='bbox 940 3281 1071 3357; x_wconf 77' lang='lat' dir='ltr'>quamvis</span> <span class='ocrx_word' id='word_1_288' title='bbox 1096 3280 1216 3341; x_wconf 86' lang='lat' dir='ltr'>taciturn</span> <span class='ocrx_word' id='word_1_289' title='bbox 1238 3300 1294 3341; x_wconf 89' lang='lat' dir='ltr'>nec</span> <span class='ocrx_word' id='word_1_290' title='bbox 1315 3281 1367 3341; x_wconf 91' lang='lat' dir='ltr'>ad·</span> 
     </span>
     <span class='ocr_line' id='line_1_31' title="bbox 70 3380 1367 3463; baseline -0.002 -19"><span class='ocrx_word' id='word_1_291' title='bbox 70 3383 235 3463; x_wconf 86' lang='lat' dir='ltr'>scriptum,</span> <span class='ocrx_word' id='word_1_292' title='bbox 262 3388 394 3442; x_wconf 77' lang='lat' dir='ltr'>rotonum</span> <span class='ocrx_word' id='word_1_293' title='bbox 416 3381 487 3443; x_wconf 88' lang='lat' dir='ltr'>solis</span> <span class='ocrx_word' id='word_1_294' title='bbox 506 3381 619 3443; x_wconf 88' lang='lat' dir='ltr'>nisibus</span> <span class='ocrx_word' id='word_1_295' title='bbox 641 3389 670 3442; x_wconf 85' lang='lat' dir='ltr'>et</span> <span class='ocrx_word' id='word_1_296' title='bbox 691 3381 806 3443; x_wconf 91' lang='lat' dir='ltr'>indiciis</span> <span class='ocrx_word' id='word_1_297' title='bbox 828 3380 1023 3442; x_wconf 80' lang='lat' dir='ltr'>crederemus.</span> <span class='ocrx_word' id='word_1_298' title='bbox 1066 3381 1178 3442; x_wconf 85' lang='lat' dir='ltr'>ordinis</span> <span class='ocrx_word' id='word_1_299' title='bbox 1205 3382 1274 3442; x_wconf 81' lang='lat' dir='ltr'>item</span> <span class='ocrx_word' id='word_1_300' title='bbox 1300 3399 1367 3460; x_wconf 92' lang='lat' dir='ltr'>pro-</span> 
     </span>
     <span class='ocr_line' id='line_1_32' title="bbox 29 3479 1367 3565; baseline -0.004 -18"><span class='ocrx_word' id='word_1_301' title='bbox 29 3504 57 3546; x_wconf 78' lang='lat' dir='ltr'>sa</span> <span class='ocrx_word' id='word_1_302' title='bbox 70 3486 184 3547; x_wconf 92' lang='lat' dir='ltr'>duntur</span> <span class='ocrx_word' id='word_1_303' title='bbox 205 3483 356 3558; x_wconf 78' lang='lat' dir='ltr'>adverbia,</span> <span class='ocrx_word' id='word_1_304' title='bbox 383 3491 415 3544; x_wconf 96' lang='lat' dir='ltr'>ut</span> <span class='ocrx_word' id='word_1_305' title='bbox 435 3484 522 3544; x_wconf 71' lang='lat' dir='ltr'>‘dein</span> <span class='ocrx_word' id='word_1_306' title='bbox 544 3484 633 3544; x_wconf 82' lang='lat' dir='ltr'>dixit&#39;</span> <span class='ocrx_word' id='word_1_307' title='bbox 655 3484 797 3565; x_wconf 71' lang='lat' dir='ltr'>‘deniquo</span> <span class='ocrx_word' id='word_1_308' title='bbox 818 3483 975 3546; x_wconf 88' lang='lat' dir='ltr'>subsecuta</span> <span class='ocrx_word' id='word_1_309' title='bbox 1000 3484 1074 3544; x_wconf 88' lang='lat' dir='ltr'>ratio</span> <span class='ocrx_word' id='word_1_310' title='bbox 1093 3487 1166 3546; x_wconf 85' lang='lat' dir='ltr'>cst’.</span> <span class='ocrx_word' id='word_1_311' title='bbox 1210 3502 1269 3545; x_wconf 90' lang='lat' dir='ltr'>non</span> <span class='ocrx_word' id='word_1_312' title='bbox 1288 3479 1294 3565; x_wconf 84' lang='grc' dir='ltr'>Ι</span> <span class='ocrx_word' id='word_1_313' title='bbox 1313 3482 1367 3543; x_wconf 85' lang='lat' dir='ltr'>rni-</span> 
     </span>
    </p>
   </div>
   <div class='ocr_carea' id='block_1_4' title="bbox 67 3706 1366 4017">
    <p class='ocr_par' dir='ltr' id='par_1_4' title="bbox 75 3706 208 3760">
     <span class='ocr_line' id='line_1_33' title="bbox 75 3706 208 3760; baseline -0.023 0"><span class='ocrx_word' id='word_1_314' title='bbox 75 3709 163 3760; x_wconf 82' lang='lat' dir='ltr'>1-s</span> <span class='ocrx_word' id='word_1_315' title='bbox 182 3706 208 3756; x_wconf 99' lang='lat' dir='ltr'><strong><em>N</em></strong></span> 
     </span>
    </p>

    <p class='ocr_par' dir='ltr' id='par_1_5' title="bbox 67 3763 1366 4017">
     <span class='ocr_line' id='line_1_34' title="bbox 67 3763 1365 3872; baseline -0.002 -30"><span class='ocrx_word' id='word_1_316' title='bbox 67 3794 176 3843; x_wconf 72' lang='lat' dir='ltr'>inituris</span> <span class='ocrx_word' id='word_1_317' title='bbox 193 3795 316 3844; x_wconf 78' lang='lat' dir='ltr'>eximeret</span> <span class='ocrx_word' id='word_1_318' title='bbox 326 3796 342 3845; x_wconf 86' lang='grc' dir='ltr'>ι“ι</span> <span class='ocrx_word' id='word_1_319' title='bbox 353 3763 427 3872; x_wconf 47' lang='lat' dir='ltr'>spirim</span> <span class='ocrx_word' id='word_1_320' title='bbox 443 3797 533 3845; x_wconf 86' lang='lat' dir='ltr'>timore</span> <span class='ocrx_word' id='word_1_321' title='bbox 603 3798 638 3846; x_wconf 85' lang='lat' dir='ltr'>tio</span> <span class='ocrx_word' id='word_1_322' title='bbox 707 3796 790 3845; x_wconf 81' lang='lat' dir='ltr'>exitus</span> <span class='ocrx_word' id='word_1_323' title='bbox 796 3797 949 3863; x_wconf 74' lang='lat' dir='ltr'>graecipqni</span> <span class='ocrx_word' id='word_1_324' title='bbox 960 3797 987 3848; x_wconf 84' lang='lat' dir='ltr'>tri</span> <span class='ocrx_word' id='word_1_325' title='bbox 998 3795 1061 3846; x_wconf 81' lang='lat' dir='ltr'>nulii</span> <span class='ocrx_word' id='word_1_326' title='bbox 1069 3800 1125 3844; x_wconf 84' lang='lat' dir='ltr'>suut</span> <span class='ocrx_word' id='word_1_327' title='bbox 1132 3792 1263 3858; x_wconf 69' lang='lat' dir='ltr'>itaq‚nriei</span> <span class='ocrx_word' id='word_1_328' title='bbox 1270 3789 1365 3858; x_wconf 73' lang='lat' dir='ltr'>partiti</span> 
     </span>
     <span class='ocr_line' id='line_1_35' title="bbox 71 3879 1366 3949; baseline -0.004 -18"><span class='ocrx_word' id='word_1_329' title='bbox 71 3879 486 3933; x_wconf 77' lang='lat' dir='ltr'>acriterreddideruntintiectione</span> <span class='ocrx_word' id='word_1_330' title='bbox 498 3899 530 3933; x_wconf 88' lang='lat' dir='ltr'>ue</span> <span class='ocrx_word' id='word_1_331' title='bbox 618 3882 768 3932; x_wconf 86' lang='lat' dir='ltr'>cachinnum</span> <span class='ocrx_word' id='word_1_332' title='bbox 781 3885 937 3949; x_wconf 76' lang='lat' dir='ltr'>gemitumue</span> <span class='ocrx_word' id='word_1_333' title='bbox 946 3884 995 3934; x_wconf 90' lang='lat' dir='ltr'>dici</span> <span class='ocrx_word' id='word_1_334' title='bbox 1013 3883 1097 3934; x_wconf 82' lang='lat' dir='ltr'>media</span> <span class='ocrx_word' id='word_1_335' title='bbox 1110 3888 1245 3948; x_wconf 76' lang='lat' dir='ltr'>pergentes</span> <span class='ocrx_word' id='word_1_336' title='bbox 1259 3879 1366 3929; x_wconf 79' lang='lat' dir='ltr'>aestima</span> 
     </span>
     <span class='ocr_line' id='line_1_36' title="bbox 73 3975 164 4017; baseline -0.011 0"><span class='ocrx_word' id='word_1_337' title='bbox 73 3975 164 4017; x_wconf 85' lang='lat' dir='ltr'>uerunt</span> 
     </span>
    </p>
   </div>
   <div class='ocr_carea' id='block_1_5' title="bbox 141 4102 477 4159">
    <p class='ocr_par' dir='ltr' id='par_1_6' title="bbox 141 4102 477 4159">
     <span class='ocr_line' id='line_1_37' title="bbox 141 4102 477 4159; baseline -0.012 0"><span class='ocrx_word' id='word_1_338' title='bbox 141 4106 159 4159; x_wconf 82' lang='lat'><strong>3</strong></span> <span class='ocrx_word' id='word_1_339' title='bbox 177 4120 239 4157; x_wconf 83' lang='lat' dir='ltr'>uero</span> <span class='ocrx_word' id='word_1_340' title='bbox 259 4125 272 4157; x_wconf 77' lang='grc' dir='ltr'>ι</span> <span class='ocrx_word' id='word_1_341' title='bbox 291 4102 438 4155; x_wconf 85' lang='lat' dir='ltr'>cachinnum</span> <span class='ocrx_word' id='word_1_342' title='bbox 456 4121 477 4155; x_wconf 89' lang='grc' dir='ltr'>ω</span> 
     </span>
    </p>
   </div>
   <div class='ocr_carea' id='block_1_6' title="bbox 76 4268 1369 4863">
    <p class='ocr_par' dir='ltr' id='par_1_7' title="bbox 1224 4268 1239 4295">
     <span class='ocr_line' id='line_1_38' title="bbox 1224 4268 1239 4295; baseline 0 0"><span class='ocrx_word' id='word_1_343' title='bbox 1224 4268 1239 4295; x_wconf 84' lang='lat' dir='ltr'>u</span> 
     </span>
    </p>

    <p class='ocr_par' dir='ltr' id='par_1_8' title="bbox 76 4302 1369 4863">
     <span class='ocr_line' id='line_1_39' title="bbox 143 4302 1369 4373; baseline -0.007 -12"><span class='ocrx_word' id='word_1_344' title='bbox 143 4305 203 4355; x_wconf 71' lang='lat'>4¹1¹</span> <span class='ocrx_word' id='word_1_345' title='bbox 221 4304 249 4353; x_wconf 76' lang='lat' dir='ltr'>iu</span> <span class='ocrx_word' id='word_1_346' title='bbox 266 4302 353 4353; x_wconf 69' lang='lat' dir='ltr'>multis</span> <span class='ocrx_word' id='word_1_347' title='bbox 368 4304 432 4354; x_wconf 64' lang='lat' dir='ltr'>solet</span> <span class='ocrx_word' id='word_1_348' title='bbox 449 4304 583 4359; x_wconf 74' lang='lat' dir='ltr'>Fabricius</span> <span class='ocrx_word' id='word_1_349' title='bbox 652 4306 669 4357; x_wconf 92' lang='lat'>8</span> <span class='ocrx_word' id='word_1_350' title='bbox 685 4310 804 4360; x_wconf 87' lang='lat' dir='ltr'>uocandi.</span> <span class='ocrx_word' id='word_1_351' title='bbox 819 4308 875 4360; x_wconf 68' lang='lat' dir='ltr'>bes.</span> <span class='ocrx_word' id='word_1_352' title='bbox 894 4310 919 4359; x_wconf 80' lang='lat' dir='ltr'>ir.</span> <span class='ocrx_word' id='word_1_353' title='bbox 939 4306 995 4358; x_wconf 88' lang='lat' dir='ltr'>obe.</span> <span class='ocrx_word' id='word_1_354' title='bbox 1014 4307 1218 4373; x_wconf 83' lang='lat' dir='ltr'>respondendiue</span> <span class='ocrx_word' id='word_1_355' title='bbox 1243 4306 1329 4372; x_wconf 87' lang='lat' dir='ltr'>potius</span> <span class='ocrx_word' id='word_1_356' title='bbox 1343 4302 1369 4353; x_wconf 91' lang='lat' dir='ltr'><strong><em>N</em></strong></span> 
     </span>
     <span class='ocr_line' id='line_1_40' title="bbox 76 4372 1367 4445; baseline -0.002 -20"><span class='ocrx_word' id='word_1_357' title='bbox 76 4374 139 4425; x_wconf 84' lang='lat' dir='ltr'>heus</span> <span class='ocrx_word' id='word_1_358' title='bbox 159 4374 228 4424; x_wconf 87' lang='lat' dir='ltr'>euim</span> <span class='ocrx_word' id='word_1_359' title='bbox 248 4374 357 4423; x_wconf 90' lang='lat' dir='ltr'>uocandi</span> <span class='ocrx_word' id='word_1_360' title='bbox 371 4373 445 4425; x_wconf 87' lang='lat' dir='ltr'>habet</span> <span class='ocrx_word' id='word_1_361' title='bbox 462 4375 530 4435; x_wconf 86' lang='lat' dir='ltr'>uim,</span> <span class='ocrx_word' id='word_1_362' title='bbox 554 4376 602 4427; x_wconf 91' lang='lat' dir='ltr'>ohe</span> <span class='ocrx_word' id='word_1_363' title='bbox 626 4379 811 4445; x_wconf 84' lang='lat' dir='ltr'>respondendi,</span> <span class='ocrx_word' id='word_1_364' title='bbox 836 4393 867 4428; x_wconf 82' lang='lat' dir='ltr'>ea</span> <span class='ocrx_word' id='word_1_365' title='bbox 884 4392 933 4428; x_wconf 91' lang='lat' dir='ltr'>non</span> <span class='ocrx_word' id='word_1_366' title='bbox 950 4378 1033 4443; x_wconf 86' lang='lat' dir='ltr'>potius</span> <span class='ocrx_word' id='word_1_367' title='bbox 1052 4376 1184 4429; x_wconf 78' lang='lat' dir='ltr'>Fabricius</span> <span class='ocrx_word' id='word_1_368' title='bbox 1270 4372 1367 4426; x_wconf 75' lang='lat' dir='ltr'>binal-</span> 
     </span>
     <span class='ocr_line' id='line_1_41' title="bbox 76 4436 1367 4514; baseline 0.002 -22"><span class='ocrx_word' id='word_1_369' title='bbox 76 4444 110 4494; x_wconf 83' lang='lat' dir='ltr'>iet</span> <span class='ocrx_word' id='word_1_370' title='bbox 126 4461 148 4495; x_wconf 84' lang='grc' dir='ltr'>ω</span> <span class='ocrx_word' id='word_1_371' title='bbox 172 4443 253 4494; x_wconf 85' lang='lat' dir='ltr'>maist</span> <span class='ocrx_word' id='word_1_372' title='bbox 272 4442 299 4491; x_wconf 89' lang='lat' dir='ltr'><strong><em>N</em></strong></span> <span class='ocrx_word' id='word_1_373' title='bbox 383 4444 414 4493; x_wconf 86' lang='grc' dir='ltr'>ΙΙ</span> <span class='ocrx_word' id='word_1_374' title='bbox 434 4444 619 4507; x_wconf 83' lang='lat' dir='ltr'>subsequentei·</span> <span class='ocrx_word' id='word_1_375' title='bbox 634 4461 725 4497; x_wconf 85' lang='lat' dir='ltr'>sonare</span> <span class='ocrx_word' id='word_1_376' title='bbox 746 4447 895 4514; x_wconf 73' lang='lat' dir='ltr'>(repuncta</span> <span class='ocrx_word' id='word_1_377' title='bbox 911 4464 923 4496; x_wconf 88' lang='lat' dir='ltr'>r</span> <span class='ocrx_word' id='word_1_378' title='bbox 941 4445 1042 4511; x_wconf 79' lang='lat' dir='ltr'>littera)</span> <span class='ocrx_word' id='word_1_379' title='bbox 1059 4446 1086 4495; x_wconf 92' lang='lat' dir='ltr'><strong><em>N</em></strong></span> <span class='ocrx_word' id='word_1_380' title='bbox 1109 4436 1279 4509; x_wconf 78' lang='lat' dir='ltr'>subsequente</span> <span class='ocrx_word' id='word_1_381' title='bbox 1297 4458 1367 4495; x_wconf 83' lang='lat' dir='ltr'>resc-</span> 
     </span>
     <span class='ocr_line' id='line_1_42' title="bbox 77 4512 1366 4583; baseline 0 -19"><span class='ocrx_word' id='word_1_382' title='bbox 77 4528 136 4566; x_wconf 82' lang='lat' dir='ltr'>nara</span> <span class='ocrx_word' id='word_1_383' title='bbox 152 4530 174 4565; x_wconf 85' lang='grc' dir='ltr'>ω</span> <span class='ocrx_word' id='word_1_384' title='bbox 267 4513 299 4563; x_wconf 89' lang='grc'>12</span> <span class='ocrx_word' id='word_1_385' title='bbox 322 4512 378 4561; x_wconf 87' lang='lat' dir='ltr'>istic</span> <span class='ocrx_word' id='word_1_386' title='bbox 395 4512 437 4562; x_wconf 85' lang='lat' dir='ltr'>hic</span> <span class='ocrx_word' id='word_1_387' title='bbox 451 4513 501 4563; x_wconf 91' lang='lat' dir='ltr'>huc</span> <span class='ocrx_word' id='word_1_388' title='bbox 518 4534 540 4565; x_wconf 90' lang='grc' dir='ltr'>ω</span> <span class='ocrx_word' id='word_1_389' title='bbox 628 4518 660 4568; x_wconf 90' lang='grc'>13</span> <span class='ocrx_word' id='word_1_390' title='bbox 675 4517 842 4583; x_wconf 74' lang='lat' dir='ltr'>significantis</span> <span class='ocrx_word' id='word_1_391' title='bbox 858 4517 979 4568; x_wconf 88' lang='lat' dir='ltr'>adhibere</span> <span class='ocrx_word' id='word_1_392' title='bbox 996 4516 1132 4583; x_wconf 78' lang='lat' dir='ltr'>caliginem</span> <span class='ocrx_word' id='word_1_393' title='bbox 1149 4517 1197 4566; x_wconf 84' lang='lat' dir='ltr'>nisi</span> <span class='ocrx_word' id='word_1_394' title='bbox 1216 4528 1292 4564; x_wconf 81' lang='lat' dir='ltr'>causa</span> <span class='ocrx_word' id='word_1_395' title='bbox 1309 4528 1366 4564; x_wconf 88' lang='lat' dir='ltr'>cum</span> 
     </span>
     <span class='ocr_line' id='line_1_43' title="bbox 77 4580 1368 4639; baseline 0 -4"><span class='ocrx_word' id='word_1_396' title='bbox 77 4584 152 4636; x_wconf 78' lang='lat' dir='ltr'>uerbo</span> <span class='ocrx_word' id='word_1_397' title='bbox 171 4583 199 4634; x_wconf 94' lang='grc' dir='ltr'><em>Ν</em></span> <span class='ocrx_word' id='word_1_398' title='bbox 290 4580 321 4630; x_wconf 84' lang='grc'>14</span> <span class='ocrx_word' id='word_1_399' title='bbox 342 4582 384 4631; x_wconf 85' lang='lat' dir='ltr'>iux</span> <span class='ocrx_word' id='word_1_400' title='bbox 400 4583 492 4632; x_wconf 79' lang='lat' dir='ltr'>clarior</span> <span class='ocrx_word' id='word_1_401' title='bbox 507 4590 531 4633; x_wconf 92' lang='lat' dir='ltr'>et</span> <span class='ocrx_word' id='word_1_402' title='bbox 550 4584 594 4634; x_wconf 82' lang='lat' dir='ltr'>tax</span> <span class='ocrx_word' id='word_1_403' title='bbox 618 4603 639 4636; x_wconf 88' lang='grc' dir='ltr'>ω</span> <span class='ocrx_word' id='word_1_404' title='bbox 728 4587 760 4639; x_wconf 81' lang='lat' dir='ltr'>lb</span> <span class='ocrx_word' id='word_1_405' title='bbox 781 4588 832 4639; x_wconf 84' lang='lat' dir='ltr'>iilic</span> <span class='ocrx_word' id='word_1_406' title='bbox 850 4587 995 4639; x_wconf 84' lang='lat' dir='ltr'>reluctabar</span> <span class='ocrx_word' id='word_1_407' title='bbox 1012 4586 1145 4638; x_wconf 74' lang='lat' dir='ltr'>Fabricius</span> <span class='ocrx_word' id='word_1_408' title='bbox 1229 4585 1264 4634; x_wconf 91' lang='grc'>22</span> <span class='ocrx_word' id='word_1_409' title='bbox 1284 4592 1368 4635; x_wconf 80' lang='lat' dir='ltr'>macte</span> 
     </span>
     <span class='ocr_line' id='line_1_44' title="bbox 76 4650 1368 4722; baseline 0.002 -20"><span class='ocrx_word' id='word_1_410' title='bbox 76 4654 165 4706; x_wconf 85' lang='lat' dir='ltr'>uirtute</span> <span class='ocrx_word' id='word_1_411' title='bbox 183 4669 206 4703; x_wconf 86' lang='grc' dir='ltr'>ω</span> <span class='ocrx_word' id='word_1_412' title='bbox 297 4650 331 4701; x_wconf 81' lang='grc'>23</span> <span class='ocrx_word' id='word_1_413' title='bbox 348 4650 415 4717; x_wconf 86' lang='lat' dir='ltr'>beia]</span> <span class='ocrx_word' id='word_1_414' title='bbox 442 4654 520 4716; x_wconf 80' lang='lat' dir='ltr'>Verp.</span> <span class='ocrx_word' id='word_1_415' title='bbox 541 4655 605 4705; x_wconf 81' lang='lat' dir='ltr'>Aen.</span> <span class='ocrx_word' id='word_1_416' title='bbox 626 4658 672 4707; x_wconf 86' lang='grc' dir='ltr'>ΙΙΙΙ</span> <span class='ocrx_word' id='word_1_417' title='bbox 688 4656 740 4708; x_wconf 76' lang='grc'>569</span> <span class='ocrx_word' id='word_1_418' title='bbox 825 4660 859 4708; x_wconf 77' lang='grc'>24</span> <span class='ocrx_word' id='word_1_419' title='bbox 878 4657 1058 4722; x_wconf 85' lang='lat' dir='ltr'>noinmptatem</span> <span class='ocrx_word' id='word_1_420' title='bbox 1076 4657 1102 4706; x_wconf 88' lang='lat' dir='ltr'><strong><em>N</em></strong></span> <span class='ocrx_word' id='word_1_421' title='bbox 1187 4655 1264 4705; x_wconf 88' lang='lat' dir='ltr'>dnbio</span> <span class='ocrx_word' id='word_1_422' title='bbox 1282 4653 1368 4704; x_wconf 76' lang='lat' dir='ltr'>hacb-</span> 
     </span>
     <span class='ocr_line' id='line_1_45' title="bbox 76 4720 1368 4794; baseline 0.002 -19"><span class='ocrx_word' id='word_1_423' title='bbox 76 4738 175 4775; x_wconf 71' lang='lat' dir='ltr'>mue</span> <span class='ocrx_word' id='word_1_424' title='bbox 193 4727 222 4774; x_wconf 79' lang='lat' dir='ltr'>in</span> <span class='ocrx_word' id='word_1_425' title='bbox 243 4720 348 4771; x_wconf 73' lang='lat' dir='ltr'>carrea.</span> <span class='ocrx_word' id='word_1_426' title='bbox 365 4736 392 4783; x_wconf 87' lang='lat' dir='ltr'>p.</span> <span class='ocrx_word' id='word_1_427' title='bbox 408 4723 459 4773; x_wconf 78' lang='lat'>205</span> <span class='ocrx_word' id='word_1_428' title='bbox 486 4725 581 4788; x_wconf 81' lang='lat' dir='ltr'>garrdio</span> <span class='ocrx_word' id='word_1_429' title='bbox 599 4728 624 4776; x_wconf 86' lang='lat' dir='ltr'><strong><em>N</em></strong></span> <span class='ocrx_word' id='word_1_430' title='bbox 709 4727 744 4778; x_wconf 81' lang='grc'>26</span> <span class='ocrx_word' id='word_1_431' title='bbox 761 4727 853 4794; x_wconf 87' lang='lat' dir='ltr'>seque]</span> <span class='ocrx_word' id='word_1_432' title='bbox 875 4729 955 4794; x_wconf 83' lang='lat' dir='ltr'>Verp.</span> <span class='ocrx_word' id='word_1_433' title='bbox 974 4727 1038 4777; x_wconf 77' lang='lat' dir='ltr'>Aen.</span> <span class='ocrx_word' id='word_1_434' title='bbox 1057 4727 1067 4775; x_wconf 91' lang='lat'>1</span> <span class='ocrx_word' id='word_1_435' title='bbox 1085 4727 1137 4778; x_wconf 82' lang='grc'>626</span> <span class='ocrx_word' id='word_1_436' title='bbox 1222 4721 1257 4774; x_wconf 84' lang='grc'>28</span> <span class='ocrx_word' id='word_1_437' title='bbox 1274 4732 1303 4772; x_wconf 82' lang='grc' dir='ltr'>ιιι</span> <span class='ocrx_word' id='word_1_438' title='bbox 1320 4739 1368 4777; x_wconf 80' lang='lat' dir='ltr'>noe</span> 
     </span>
     <span class='ocr_line' id='line_1_46' title="bbox 77 4788 1368 4863; baseline 0.004 -21"><span class='ocrx_word' id='word_1_439' title='bbox 77 4795 101 4842; x_wconf 88' lang='lat' dir='ltr'>iu</span> <span class='ocrx_word' id='word_1_440' title='bbox 115 4810 144 4844; x_wconf 82' lang='lat' dir='ltr'>ea</span> <span class='ocrx_word' id='word_1_441' title='bbox 160 4807 256 4860; x_wconf 84' lang='lat' dir='ltr'>parere</span> <span class='ocrx_word' id='word_1_442' title='bbox 275 4788 395 4839; x_wconf 83' lang='lat' dir='ltr'>iudicium</span> <span class='ocrx_word' id='word_1_443' title='bbox 415 4791 586 4846; x_wconf 72' lang='lat' dir='ltr'>herimannas</span> <span class='ocrx_word' id='word_1_444' title='bbox 613 4805 640 4848; x_wconf 92' lang='lat' dir='ltr'>ut</span> <span class='ocrx_word' id='word_1_445' title='bbox 663 4811 714 4847; x_wconf 88' lang='grc' dir='ltr'>ιιοιι</span> <span class='ocrx_word' id='word_1_446' title='bbox 738 4799 764 4845; x_wconf 92' lang='lat' dir='ltr'>iu</span> <span class='ocrx_word' id='word_1_447' title='bbox 788 4812 818 4847; x_wconf 86' lang='lat' dir='ltr'>ea</span> <span class='ocrx_word' id='word_1_448' title='bbox 840 4808 941 4863; x_wconf 83' lang='lat' dir='ltr'>praeter</span> <span class='ocrx_word' id='word_1_449' title='bbox 962 4796 1083 4847; x_wconf 88' lang='lat' dir='ltr'>indicium</span> <span class='ocrx_word' id='word_1_450' title='bbox 1101 4795 1128 4844; x_wconf 88' lang='lat' dir='ltr'><strong><em>N</em></strong></span> <span class='ocrx_word' id='word_1_451' title='bbox 1211 4792 1245 4844; x_wconf 77' lang='grc'>29</span> <span class='ocrx_word' id='word_1_452' title='bbox 1263 4793 1368 4847; x_wconf 85' lang='lat' dir='ltr'>indiciis</span> 
     </span>
    </p>
   </div>
   <div class='ocr_carea' id='block_1_7' title="bbox 78 4856 440 4915">
    <p class='ocr_par' dir='ltr' id='par_1_9' title="bbox 78 4856 440 4915">
     <span class='ocr_line' id='line_1_47' title="bbox 78 4856 440 4915; baseline -0.019 0"><span class='ocrx_word' id='word_1_453' title='bbox 78 4862 253 4915; x_wconf 62' lang='grc' dir='ltr'>Ιιαοὴηιωιιιω</span> <span class='ocrx_word' id='word_1_454' title='bbox 271 4856 397 4910; x_wconf 78' lang='lat' dir='ltr'>beneflciis</span> <span class='ocrx_word' id='word_1_455' title='bbox 417 4861 440 4908; x_wconf 81' lang='grc' dir='ltr'><em>Ν</em></span> 
     </span>
    </p>
   </div>
   <div class='ocr_carea' id='block_1_8' title="bbox 0 0 1572 5356">
    <p class='ocr_par' dir='ltr' id='par_1_10' title="bbox 0 0 1572 5356">
     <span class='ocr_line' id='line_1_48' title="bbox 0 0 1572 5356; baseline 0 0"><span class='ocrx_word' id='word_1_456' title='bbox 0 0 1572 5356; x_wconf 95' lang='lat' dir='ltr'> </span> 
     </span>
    </p>
   </div>
  </div>
 </body>
</html>
