3114 5356
194 277 258 342 212
760 270 923 335 ClbllllSll

198 394 444 531 liptidzpiub.
475 462 594 525 Furium
624 460 660 522 dc
689 461 826 524 multa
835 473 1010 540 prorsum
1045 377 1498 532 quodcumquepidiidbat

196 571 340 632 iecisse
361 583 478 645 neque
500 581 714 643 quemquam
736 555 1032 625 observatisse'.

281 670 441 733 Plurimum
462 663 644 727 Terentius
635 683 666 725 ιιι
692 663 883 736 Phormione,
912 657 985 720 ibi
1011 655 1209 739 plurimum
1237 660 1327 731 est’3
1356 653 1407 717 ubi
1427 655 1497 717 Cel·

199 797 251 860 sus
273 779 374 836 nuuc
395 768 563 833 adverbium
586 775 631 828 est
652 786 706 847 pro
733 766 772 827 ibi
799 782 904 845 saepe,
935 760 974 822 ibi
1002 761 1169 838 frequenter
1195 764 1276 820 est':
1305 757 1410 819 Cicero
1438 777 1496 838 pre

175 854 287 939 'Sexto
309 872 415 937 Roscio
438 875 472 933 ‘a
498 890 551 932 me
573 868 608 929 id
629 866 911 929 contenderunt
935 861 996 943 qui
1017 863 1114 942 apud
1136 880 1189 922 me
1211 870 1246 920 et
1268 856 1435 921 amicitia
1459 867 1521 919 ets

199 975 401 1042 beneficiis
422 981 458 1035 et
478 970 669 1051 dignitate
690 968 886 1064 plurimum
909 956 1096 1047 possuut'.

171 1104 178 1113 ¹
242 1079 423 1143 Parcissime.
468 1074 580 1137 Probus
602 1070 639 1132 de
666 1071 870 1150 inaequalitate
894 1065 1114 1130 consuetudinis
1141 1063 1253 1143 quaerit
1278 1082 1314 1124 an
1344 1063 1412 1141 quis
1436 1061 1496 1123 boc

199 1181 348 1257 extulerit,
371 1176 449 1260 quod
468 1185 498 1238 et
518 1146 615 1256 ipsuin
633 1171 720 1233 credo
739 1189 798 1233 nou
820 1169 992 1251 parcissime
1014 1169 1131 1230 lactum.

183 1306 187 1312 ·
284 1281 453 1345 Praellseiui
474 1278 598 1339 Titinius
620 1274 649 1335 iu
670 1274 779 1346 Setina,

367 1382 478 1446 Paula
500 1397 593 1454 mea,
618 1373 753 1437 amabo.
778 1374 840 1435 Pol
863 1383 899 1437 tu
920 1374 962 1437 ad
984 1373 1128 1435 laudem
1154 1370 1285 1432 add-ito

361 1478 609 1566 praefiscini,

202 1607 240 1650 ne
260 1586 355 1683 puella
377 1585 545 1647 lasciuetur

284 1677 461 1750 Praelisciue
482 1683 642 1747 blmuius'
635 1702 664 1744 ιιι
683 1678 883 1754 Consobrinis,

366 1788 442 1852 scis
464 1785 631 1849 lrahilum
653 1782 764 1845 itaut
791 1800 888 1843 nuuc
915 1779 1069 1842 obtinet
1115 1777 1366 1854 Praeliscine‚

203 1911 256 1973 per
278 1911 371 1953 euou
390 1910 444 1972 per
465 1893 483 1952 i.
571 1878 574 1882 ’
1513 1903 1538 1945 15

287 1995 401 2056 Placate
426 1993 544 2068 Cicero,
567 1998 599 2052 ut
617 1988 759 2050 Maximus
782 2004 898 2067 quoquc
919 1994 1016 2061 uetat,
1047 1983 1212 2065 ‘placate
1242 1993 1276 2044 et
1303 1982 1499 2044 moderate

204 2098 394 2159 ieramus'.

288 2200 411 2279 Peregre
432 2216 498 2259 cum
515 2195 575 2258 abit
589 2195 656 2275 quis
676 2193 800 2256 dicimus
817 2191 847 2252 iu
865 2191 978 2264 locum,
1000 2197 1032 2250 ut
1050 2190 1174 2250 Titinius
1196 2189 1226 2250 iu
1245 2189 1376 2251 Tibiciua

369 2309 407 2362 ut
428 2299 489 2361 bic
510 2299 662 2377 legatus
682 2294 781 2364 abiit
801 2312 963 2375 peregre
985 2290 1148 2372 publice;

205 2403 324 2464 Plautus
346 2421 463 2482 quoque
483 2404 513 2464 in
535 2398 730 2482 praedonibus
751 2397 796 2458 vel
818 2398 859 2458 in·
870 2397 963 2458 Caeco
992 2394 1047 2455 ‘iu
1069 2413 1227 2475 peregre
1250 2399 1337 2470 cst’,
1367 2394 1446 2456 idem
1469 2395 1542 2455 inan

204 2504 398 2566 Bacchidibus
427 2511 594 2566 ‘caenam
616 2532 635 2567 e
664 2518 822 2582 peregre
849 2497 1095 2560 advenienti'.
1140 2496 1255 2576 peregri
1284 2505 1398 2572 autern,
1429 2515 1499 2557 eum

205 2607 235 2667 iu
256 2608 321 2669 loco
344 2616 402 2667 est:
429 2604 548 2666 Plautus
568 2604 599 2665 in
619 2603 708 2664 Persa
736 2600 816 2679 ‘qui
847 2620 933 2663 erus
959 2596 1108 2682 peregri
1131 2603 1214 2672 est',
1242 2598 1368 2661 Naevius
1390 2599 1420 2659 iu
1443 2599 1501 2660 Ta·

205 2706 320 2771 rentilla

371 2806 526 2887 primum
548 2807 591 2867 ad
620 2807 796 2866 virtutem
825 2812 863 2865 ut
889 2806 1072 2879 redeatis,
1101 2804 1245 2865 abeatis
1266 2803 1309 2863 ab
1330 2804 1499 2883 ignaria,

372 2908 498 2969 domos
527 2916 657 2988 patres
685 2907 843 2988 patriam
873 2916 910 2968 ut
937 2907 1077 2968 celatis
1105 2906 1233 2987 potius
1261 2923 1368 2983 quam
1390 2923 1544 2988 pere-as

1032 3009 1088 3089 gri
1108 3008 1255 3089 probra.

208 3130 331 3193 peregre
351 3130 404 3192 pro
422 3112 538 3194 peregri
562 3111 686 3173 Naevius
707 3111 738 3172 in
759 3110 925 3186 Tarentilla,

262 3363 273 3413 1
288 3364 391 3414 uidebat
405 3379 439 3413 w:
454 3365 567 3427 sortasse
577 3364 679 3416 lubebat
742 3364 758 3416 3
773 3366 799 3414 in
810 3361 974 3430 Phormione]
988 3366 998 3414 l
1012 3367 1037 3425 4,
1053 3366 1083 3415 17
1142 3368 1158 3414 4
1172 3366 1207 3414 ibi
1219 3380 1296 3432 saepe
1309 3367 1345 3416 ibi
1355 3365 1501 3429 irequeuter

209 3441 278 3484 ester
297 3435 346 3483 ibis
364 3450 427 3501 sqpe
444 3435 481 3484 ibi
498 3435 655 3499 frequentem
677 3440 728 3484 rest
742 3434 769 3482 N
836 3449 882 3500 pro
899 3450 953 3486 sex.
972 3450 1024 3486 ros.
1041 3435 1073 3485 N.
1085 3435 1193 3498 Ciepro
1205 3435 1280 3490 Reae.
1295 3438 1378 3488 Amer.
1392 3437 1443 3500 1,4

209 3506 273 3568 Tq'r
293 3520 324 3552 an
343 3506 464 3567 quisbue
483 3506 601 3554 extulerit
619 3506 643 3555 N
671 3505 800 3569 quaeritur
822 3520 854 3554 au
878 3505 969 3568 quibus
993 3505 1110 3555 extulerit
1132 3522 1153 3554 ω
1222 3505 1238 3555 ll
1255 3509 1354 3556 sentina
1373 3506 1400 3556 N
1469 3507 1503 3556 lll

209 3573 305 3633 Paulla,
324 3576 423 3635 amabo,
442 3591 498 3624 mea
517 3578 621 3626 coniecit
633 3576 794 3626 lIcrmannua
809 3590 894 3638 opusc.
907 3576 929 3624 V
938 3590 965 3638 p.
977 3574 1038 3638 274,
1056 3584 1083 3625 ut
1100 3575 1249 3626 trochaicum
1266 3593 1363 3627 trermm
1379 3576 1500 3640 efficeret.

208 3647 325 3695 iambicos
347 3659 461 3695 numeros
482 3645 618 3710 descripsit
633 3645 749 3710 Scaliger
770 3648 860 3711 castig.
879 3645 916 3695 ad
931 3646 999 3695 Fert.
1026 3662 1049 3696 a.
1067 3661 1194 3711 prospera
1208 3661 1235 3709 p.
1251 3648 1299 3697 att
1324 3648 1365 3701 ed.
1386 3647 1500 3699 Lindem.

207 3730 332 3778 perronae
350 3717 470 3767 duanam
485 3714 615 3764 Turnebus
626 3716 727 3766 adrem.
743 3714 839 3765 xxvii
849 3715 883 3767 23
952 3715 1075 3781 pallulam
1094 3717 1195 3766 intudem
1212 3716 1299 3766 addito
1314 3716 1432 3781 Scaliger
1445 3719 1462 3768 t.
1477 3733 1500 3768 e.

279 3783 309 3834 11
327 3785 475 3850 pllsciiuiiue
491 3783 578 3849 puella
597 3783 623 3833 N
703 3786 734 3835 12
751 3800 782 3835 ue
799 3785 885 3852 puella
909 3784 1047 3835 laseinetur
1070 3802 1121 3835 eum
1144 3786 1230 3837 Titinii
1245 3801 1319 3835 verm
1336 3791 1504 3836 coniunxerat

213 3854 343 3904 Turnebus
348 3873 359 3914 ,·
379 3856 535 3920 grammatici
554 3858 783 3915 interpretationem
807 3872 863 3906 esee
882 3856 999 3906 uiderunt
1015 3854 1131 3922 Scaliger
1151 3859 1170 3907 1.
1189 3872 1212 3906 e.
1233 3856 1256 3905 1.
1277 3858 1420 3906 Gulielmius
1436 3859 1504 3906 neri-

210 3929 263 3976 eim.
286 3925 308 3973 ll
327 3923 359 3975 14
377 3926 465 3987 (Grai.
485 3925 559 3986 lamp.
579 3924 625 3986 lll)
640 3938 667 3986 p.
685 3923 745 3976 290.
777 3925 809 3977 G.
830 3925 852 3975 1.
877 3927 984 3976 Vestina
1002 3928 1098 3991 etymol.
1118 3943 1141 3976 a.
1158 3927 1283 3989 saccinum
1352 3926 1385 3978 13
1403 3926 1459 3976 airis
1476 3929 1502 3975 iu

211 3995 370 4044 couatrbriuis
387 3993 413 4042 N
496 3992 530 4044 14
550 3994 680 4059 pbciscine
699 3994 724 4042 N
812 3995 844 4046 16
866 3994 970 4062 Cicero]
986 3996 1023 4045 ad
1036 3997 1115 4060 sarnil.
1135 3996 1170 4045 Vl
1190 3996 1253 4055 1,4
1342 3997 1375 4047 18
1393 3998 1503 4061 Peregre

213 4090 245 4099 -
263 4064 295 4113 21
315 4063 459 4112 advenienti
475 4071 534 4125 poet
549 4063 581 4114 21
602 4064 703 4130 peregri
721 4091 754 4099 -
772 4063 807 4114 26
825 4067 918 4131 probra
939 4070 1069 4116 remorata
1091 4074 1115 4116 ei
1138 4068 1194 4115 noni
1212 4067 1276 4117 tituli
1291 4067 1382 4117 indicio
1401 4068 1433 4116 ab
1453 4068 1503 4117 illis

212 4134 336 4183 &muncia
355 4140 412 4182 sunt
435 4134 461 4181 in
483 4132 521 4182 N:
548 4140 640 4183 reenmr
667 4133 777 4184 ordinem
799 4143 918 4186 secuntur
943 4144 1067 4200 eacerpta
1091 4135 1247 4195 Beruensim
1276 4136 1374 4199 pluente
1396 4152 1504 4202 peregre

213 4204 328 4269 (perigre
345 4202 454 4267 cedices)
472 4204 576 4269 peregri
593 4204 703 4269 (perigri
716 4205 771 4253 ced.
782 4202 910 4259 Sanctum
922 4214 947 4256 et
959 4203 1045 4268 latu.)
1065 4221 1140 4270 porro
1218 4205 1250 4256 111
1262 4205 1322 4255 hinc
1336 4208 1442 4256 coniecit
1453 4207 1505 4256 Bn-

115 4336 119 4345 Ι
213 4272 278 4323 ibina
294 4281 361 4336 poet,
377 4288 444 4322 seen.
465 4272 526 4324 Lat.
546 4274 567 4322 V
585 4273 644 4337 2p.
663 4274 697 4323 70
779 4274 842 4325 abiit
858 4275 963 4328 Betbiue
978 4279 996 4325 l.
1016 4291 1039 4326 c.
1060 4276 1112 4325 abit
1128 4275 1154 4324 N
1220 4276 1255 4326 20
1274 4277 1299 4325 iu
1318 4283 1377 4327 unte
1396 4291 1505 4342 peregre.

212 4357 259 4393 om.
279 4343 425 4404 Putecbiue,
446 4343 496 4391 iarn
514 4358 621 4409 peregre
639 4352 678 4392 est
694 4345 797 4393 coniecit
815 4347 1009 4400 Lindemannue.
1034 4347 1148 4411 seriam
1167 4361 1273 4411 peregre
1291 4345 1333 4397 iit:
1356 4349 1407 4399 nisi
1420 4348 1507 4410 potine

213 4413 239 4461 iu
256 4412 295 4463 leia
312 4428 408 4478 qunque
422 4413 485 4462 erdo
502 4413 632 4463 verboram
647 4413 812 4475 perturbatus
829 4423 867 4465 est
953 4418 978 4466 iu
994 4413 1074 4467 baccll
1091 4414 1128 4465 N
1124 4430 1131 4444 ·
1154 4415 1240 4469 Plani.
1259 4415 1382 4466 Baceirid
1401 4417 1468 4473 112,
1488 4415 1506 4466 8

216 4480 281 4547 (tae
290 4482 326 4543 ll)
345 4496 432 4532 cenam
451 4482 572 4549 pollicere
590 4490 618 4532 nt
635 4484 751 4534 convenit
769 4485 877 4552 Peregre
895 4486 1040 4538 advenienti
1114 4486 1173 4534 22
1167 4500 1193 4534 m
1204 4483 1290 4553 Perse]
1302 4486 1348 4545 11,
1362 4485 1397 4537 30
1408 4485 1457 4552 (211
1468 4486 1504 4549 tt)

283 4586 341 4648 quis
359 4585 436 4635 herus
452 4600 475 4636 ιιι
502 4589 562 4650 qnia
580 4587 656 4637 herus
674 4585 805 4637 Fabricius
891 4591 994 4655 peregri
1013 4598 1061 4640 est.
1083 4587 1194 4638 Naeuius
1212 4602 1234 4636 ω
1261 4589 1363 4654 peregri
1379 4571 1427 4641 rede
1446 4606 1506 4641 nae-

216 4653 275 4704 uius
293 4656 319 4704 N
385 4657 419 4705 24
436 4656 546 4707 redeatis
564 4656 697 4706 Fabricius
714 4657 824 4706 reductis
844 4657 868 4705 N
884 4659 992 4709 redactis
1009 4676 1030 4709 ω
1111 4660 1145 4710 25
1162 4658 1237 4708 domo
1256 4674 1377 4723 praesens
1397 4664 1505 4727 patriam

214 4738 249 4773 tu:
278 4724 352 4774 dorato
377 4726 490 4788 defendit
510 4726 661 4777 Iiibbeelriru
683 4741 744 4780 eom.
770 4730 830 4777 bnt
856 4729 904 4780 rel.
926 4743 955 4791 p.
978 4730 1009 4780 lil
1026 4732 1090 4779 conl.
1114 4731 1194 4778 Vm
1214 4744 1237 4779 r
1256 4745 1279 4778 r.
1297 4730 1348 4785 lll.
1366 4734 1382 4782 2
1471 4732 1507 4781 uu

216 4793 308 4858 probra
326 4793 508 4861 liibbeelriuait
528 4810 550 4847 c.
570 4797 663 4862 probro
681 4795 706 4844 N
