3114 5356
537 336 670 401 lNSTlT.
690 339 801 403 suun.
824 340 895 404 LIB.
918 344 930 404 l
1082 346 1089 360 ⁹
1342 349 1382 412 85

130 452 281 509 pum.
1227 478 1248 518 p.
1264 467 1291 506 ‹ll
1305 464 1329 507 l..

74 524 216 605 quoniam
241 514 261 585 'a
294 525 413 587 Graecis
443 526 536 600 veuit;
566 526 635 587 ilem
659 545 748 606 agger
771 530 904 607 aggeris,
932 533 1070 610 quoniam
1093 535 1229 595 Latinum
1257 548 1380 602 estnec

77 626 249 689 lanninnm
270 627 387 707 patitur
433 628 616 709 excipiuntur
637 637 734 690 autern
763 631 835 693 haee
858 652 946 711 quae,
975 653 1041 695 cum
1064 636 1235 699 femininum
1258 660 1316 702 uon
1338 643 1381 702 la·
1412 656 1416 663 “

78 730 158 791 dant
179 748 288 811 pera,
311 729 402 791 nihilo
424 731 520 792 urinus
542 732 674 809 genetivo
698 743 804 795 exeunt
825 736 923 813 peri,
956 736 1033 798 velut
1053 738 1146 800 culter
1167 740 1270 815 cultri,
1300 744 1379 805 olea-

80 840 143 891 ster
160 830 290 905 oleastri,
313 831 388 893 liber
407 831 488 907 libri,
512 852 586 914 puer
605 822 706 915 pheri,
727 836 865 898 catlaster
885 838 1028 915 catlastri,
1052 860 1137 902 socer
1157 844 1265 920 soceri,
1288 865 1379 923 gener

55 933 195 1011 sgeneri,
223 931 298 994 lilrer
318 933 419 1009 liberi,
450 953 556 997 cancer
573 937 688 1011 emtori,
716 936 815 1000 au'ster
836 941 941 1015 austri,
970 959 1041 1022 aper
1064 943 1144 1023 apri,
1171 965 1260 1026 caper
1286 949 1377 1029 capri.

164 1034 287 1112 Gibber,
316 1048 346 1099 ut
374 1038 491 1100 Verrius
519 1040 573 1114 ait,
607 1041 703 1122 ipsum
731 1041 831 1103 vitium
859 1043 979 1117 dieitur,
1014 1052 1045 1104 ut
1074 1043 1172 1121 luber,
1202 1046 1377 1131 gibberosus

82 1138 192 1200 ludens
213 1137 380 1217 giliberem,
400 1150 433 1203 ut
455 1140 618 1205 tuberosus.
663 1151 692 1203 el
710 1162 780 1205 sane
804 1146 933 1207 Lucilius
954 1146 993 1206 ita
1015 1144 1152 1224 loquitur,

703 1245 860 1324 gibbere
882 1266 1019 1326 magno.

83 1344 132 1404 sed
155 1343 265 1406 Plinius
286 1343 392 1423 gibbus
413 1343 512 1406 vitium
534 1345 647 1427 ipsun,
672 1356 704 1409 ut
724 1348 823 1423 uleus,
845 1349 984 1411 maluisse
1007 1350 1249 1413 consuetudinem
1273 1354 1375 1439 trpdit;

52 1447 155 1525 uipuod
176 1446 247 1508 milri
271 1446 415 1527 displicet.

161 1551 220 1610 der
239 1549 357 1623 aether,
385 1549 464 1610 hune
486 1568 553 1610 aera
580 1559 609 1610 et
635 1552 753 1614 aethera
777 1552 939 1615 masculino
961 1573 1068 1634 genere
1091 1554 1223 1618 ‹lie—imus
1264 1557 1374 1619 Graeca

84 1652 154 1715 enim
176 1660 253 1715 sunt.
298 1651 351 1714 sed
375 1660 404 1713 et
422 1651 501 1713 hunc
523 1670 620 1713 aerem
641 1662 754 1716 veteres
776 1654 876 1716 Latina
903 1656 1096 1719 declinatione
1115 1658 1256 1720 eliserunt

162 1754 304 1827 Quotiens
332 1773 402 1815 sane
426 1774 460 1816 ex
490 1755 656 1816 nominibus
687 1775 719 1817 er
747 1757 908 1818 terminatis
935 1759 1106 1823 masculinis
1134 1769 1270 1822 neutrum
1300 1762 1329 1823 iu
1358 1784 1375 1825 e
1405 1831 1410 1840 ,

10 1894 12 1905 ·
84 1856 253 1919 nominativo
275 1857 460 1935 terminatur,
491 1866 559 1919 tuno
581 1859 731 1937 gonselinus
752 1866 810 1920 tam
831 1859 985 1922 masculini
1006 1874 1093 1940 §ram
1122 1863 1251 1924 seminini
1276 1884 1329 1944 per
1349 1866 1374 1925 is

10 2006 12 2013 .
57 1956 264 2035 stermirnatrtr,
283 1967 315 2021 ut
335 1960 383 2021 hie
405 1961 538 2024 silvester
556 1958 714 2035 silvestris,
734 1962 808 2022 haee
827 1960 968 2023 silvestris
984 1962 1139 2037 silvestris,
1163 1965 1219 2026 lieu
1242 1964 1373 2028 silvestre

84 2042 235 2137 meurs,
256 2062 305 2124 hie
327 2073 490 2145 campester
512 2062 591 2123 leaeo
613 2064 785 2144 campestris
807 2065 863 2126 lroo
885 2072 1058 2144 omnpestre.

157 2164 206 2227 dr.
251 2165 370 2228 nomina
400 2167 430 2227 in
456 2186 489 2228 ar
513 2165 665 2227 terminata
688 2168 848 2230 masculina
870 2175 982 2229 tantum
1004 2176 1033 2229 et
1055 2168 1197 2230 neutralia
1219 2169 1372 2230 inseniun·
1469 2235 1476 2244 ,

84 2275 138 2341 tur,
165 2266 203 2328 de
230 2268 337 2347 quibus
365 2269 532 2350 plenissime
560 2268 709 2332 delinitum
738 2278 783 2332 est
811 2268 865 2332 sul
893 2269 977 2331 titulo
1007 2270 1081 2331 tertii
1111 2270 1230 2331 ordinis.
1281 2288 1372 2349 qrrare

84 2388 145 2450 ergo
164 2371 248 2433 lucar
269 2371 393 2447 lucaris,
426 2372 552 2434 torcular
579 2370 752 2433 torcularis?
795 2373 862 2452 quia
882 2373 978 2434 onmia
1001 2392 1033 2436 ar
1057 2372 1130 2434 elata
1153 2373 1285 2452 genetivo
1306 2391 1371 2434 eor-

56 2473 184 2555 alipium
212 2494 229 2536 a
253 2473 393 2549 litteram,
418 2476 496 2537 velut
523 2476 630 2536 Caesar
655 2476 804 2551 Caesaris,
836 2476 1003 2556 pauperis,
1030 2476 1121 2537 sicet
1149 2476 1231 2537 lucar
1252 2473 1368 2535 lucaris.

84 2596 145 2659 ergo
173 2579 223 2658 qui
250 2587 424 2660 putaverunt
452 2578 506 2640 diei
535 2588 670 2659 oportere
703 2578 759 2640 lroe
783 2578 942 2639 torculare·
957 2586 986 2638 et
1014 2579 1070 2640 hoc
1099 2575 1262 2658 pulvinare,
1291 2584 1371 2639 reete

84 2690 265 2761 putaverunt,
287 2679 395 2741 ideireo
417 2681 495 2759 quod
515 2682 647 2760 genetivo
670 2681 835 2761 producunt
863 2700 879 2741 a
900 2679 1034 2742 litteram.
1051 2676 1064 2763 d

159 2781 210 2844 Or.
257 2783 354 2843 omnia
373 2782 490 2844 nomina
509 2802 583 2862 (puae
604 2803 637 2844 or
659 2782 766 2863 syllaba
785 2783 979 2844 terminantur
994 2784 1165 2863 genetivum
1187 2780 1297 2841 iaciunt
1317 2799 1369 2861 per

82 2884 111 2945 is.
153 2892 181 2945 et
202 2883 227 2945 si
251 2884 369 2962 qrtidem
391 2884 561 2947 rnascttlinu
584 2906 635 2948 seu
659 2886 794 2948 feminina
810 2884 919 2946 latinu
937 2885 1071 2965 sueriut,
1095 2884 1228 2963 genetivo
1245 2880 1369 2943 eircum-

56 2987 223 3049 zdueuntur
244 2995 273 3047 et
297 3006 385 3068 pero
413 2986 537 3057 litteram
560 2989 731 3069 productam
752 2989 955 3068 proferuntur,
981 2988 1059 3048 velut
1077 2994 1195 3068 praetor
1216 2984 1369 3066 praetoris,

82 3089 169 3152 lonor
193 3089 328 3163 honoris,
357 3089 495 3170 splendor
517 3091 680 3172 splendoris
709 3099 738 3152 et
760 3100 871 3165 cetera,
901 3091 1029 3172 exceptis
1050 3089 1098 3151 lu's
1124 3108 1198 3170 quae
1221 3106 1279 3148 non
1302 3105 1370 3166 pro·

81 3192 221 3255 ducuntur
243 3192 296 3254 sed
320 3191 532 3272 corripiuntur,
559 3193 636 3254 velut
663 3212 776 3255 uremor
799 3193 954 3265 memoris,
980 3192 1067 3253 arbor
1092 3191 1222 3266 arboris,
1250 3188 1370 3250 indecor

80 3449 196 3499 ²1-27
214 3446 241 3495 N
920 3455 1014 3506 lucaris
1041 3470 1101 3521 ergo
1125 3413 1140 3518 d
1171 3463 1264 3523 potone

142 3560 198 3602 runt
238 3549 289 3600 diei
331 3556 448 3614 oportere
488 3545 514 3594 lr.
555 3545 679 3596 torculare
725 3554 749 3595 et
797 3544 822 3594 h.
872 3543 978 3609 puluino

125 3642 198 3689 'runt
222 3637 316 3688 ideireo
340 3649 363 3700 tp
386 3636 504 3702 genetiuis
528 3633 641 3698 pducnut
663 3636 679 3683 5
702 3633 785 3682 littera
809 3628 833 3697 ll
854 3646 900 3681 seu
925 3627 987 3678 iemi
1014 3627 1062 3677 lat'

961 3717 982 3752 u

174 3776 301 3828 Oromnia
316 3776 365 3826 omi
376 3776 395 3840 ei
404 3789 432 3824 or
444 3772 508 3839 splla'i
525 3756 640 3822 {mittans
657 3774 720 3840 gend
741 3771 836 3821 iaciunt
859 3784 906 3836 per
929 3768 951 3816 is
976 3765 1101 3829 siquidem
1128 3779 1182 3814 mus

76 3866 107 3915 25
140 3866 259 3931 genetiuo
301 3862 523 3914 circumducuntur
559 3870 583 3909 et
618 3876 664 3926 per
696 3877 710 3910 o
749 3859 832 3909 littera
868 3855 991 3921 preducta
1028 3852 1159 3918 proterunt

140 3955 196 4018 pter
227 3952 306 4017 pteris
340 3949 421 3999 honor
453 3949 504 3999 oris
535 3949 656 4013 splendor
686 3947 755 3997 doris
790 3951 814 3993 et
855 3952 939 3994 cetere
978 3941 1092 4005 exceptis
1124 3942 1143 4003 q'

140 4034 244 4090 ducnnl‘
274 4038 321 4089 sed
348 4032 498 4100 corripiunt
529 4036 563 4085 n‘u
600 4049 695 4085 memor
724 4032 843 4082 memoris
879 4030 954 4100 orbor
990 4027 1087 4078 arboris
1123 4026 1182 4076 inde
1209 4096 1216 4110 ·

138 4214 240 4266 Pauor
257 4226 345 4264 muts
361 4212 488 4274 pleniores
506 4227 578 4277 quaro
596 4224 659 4258 ureae
675 4216 733 4258 sunt
748 4208 806 4273 legit
825 4206 928 4255 Pierius
1002 4203 1033 4252 21
1055 4201 1186 4267 puluinare
1205 4205 1271 4250 recto
1291 4205 1364 4261 puta-

72 4294 157 4336 uerunt
175 4299 197 4334 ω
274 4282 309 4334 25
328 4280 498 4347 proteruntur.
519 4292 545 4330 ut
564 4290 664 4346 praetor
680 4295 701 4327 ω
781 4276 815 4328 26
830 4291 895 4338 quoe
913 4288 963 4323 non
981 4272 1155 4338 producuntur
1172 4285 1193 4319 ω
1274 4268 1308 4316 21
1327 4268 1364 4315 ἰιι·

71 4358 144 4407 detor
158 4354 292 4406 indecoris
308 4368 329 4402 ω

132 4565 219 4614 2non
239 4560 337 4611 luriunt
358 4560 384 4609 N
464 4555 629 4610 allucinari
649 4570 670 4603 ω
689 4554 767 4605 luber.
786 4555 824 4604 bri
844 4553 876 4602 N.
893 4552 1007 4615 sortasse
1028 4546 1098 4597 inber
1115 4543 1180 4594 labri
1265 4543 1282 4594 t}
1301 4543 1364 4591 Ver-

67 4634 116 4685 rius
129 4632 269 4685 Mearm
286 4639 313 4682 el
333 4630 358 4680 I.
374 4630 461 4679 Densa
478 4629 558 4678 Lucil.
577 4634 626 4675 sat.
645 4626 691 4675 rel.
708 4629 755 4676 iac.
777 4624 827 4675 teu
844 4639 872 4686 p.
891 4621 923 4672 to
940 4620 1003 4685 uerg
1022 4617 1047 4667 N
1132 4614 1149 4664 u
1165 4613 1256 4679 gibbus
1275 4613 1366 4662 Fabri-

65 4706 221 4773 ciugibber
238 4701 266 4751 N
358 4701 387 4750 11
408 4697 583 4764 derJ-Gliuvis.
601 4712 629 4759 p.
646 4696 679 4747 91
772 4696 803 4745 12
823 4695 867 4743 sed
888 4700 912 4742 et
928 4690 995 4740 huno
1013 4701 1099 4737 uerum
1115 4683 1248 4734 Paucum
1335 4683 1365 4733 15

64 4808 222 4863 intimaris
239 4770 258 4821 '¹
274 4804 406 4855 uramus
423 4803 448 4851 u
516 4802 547 4853 ro
567 4802 628 4850 mea
646 4817 690 4851 om.
709 4799 735 4848 u
806 4800 835 4850 rs
854 4799 901 4846 suo
921 4792 994 4844 trouu
1013 4793 1079 4842 tenu
1097 4788 1206 4856 oratos]
1219 4806 1247 4855 ρ.
1266 4791 1296 4843 14

63 4881 92 4935 21
106 4882 140 4934 Or
160 4906 192 4919 -
214 4876 262 4941 86,
283 4876 302 4927 6
319 4873 406 4923 aderis
422 4872 519 4923 Clario.
534 4870 613 4935 1).ἳῦ
682 4870 717 4922 211
733 4870 774 4922 his
792 4868 883 4919 addidi
893 4882 928 4917 ex
939 4863 1053 4915 oderisio
1066 4862 1083 4910 l.
1101 4875 1124 4911 c.
