3114 5356
558 270 691 359 usur.
715 296 825 359 cusu
848 296 920 359 nu.
943 277 973 361 ri
1349 300 1409 362 rso

161 426 187 468 ρ.
205 412 242 455 us
256 413 280 456 r.
1189 428 1213 469 p.
1229 415 1275 458 ua.
1294 416 1318 457 rs
1332 414 1356 457 ι.

199 483 360 546 Emendate
382 484 484 547 Cicero
506 485 543 546 de
563 484 673 564 optimo
693 503 801 563 genere
821 493 984 560 oratomm,
1014 489 1112 547 ‘nam
1133 485 1306 565 quoniam
1333 487 1410 549 elo-

103 587 266 667 quentia
288 594 440 648 constat
467 604 507 646 ex
535 586 658 647 verbis
684 594 720 647 et
748 606 787 648 es
808 587 1029 663 sententiis,
1055 586 1330 669 perlicinndum
1353 599 1410 652 cst

104 697 150 750 nt
176 694 330 769 puroet
359 686 552 748 emendate
574 686 797 764 loquentes,
828 688 925 768 quod
957 697 1015 751 cst
1036 689 1184 764 Latine,
1209 674 1425 753 verborum

105 800 315 873 praeterea
346 796 383 851 et
409 790 646 869 propriorum
685 796 720 850 et
757 789 979 852 tralatorum
1017 791 1244 871 elegantiam
1276 812 1410 874 perso·

72 889 319 974 squamur'.l

198 994 281 1055 Elate
300 993 402 1055 Cicero
425 993 461 1053 de
477 992 587 1072 optimo
606 1003 713 1071 genere
729 999 895 1070 oratomm,
918 995 989 1057 ‘ita
1010 996 1056 1057 lit
1077 1004 1113 1058 ut
1135 991 1408 1061 Demosthenes

106 1104 217 1159 certe
245 1097 372 1176 possit
398 1095 596 1157 summisse
628 1094 756 1156 dicere
790 1101 827 1154 et
854 1094 951 1157 elate
981 1098 1115 1161 Lusias
1144 1099 1310 1160 lortassc
1336 1117 1407 1159 non

105 1198 261 1278 possit’,
291 1198 368 1259 idem
394 1198 424 1259 in
453 1197 543 1258 Bruto
570 1195 685 1257 ‘nihil
713 1204 882 1257 ornatum
909 1198 965 1259 vel
993 1199 1191 1263 verborum
1222 1200 1408 1279 gravitate

105 1297 166 1359 cel
197 1297 489 1374 sententiarum,
520 1316 588 1378 quo
624 1298 821 1378 quicquam
849 1308 954 1362 esset
987 1284 1159 1378 clatiu's’,
1189 1310 1221 1364 ut
1248 1303 1336 1364 etiam
1362 1301 1405 1365 Fl.

61 1421 90 1462 ro
105 1402 206 1482 Caper
223 1402 321 1462 retert-

195 1502 316 1576 l'erme,
337 1510 370 1564 ut
390 1502 468 1583 apud
488 1502 657 1565 Terentium
677 1503 785 1565 lectum
808 1504 906 1564 lerunt

275 1606 393 1666 lorme
413 1604 449 1665 in
470 1603 601 1667 d'rehus
623 1605 773 1686 paucis,
802 1605 939 1684 quihus
957 1607 1049 1668 hnec
1069 1613 1153 1667 acta
1177 1614 1278 1681 sunt,

276 1707 437 1769 Chrusis
459 1707 583 1769 vicina
605 1709 695 1770 haec
716 1707 894 1769 moritur..

104 1810 210 1889 atqui
231 1809 359 1871 detracta
379 1829 409 1870 m
431 1809 526 1871 littera
547 1810 681 1889 legerunt
709 1810 785 1883 lere,
809 1809 972 1889 producere
1000 1810 1104 1872 solent
1149 1830 1224 1889 qnae
1252 1812 1405 1875 diversitas

66 1930 91 1974 u
106 1914 154 1974 six
172 1912 313 1992 distingui
334 1919 441 1992 potest.
486 1911 578 1990 siquis
606 1919 703 1973 tamen
730 1909 808 1971 illam
832 1929 891 1972 non
918 1911 1050 1974 mutilem
1079 1913 1153 1974 tueri
1177 1913 1245 1974 velit
1264 1912 1404 1991 regulam,

106 2014 194 2077 facile
214 2013 352 2075 desendet
372 2012 575 2074 adverbiomm
596 2013 737 2091 quaedam
759 2032 829 2075 snae
856 2013 1009 2093 positionis
1037 2032 1119 2089 esse,
1149 2022 1181 2075 ut
1208 2016 1272 2077 heri
1298 2036 1402 2098 nuper,

105 2117 163 2178 alia
185 2136 220 2178 ex
242 2116 323 2189 aliis,
345 2122 376 2176 ut
396 2115 498 2177 doctus
517 2115 617 2189 docte,
638 2115 734 2176 honus
755 2115 840 2176 hene.

194 2217 288 2278 Furax
311 2217 449 2279 inraciter
471 2219 567 2279 lacere
588 2216 690 2290 dehet,
716 2218 763 2277 lur
791 2217 905 2291 lnrtim,
932 2216 1054 2279 furtivus
1083 2218 1202 2293 lurtive,
1231 2221 1331 2282 iurans
1358 2222 1403 2283 lu·

105 2329 224 2396 rantes,
252 2318 345 2381 lacilis
372 2319 471 2396 lacile;
506 2320 558 2381 sed
586 2327 688 2381 contra
715 2316 818 2380 similis
840 2318 987 2392 similiter,
1016 2319 1118 2382 docilis
1143 2320 1291 2396 dociliter,
1318 2322 1402 2402 agilis

64 2439 93 2481 as
106 2408 239 2503 hgditer,
260 2420 343 2482 fortis
367 2421 488 2495 sortiter.

193 2521 280 2584 Falso
302 2521 427 2584 Naevius
448 2523 478 2583 iu
495 2522 735 2598 licontizomeuo,
1229 2596 1233 2603 Ι

276 2624 386 2686 huius
409 2632 529 2686 autem
556 2631 691 2702 gnatus
712 2624 856 2686 dicitur
876 2624 1058 2701 geminum
1079 2623 1237 2685 alterurn

271 2725 369 2788 salso
389 2724 589 2786 occidisse.

103 2831 132 2893 si
147 2829 324 2892 subanditur
336 2826 459 2901 indicio,
480 2845 588 2889 nomen
604 2836 658 2890 est
695 2825 852 2889 Sallustius
867 2833 964 2891 tamen
980 2826 1182 2890 adverbialiter
1198 2828 1270 2889 dixit
1286 2830 1319 2889 'l
1323 2828 1401 2891 also

61 2932 282 3012 asqueritur
302 2929 345 2990 dc
370 2938 500 2991 natura
522 2949 587 2992 sua
613 2948 730 3008 genus
759 2930 983 2992 humanum'.
1028 2931 1080 2992 sed
1103 2930 1251 2993 eiCicero
1272 2932 1307 2992 ad
1329 2931 1402 2993 dtti·

103 3055 174 3096 cnm
197 3028 444 3094 ‘tu'convivis
466 3031 539 3093 tuis
562 3051 698 3093 arcano
717 3031 843 3109 legis'.
877 3031 1012 3093 olittera
1034 3051 1101 3093 cnm
1123 3040 1169 3094 est
1192 3033 1222 3093 in
1245 3033 1401 3095 novissima

102 3144 189 3216 parte
210 3135 307 3209 vocis,
326 3142 358 3196 nt
379 3154 467 3214 supra
490 3132 631 3207 diximus,
653 3132 740 3194 modo
764 3132 867 3206 vincit,
890 3133 978 3193 modo
997 3134 1136 3207 u'ncitur,
1156 3134 1244 3196 modo
1266 3133 1400 3210 alternat,

101 3238 193 3299 modo
217 3255 271 3317 par
295 3242 348 3297 est.
393 3232 430 3294 ll.
455 3236 526 3296 Cato
554 3234 666 3295 dierum
695 3233 837 3295 dictarum
864 3234 901 3294 dc
926 3233 1080 3295 consulatu
1109 3254 1163 3296 sno
1194 3235 1246 3295 ‘ci
1273 3236 1326 3298 rei
1357 3237 1399 3298 da

101 3356 253 3420 operam
275 3346 313 3399 ut
333 3337 422 3398 mihi
448 3336 544 3397 lalso
571 3334 844 3397 maledicatur’.
890 3335 963 3396 lalsc
983 3336 1109 3398 Sisenna
1131 3336 1206 3399 libro
1229 3364 1249 3401 s
1273 3342 1319 3417 ‘tp
1342 3339 1400 3425 5¹¹?

60 3441 243 3508 aedicium
265 3440 362 3502 lalse
384 3441 550 3500 lactum’.

188 3543 282 3606 Fahre
303 3543 423 3604 Plautus
444 3542 474 3602 iu
493 3542 587 3603 Caeco
610 3539 654 3600 vel
676 3539 705 3601 in
730 3539 958 3621 praedonibus,¹

269 3643 362 3706 nihil
385 3643 584 3723 quicquam
606 3643 743 3705 iactum
764 3641 842 3704 nisi
864 3641 985 3718 lahro,
1013 3662 1080 3705 nec
1107 3644 1306 3725 quicquam
1334 3665 1399 3725 po·

934 3744 1045 3807 situm
1066 3745 1148 3807 sino
1169 3745 1270 3807 loco:

267 3864 358 3932 auro
396 3843 506 3906 ehore
546 3853 700 3925 argento
739 3862 903 3925 purpura
939 3845 1108 3925 picturis
1146 3846 1288 3928 spoliis
1322 3855 1397 3908 tum
1465 3902 1469 3909 .

103 4004 135 4053 lt
173 4000 312 4056 ,vrum
350 3999 471 4065 prm„
517 4003 519 4007 ν
939 3955 1090 4031 statuis.

172 4135 263 4189 illic.
283 4130 560 4202 deopt.gen.omt.]
584 4136 650 4196 m
735 4131 829 4186 licio.
851 4133 883 4184 de
898 4140 951 4199 opt.
970 4148 1029 4200 gen.
1048 4132 1129 4200 orat]
1155 4136 1187 4195 4,
1213 4133 1245 4184 10
1331 4131 1399 4182 8in

1172 4214 1183 4241 e

104 4253 193 4322 Bruto]
215 4253 241 4317 8,
262 4253 295 4307 35
366 4252 428 4304 nihil
446 4261 544 4304 orntum
562 4254 586 4303 N
601 4254 663 4304 nihil
683 4263 733 4304 tam
751 4262 867 4304 ornatum
885 4254 1017 4306 Fabricius
1090 4258 1107 4310 9
1126 4257 1248 4320 quiquam
1265 4253 1291 4302 N
1367 4251 1397 4302 ll

103 4326 173 4392 apud
189 4319 351 4388 Terentium]
371 4323 455 4375 Andr.
476 4326 485 4374 l
504 4324 530 4388 l,
550 4325 583 4374 77
672 4324 703 4375 15
726 4340 776 4375 non
793 4325 909 4375 inutilem
925 4325 1058 4377 Fabricius
1082 4341 1132 4376 non
1150 4326 1237 4376 utilem
1254 4323 1280 4373 N
1366 4321 1398 4372 17

104 4397 173 4461 Alias
187 4410 221 4445 ex
233 4395 293 4452 aliis
303 4393 330 4442 N
396 4394 478 4445 bouus
496 4395 561 4444 honc
576 4395 602 4444 N
671 4393 703 4446 18
721 4393 831 4446 lurtiuus
846 4395 980 4446 Fabricius
996 4396 1094 4448 luminu
1111 4397 1137 4447 N
1203 4394 1239 4445 22
1256 4394 1364 4444 alterum
1376 4408 1398 4441 ω

104 4467 193 4534 allium
209 4480 245 4548 (h.
263 4498 287 4535 s.
306 4479 438 4543 ultorium)
456 4480 482 4529 N
561 4482 595 4530 24
609 4477 763 4545 Sallustius]
790 4480 847 4548 Ing.
870 4481 882 4531 l
963 4481 998 4533 25
1015 4483 1050 4533 sd
1064 4479 1187 4546 Atticum]
1206 4481 1266 4532 XVI
1282 4479 1310 4543 3,
1329 4479 1341 4529 l
1361 4478 1396 4543 cs.

104 4552 201 4604 aaut.
216 4567 246 4617 p.
268 4550 318 4602 173
404 4551 438 4600 27
455 4548 586 4617 supmlp.
607 4552 656 4601 174
726 4549 775 4602 '28
791 4552 851 4618 durh
871 4552 897 4601 N
913 4551 947 4602 dn
965 4552 1063 4603 wdsnt
1079 4551 1225 4603 Putsediass
1242 4552 1275 4603 do
1294 4564 1399 4617 opernm

103 4624 142 4673 nel
158 4622 243 4674 danda
267 4635 346 4686 opera
368 4622 471 4671 cousus
495 4619 619 4687 Mepsrus
645 4629 713 4674 orat.
740 4622 810 4672 Rom.
833 4624 929 4687 fragm.
955 4639 983 4688 p.
1002 4622 1036 4676 36
1059 4623 1098 4673 ed.
1124 4638 1177 4676 sse.
1202 4622 1318 4686 [ortam
1335 4620 1398 4671 dan-

106 4691 164 4741 dnm
181 4706 287 4760 operam
361 4690 396 4742 29
414 4691 457 4740 lib.
473 4707 499 4754 q.
518 4691 554 4757 (lt.
574 4707 597 4743 e.
616 4690 680 4755 que)
697 4691 730 4755 N,
748 4699 777 4741 ut
797 4699 822 4743 st
837 4708 952 4745 umerus
971 4701 996 4744 ee
1009 4695 1092 4757 primo
1104 4693 1291 4743 uerto'tacsno
1306 4689 1399 4741 suasu

105 4776 160 4811 me
174 4763 316 4813 daem.
345 4758 409 4809 libro
424 4770 512 4823 quarto
530 4780 552 4811 ω
635 4758 669 4813 33
691 4762 746 4812 sine
771 4760 827 4812 luco
842 4762 868 4813 N
892 4766 948 4814 sine
966 4764 1029 4815 luxu
1047 4762 1152 4815 Bottiaei
1165 4769 1232 4833 poet.
1247 4777 1315 4818 scen.
1334 4761 1397 4817 sae.

106 4831 125 4879 ll
137 4846 164 4894 p.
181 4831 242 4892 ctu,
260 4833 304 4897 qui
319 4836 477 4882 tetrametros
493 4831 632 4887 anmatos«
650 4832 787 4898 descripsit
