3114 5356
615 303 747 366 lNSl'll'.
771 302 881 365 Gllllll.
903 303 975 365 nin.
997 304 1010 365 Ι
1220 300 1224 307 ’
1398 305 1457 367 119

232 418 365 464 ,ιωη
1323 419 1406 464 ,ωμ

212 434 230 474 p
248 490 344 552 Arbor
366 498 399 550 ut
416 509 531 553 mernor
551 491 684 571 genetivo
707 489 845 569 singulari
859 490 1052 554 declinabitur
1071 499 1101 552 et
1121 502 1154 552 ut
1176 434 1320 554 neuuuig
1334 512 1457 557 numero

157 602 317 675 quattuor,
339 611 450 672 aequor
467 592 566 654 robor
586 595 658 656 udor
679 610 821 665 marmor,
845 612 900 654 nec
922 600 954 654 ut
976 613 1061 655 soror
1082 614 1179 674 sopor.

249 693 363 757 Animal
384 695 507 756 animale
528 696 629 769 saciet,
656 703 688 756 ut
706 694 853 755 eutumnel
877 695 1057 771 autumnale,
1076 697 1181 778 capital
1203 696 1342 776 capitulo,
1365 697 1457 761 uibu-

160 799 212 861 nal
238 796 400 860 tribunale:
431 816 505 875 quae
531 797 660 877 patiendi
690 816 748 859 non
771 805 854 871 sunt,
875 804 1012 878 utsupra
1034 797 1166 859 diximus.
1211 798 1322 861 Plinius
1345 800 1456 862 Secun-

133 903 221 964 sdus
238 900 356 973 ammei,
380 918 439 961 non
459 900 584 961 eniniele
605 901 645 961 uit
663 900 719 960 uici
742 898 856 960 debere.
889 899 922 960 G.
945 899 1066 974 Caesar,
1085 900 1168 978 quasi
1186 899 1376 962 indiscretum
1396 903 1454 965 lrcc

162 1004 222 1077 sit,
243 1002 311 1065 aitl
334 1001 429 1064 littere
445 1002 622 1064 nominativo
644 1001 782 1080 singulari
801 1010 903 1064 neutra
922 1001 1001 1062 insitu
1023 1002 1140 1062 nomine
1167 1002 1288 1063 eandem
1312 1003 1455 1065 delinitio·

162 1125 233 1167 neru
253 1124 360 1186 cepere
384 1123 471 1183 quarn
493 1106 611 1186 capiunt
633 1125 648 1166 e
669 1104 763 1165 littere
786 1104 956 1177 terminate,
978 1102 1046 1165 huic
1068 1102 1183 1165 animali
1209 1112 1239 1166 et
1258 1104 1295 1166 ab
1316 1106 1375 1167 hoc
1393 1106 1456 1166 eni-

162 1209 249 1284 mali‚
268 1208 337 1269 huic
358 1207 467 1288 puteali
489 1219 519 1269 et
539 1208 575 1269 ub
598 1208 654 1269 hoc
677 1206 793 1288 puteali.

249 1309 359 1372 Ambos
381 1309 534 1370 Terentius
557 1308 586 1369 in
609 1309 765 1390 Adelphis,

124 1434 151 1476 u
494 1408 1258 1492 usqueepueriscureriambussedu103
1366 1467 1369 1472 Α

161 1516 322 1579 Sallustius
350 1530 467 1593 quoque
491 1512 678 1573 ilistoriarum
708 1512 782 1574 libro
809 1514 863 1576 llll
894 1512 1009 1573 ‘inter
1032 1529 1085 1571 inc
1118 1520 1230 1590 utque
1258 1513 1454 1576 Lucullum

160 1635 281 1698 prope
309 1615 438 1696 inopie
463 1632 592 1676 rursus
620 1613 746 1676 ambos
774 1614 961 1676 incessit’.
1011 1612 1098 1691 idque
1119 1614 1260 1676 Helonius
1286 1617 1382 1677 Acron
1410 1616 1453 1678 sic

162 1726 300 1800 oportere
327 1716 384 1777 dici
413 1716 443 1776 iu
473 1717 574 1777 cedern
594 1717 721 1778 Terentii
744 1716 840 1778 luhule
862 1716 1016 1794 ‹lisputuu't
1037 1715 1225 1796 Verriumque
1251 1717 1321 1779 dicit
1345 1736 1453 1793 errare,

161 1823 212 1901 qui
235 1828 317 1901 putet
339 1820 394 1881 hos
417 1817 502 1880 nubo
524 1818 580 1880 dici
602 1819 717 1881 dobere.
760 1819 958 1881 indifferenter
980 1825 1076 1879 autem
1099 1817 1213 1880 locutos
1229 1827 1359 1893 veteres,
1382 1820 1453 1880 ube·

128 1939 153 1980 u
166 1924 243 1985 rioru
265 1922 414 1984 dabuntur
434 1921 580 2001 exemplu:
607 1921 742 1983 Afranius
763 1921 792 1982 in
815 1919 951 1981 Penteleo

330 2022 569 2085 contemnes?
590 2024 684 2103 iuquit
701 2023 800 2084 liber
817 2028 929 2082 uetus
945 2028 1017 2096 est3
1040 2021 1089 2083 ite
1105 2028 1224 2083 meter
1243 2020 1325 2084 cius
1340 2022 1450 2095 (lixit,

328 2126 364 2186 iu
385 2126 507 2188 Gallie
529 2126 657 2189 umbos
680 2144 757 2187 curu
779 2141 954 2197 emerem,
1287 2122 1292 2137 '

165 2230 234 2290 item
256 2228 333 2290 idern
350 2228 386 2288 iu
408 2229 508 2290 eadem

329 2330 393 2392 sel
415 2350 525 2394 eccos
546 2331 679 2392 umbos.

133 2434 214 2512 oqui
234 2441 334 2493 autem
359 2450 425 2494 cum
447 2434 569 2497 Helenio
597 2435 703 2495 iaciunt
724 2430 799 2490 hene
818 2430 944 2491 alienent
964 2447 1098 2504 cauum,
1126 2429 1192 2508 quie
1214 2432 1310 2492 omnis
1330 2450 1451 2495 accuse·

167 2534 239 2595 tinus
259 2533 372 2595 numeri
394 2535 514 2614 pliirelis
535 2534 661 2614 exceptis
683 2529 862 2593 neutralibus
882 2539 911 2593 et
932 2531 1111 2611 monoptotis
1132 2551 1147 2592 s
1168 2528 1281 2614 lillttere
1303 2534 1378 2595 liniri
1400 2535 1450 2595 ‹le-

165 2635 221 2696 bet.
263 2641 431 2715 praeterea
458 2638 592 2715 quoniam
615 2642 643 2696 et
665 2634 718 2694 lies
741 2633 843 2695 ambos
865 2643 897 2696 ut
917 2635 1019 2695 (locius
1043 2634 1151 2714 pictos,
1179 2634 1234 2696 hos
1256 2635 1326 2697 item
1347 2634 1449 2698 ambos

167 2747 196 2799 ut
216 2740 320 2801 doctos
341 2740 435 2819 pictos
458 2758 512 2818 par
532 2739 585 2799 crit
606 2737 711 2798 elicere.
755 2736 842 2797 ambo
864 2737 999 2798 Afranius
1020 2736 1049 2798 in
1067 2737 1222 2812 Penteleo‚

327 2859 482 2903 revocas
501 2859 566 2900 nos
585 2838 688 2900 curbo
710 2838 753 2899 ed
775 2839 1001 2919 periculum,

134 2944 316 3010 olereutius
334 2945 364 3005 in
385 2943 490 3004 Andria

411 3045 506 3115 hem,
529 3040 706 3103 Charine:
727 3043 828 3105 umbo
847 3053 1049 3126 oportune:
1079 3064 1142 3106 eos
1164 3046 1261 3119 volo,

166 3145 241 3208 llero
263 3146 420 3226 georgicon
441 3145 492 3205 llll

326 3267 446 3310 rerum
464 3244 526 3307 uei
549 3245 726 3309 ductores
749 3248 829 3310 acie
856 3251 1100 3312 revocaveris
1122 3250 1242 3324 ambo,

166 3349 239 3410 idern
262 3350 292 3411 in
315 3328 466 3410 bucolicis-⁸

165 3538 195 3588 29
232 3540 258 3589 ll'
274 3546 292 3588 ΙΙ
309 3543 357 3593 m
391 3535 458 3585 idem

231 3713 244 3763 1
264 3707 357 3773 Arbor]
377 3709 447 3759 Adur
465 3708 503 3756 Νι
520 3707 554 3770 cf.
574 3707 671 3757 Cleonis.
687 3724 714 3770 p.
734 3709 776 3761 91.
804 3717 905 3773 poterat
921 3713 994 3761 etium
1013 3712 1089 3762 lictor
1103 3711 1194 3771 scribi,
1216 3712 1286 3760 cuiue
1303 3710 1447 3761 declinatio

164 3798 214 3831 nem
231 3798 265 3830 eu
288 3780 368 3844 Vere.
388 3779 452 3829 Aen.
472 3776 569 3827 111194
587 3779 714 3829 ιιιΙηοιαυὶι
731 3780 880 3830 Priscianus
895 3797 923 3845 p.
944 3781 995 3831 199
1063 3784 1079 3833 2
1097 3796 1192 3845 sequor
1209 3780 1364 3832 roborarier
1382 3796 1448 3829 uiur-

164 3867 215 3901 nur
232 3851 364 3901 Fabricius
380 3850 443 3898 coni.
462 3848 559 3898 elane.
574 3863 602 3911 p.
622 3848 655 3899 co
672 3864 766 3912 ecquor
784 3850 860 3900 erbor
877 3867 988 3902 murmur
1005 3852 1030 3901 Ν
1106 3852 1121 3901 1
1138 3853 1240 3918 cepioni
1258 3865 1280 3900 ω
1363 3850 1381 3900 8
1400 3865 1446 3915 pu-

164 3931 219 4022 terili
237 3979 261 4019 et
281 3970 312 4018 eb
327 3968 375 4019 hoc
393 3927 490 4034 pulegii
508 3967 534 4016 N
616 3968 754 4037 ulmeos]
772 3969 870 4024 elane.
887 3988 914 4035 ρ.
933 3973 968 4025 49
1054 3969 1197 4036 Terentius]
1216 3969 1325 4033 Adelph.
1345 3969 1368 4018 V
1385 3968 1445 4026 us

228 4040 258 4091 ll
281 4038 433 4105 Sallustius]
459 4043 484 4091 in
501 4041 608 4102 epistula
626 4039 782 4092 ellitluidetie
796 4043 833 4092 od
847 4042 999 4150 Arsacends
1019 4043 1050 4095 15
1073 4044 1151 4094 variis
1168 4045 1232 4093 inter
1248 4055 1288 4090 me
1304 4046 1378 4103 etque
1396 4037 1445 4087 Lu-

162 4162 254 4211 cullum
273 4160 378 4225 proeliis
397 4161 485 4224 inopie
498 4174 585 4210 rursus
603 4160 691 4212 ambos
711 4162 814 4213 incessit
901 4164 933 4215 12
951 4165 1023 4227 Itque
1041 4161 1067 4212 Ν
1151 4163 1184 4213 14
1202 4160 1340 4212 hosambo
1358 4174 1380 4208 ω
1397 4157 1445 4209 lios

159 4233 245 4281 umbos
263 4230 290 4279 N
374 4231 406 4283 15
424 4228 543 4279 Penteleo
560 4244 581 4278 ω
604 4230 765 4281 l'entuleoute
789 4235 894 4284 coniecit
910 4234 945 4284 II.
963 4234 1049 4283 lenius
1068 4231 1161 4282 elench.
1179 4239 1246 4281 anet.
1264 4232 1290 4280 in
1308 4229 1374 4279 Non.
1384 4243 1412 4290 p.
1428 4229 1444 4277 4

157 4302 281 4365 probante
296 4300 386 4351 Belleio
407 4307 473 4363 poet.
499 4314 565 4349 seen.
587 4301 646 4349 Lat.
662 4301 685 4350 V
703 4302 720 4350 2
736 4316 761 4364 ρ.
775 4301 823 4353 181
842 4303 1004 4354 Penthinleeo
1019 4301 1183 4354 Neuliireliiue
1200 4303 1232 4351 de
1245 4299 1301 4364 fae.
1312 4306 1361 4364 too.
1374 4298 1443 4349 ben.

156 4372 247 4435 11246
271 4370 369 4420 Petelia
387 4368 535 4421 Ribbeeliue
551 4384 612 4423 cem.
632 4371 692 4422 Lot.
709 4370 802 4436 froqm.
822 4389 852 4436 ρ.
873 4374 930 4425 lue.
959 4373 1104 4425 Penteleum
1122 4372 1235 4435 defendit
1253 4369 1444 4426 Liodmfflnus,

158 4451 185 4492 et
201 4448 269 4492 esset
285 4438 452 4489 revestitos
542 4439 571 4489 16
587 4449 749 4489 contemnens
766 4458 787 4492 ω
875 4444 907 4495 11
927 4444 1016 4494 umbos
1034 4458 1091 4493 cum
1107 4442 1147 4492 uel
1160 4457 1218 4490 eum
1235 4439 1324 4490 ambos
1341 4453 1390 4504 ego
1412 4437 1442 4487 G.

158 4513 317 4563 Hermannus
332 4525 418 4574 opusc.
438 4511 461 4558 V
476 4525 505 4572 p.
518 4509 570 4560 284
586 4524 642 4559 cum
658 4510 746 4560 umbos
763 4511 802 4561 N:
822 4528 878 4562 cem
897 4515 985 4567 ambos
1003 4527 1059 4565 eme
1077 4511 1182 4562 Bothiee
1198 4513 1215 4560 l.
1235 4525 1257 4560 c.
1333 4508 1369 4558 29
1384 4505 1443 4555 olie-

158 4592 213 4631 runt
232 4597 253 4630 ω
280 4580 404 4631 sortierunt
420 4580 457 4629 N:
489 4589 629 4645 suggerunt
646 4581 750 4630 coniecit
765 4581 951 4636 Lindemannue
1024 4582 1056 4634 21
1075 4579 1195 4632 numerius
1212 4579 1238 4628 Ν
1319 4580 1353 4646 22
1370 4591 1444 4643 prec-

157 4662 223 4701 teree
240 4667 286 4700 otu.
302 4649 335 4711 N,
353 4650 443 4701 addidi
458 4666 492 4699 ex
509 4648 623 4701 cuono
634 4664 663 4713 p.
677 4650 724 4701 40:
752 4660 865 4715 peierm
882 4659 954 4706 etium
971 4654 1023 4717 sic,
1042 4651 1130 4710 debet,
1149 4656 1175 4700 et
1191 4647 1309 4713 quoniam
1327 4646 1374 4697 hes

158 4720 190 4772 23
205 4719 328 4770 Panuleo
347 4733 369 4768 ω
450 4722 483 4770 24
501 4719 624 4785 periclum
642 4719 790 4773 Ribbecleiue
807 4725 824 4773 l.
842 4740 865 4778 c.
887 4723 1009 4790 praelium
1026 4739 1048 4773 ω
1127 4714 1325 4784 soluendus]
1344 4716 1445 4777 11²,ss

223 4841 257 4892 27
279 4842 345 4907 geor‘
361 4840 415 4893 llll.
432 4840 469 4889 N:
489 4857 513 4892 o.
531 4842 566 4893 88
652 4841 686 4893 29
704 4843 728 4891 in
744 4802 865 4909 bicolieis
883 4843 909 4893 N
914 4859 921 4893 ε
939 4844 966 4906 6,
984 4842 1016 4894 18
