3114 5356
161 293 221 357 rao
281 384 288 395 ι
715 294 878 359 ιιιιιιιειι
939 263 946 273 ’

208 424 230 466 p.
247 411 292 453 roo.
307 409 345 451 ιιι
358 408 382 451 v.
1288 426 1311 468 p.
1326 415 1353 456 ar
1367 413 1394 457 c.

157 483 253 563 inquit
276 479 387 543 Plinius
410 482 544 562 ‘poscat‚
563 491 595 544 ut
618 483 732 544 moenia
753 482 923 556 moenibus,
943 482 990 544 ilia
1011 484 1115 560 ilibus,
1130 481 1144 558 ΙΙ
1160 484 1264 546 Parilia
1287 484 1444 548 Parilibus.

157 606 192 649 ea
219 587 296 647 enim
324 583 441 646 uomina
468 602 538 662 quae
563 585 572 645 i
601 592 667 646 aute
698 605 714 646 a
743 585 866 659 habent,
895 593 927 645 ut
952 587 1075 661 cetaria,
1104 587 1132 647 in
1160 586 1216 649 bus
1245 607 1369 650 necesse
1398 597 1444 650 est

156 689 313 752 desinant'.

241 790 349 852 Clavim
370 788 514 865 libulius,

319 891 405 953 hinc
427 891 556 952 clavim
575 890 684 951 ianua
705 889 837 951 sensit.
1168 953 1171 959 ,

155 993 335 1074 strigilim
365 1012 479 1074 quoque
504 992 637 1055 Lucilius.
681 995 770 1054 Varro
796 993 832 1053 de
857 993 1000 1073 poematis
1022 994 1049 1056 ll
1070 993 1217 1069 lentim,
1237 997 1315 1075 quod
1336 1016 1440 1060 eorum

155 1099 304 1160 nominum
332 1095 471 1158 ablativus
494 1095 646 1175 singularis
672 1096 702 1156 in
723 1095 732 1155 i
754 1092 820 1156 exit.
865 1114 947 1158 avem
970 1105 1067 1158 autem
1090 1106 1119 1157 et
1148 1116 1265 1160 navem:
1298 1101 1449 1177 quoniam·

155 1200 191 1262 ab
214 1201 269 1261 hac
291 1218 342 1260 ave
361 1209 390 1260 et
405 1209 482 1261 'nave
505 1199 625 1272 iaciunt,
646 1196 828 1259 accusativus
847 1199 926 1277 peri
949 1198 1010 1262 dari
1029 1220 1089 1263 non
1111 1210 1217 1281 potest.

239 1302 390 1379 Diligente.
435 1302 559 1364 ‘Verrius
576 1300 709 1362 Flaccus'
731 1299 825 1378 inquit
847 1300 972 1377 Plinius,
994 1305 1115 1364 ‘eorum
1136 1304 1287 1365 nominum
1304 1323 1381 1384 quae
1403 1325 1439 1367 ns

153 1405 293 1466 liniuntur
320 1423 389 1467 casu
415 1402 586 1464 nominativo
611 1400 752 1463 ablativus
781 1402 811 1463 in
839 1421 855 1463 e
883 1403 1052 1483 dirigendus
1079 1408 1152 1467 cst’.
1204 1406 1303 1485 itaque
1326 1408 1437 1470 Caesar
1452 1430 1475 1472 ιι

153 1505 342 1586 epistularum
364 1505 399 1566 ad
418 1505 582 1566 Ciceronem
602 1505 759 1584 ‘neque’
781 1505 874 1583 inquit
895 1508 978 1586 ‘pro
996 1515 1105 1568 cauto
1122 1528 1163 1569 ac
1181 1508 1372 1587 diligente
1394 1530 1433 1572 se

153 1609 289 1670 castris
316 1605 530 1669 continuit'.
902 1676 906 1684 ,

235 1709 315 1785 Duo,
337 1710 392 1770 hos
411 1709 467 1770 duo
485 1708 587 1771 Accius
607 1708 637 1770 in
658 1707 919 1790 Epinausimache‚

315 1810 445 1873 hlartes
462 1811 571 1873 armis
594 1811 663 1873 duo
684 1831 911 1891 congressos
933 1812 1126 1887 crederes,

132 1912 303 1975 -l'erentius
323 1913 353 1974 in
374 1914 506 1995 Adelphis
1070 1926 1074 1937 “

315 2024 351 2077 tu
371 2014 457 2076 illos
476 2015 543 2077 duo
564 2014 649 2078 olim
669 2035 735 2098 pro
756 2035 795 2078 re
817 2016 980 2079 tollebas
1003 2024 1080 2093 tua;

41 2196 47 2207 ,
149 2117 198 2179 ubi
219 2116 358 2180 llclenius
375 2120 467 2180 Acron
487 2121 552 2199 ‘pro
572 2120 668 2183 duos’.
713 2120 837 2181 duorum
856 2118 1035 2200 Pomponius
1056 2118 1086 2178 in
1108 2117 1207 2178 Macco
1229 2116 1335 2191 Milite,

978 2239 1058 2282 nam
1080 2219 1223 2280 cibaria

312 2326 423 2387 vicem
443 2318 596 2384 duorum
623 2322 741 2385 solum
761 2342 814 2384 me
836 2341 1007 2385 comessa
1030 2322 1223 2385 condecet.
1332 2350 1336 2356 ·

233 2425 402 2489 Draconten
428 2426 532 2488 Accius
558 2425 587 2486 iu
608 2424 783 2501 Philomela,
811 2425 888 2504 quod
916 2425 1016 2502 utique
1042 2425 1157 2485 sonitu
1184 2421 1362 2485 nontinativo
1384 2425 1472 2486 hicat

149 2526 268 2589 dracon.

232 2630 314 2692 Domi
335 2649 401 2691 suae
423 2630 510 2689 Varro
529 2628 565 2689 de
582 2646 717 2689 sermone
741 2628 844 2690 Latino
865 2629 938 2691 libro
961 2630 992 2688 V.
1035 2644 1091 2686 nec
1113 2625 1188 2687 enim
1209 2635 1307 2706 potest
1330 2628 1453 2691 adem-¹

147 2729 226 2791 bium
254 2731 309 2791 dici
337 2733 380 2793 cui
407 2749 477 2791 suae
505 2748 665 2810 pronomen
693 2731 783 2792 adest.
835 2731 906 2792 Cato
933 2730 969 2790 do
997 2728 1086 2789 multa
1115 2736 1214 2790 contra
1247 2731 1280 2791 L.
1311 2731 1431 2793 Furium

149 2832 263 2892 ‘domi
288 2851 383 2893 meac
404 2851 512 2911 saepe
532 2832 631 2907 luit’,
651 2842 680 2893 ot
700 2841 745 2893 cst
766 2830 925 2910 genetivus.

234 2932 359 3012 lligitum
384 2954 436 3016 pro
461 2933 616 3012 dighorum
641 2934 729 2994 Varro
751 2931 787 2992 ad
809 2934 933 2994 Atticum
955 2933 992 2994 dc
1013 2933 1069 2994 vita
1089 2933 1119 2994 P.
1140 2934 1172 2994 ll.
1196 2932 1269 2994 libro
1288 2935 1316 3010 1,
1347 2939 1471 3001 ‘ne-ns

147 3053 216 3113 que
244 3036 311 3097 illc
338 3034 526 3111 Callicles,
561 3044 781 3114 qrrateruum
812 3034 969 3114 digitum
999 3032 1153 3094 tabellis
1183 3036 1323 3098 nobilis
1352 3057 1431 3099 cum

147 3147 249 3209 esset
271 3140 406 3212 lactus,
430 3146 548 3199 tamen
569 3137 606 3197 in
629 3135 817 3217 pingendo
835 3134 1040 3197 ascendero
1062 3134 1241 3215 potuilad
1260 3139 1433 3219 Euphra·

146 3241 248 3301 noris
270 3240 530 3302 altitudinem’.

229 3341 371 3419 homnae,
400 3351 431 3403 ut
452 3343 532 3404 cuias
554 3350 670 3404 nostras
692 3349 720 3401 et
740 3339 843 3400 cuiatis
861 3340 1015 3413 nostrane,
1040 3358 1075 3399 an
1100 3340 1255 3417 quidesse
1277 3342 1433 3406 dicemus?

144 3462 211 3504 nam
234 3452 263 3505 et
281 3444 476 3527 interpretatio
495 3445 557 3507 eius
579 3445 732 3506 damnatus
754 3441 936 3522 participium
960 3443 1036 3502 lacit.
1445 3483 1475 3527 ,a

228 3547 273 3608 Dii
295 3568 348 3629 pro
370 3549 415 3610 die
438 3567 489 3608 seu
511 3526 568 3609 diii
587 3547 673 3614 hrcau
694 3543 800 3605 Paulus
819 3544 896 3604 enirn

305 3651 400 3712 libra
421 3650 483 3711 die
504 3651 698 3728 somnique
720 3666 828 3728 pares
852 3646 911 3707 uhi
933 3645 1067 3707 lecerit
1095 3646 1207 3707 horas

143 3836 299 3888 31-32N

471 3915 483 3943 e

278 3957 319 4007 llii
336 3973 381 4024 pro
399 3957 440 4007 die
457 3959 513 4024 sine
531 3957 582 4008 diei
601 3957 673 4008 lucan
693 3954 899 4022 pauluslllihra
917 3955 959 4005 die
977 3956 1083 4019 somnio
1102 3954 1235 4035 paresubi
1255 3953 1393 4005 lecer.h.[·

208 4096 241 4148 32
260 4096 347 4147 lecerh
362 4096 446 4151 horas.
465 4104 503 4146 est
521 4118 534 4149 ι
551 4104 607 4146 ante
625 4096 657 4145 iis
673 4110 694 4144 ω

212 4288 221 4336 l
243 4287 323 4349 inquit
340 4285 394 4352 plici
411 4282 438 4348 dt,
455 4285 585 4354 poscotN
669 4288 686 4336 4
708 4282 841 4351 Tibullus]
862 4285 883 4334 ll
900 4286 930 4346 4,
946 4285 978 4337 31
1068 4283 1084 4334 d
1106 4279 1235 4348 Lucillus]
1253 4285 1289 4349 cs.
1310 4283 1375 4334 Gell.
1396 4283 1428 4333 lll

140 4357 182 4421 lt,
202 4355 236 4407 10
322 4356 354 4407 de
371 4354 531 4422 poematisw
554 4356 586 4406 de
601 4364 733 4423 poematon
752 4355 779 4404 N
863 4356 1015 4419 'lquoniam
1033 4367 1054 4403 ω
1071 4353 1173 4417 cpiam.
1193 4368 1216 4401 e.
1233 4353 1370 4418 quodiam)
1388 4353 1427 4402 N:

135 4428 250 4490 fortusse
267 4427 336 4491 quod
352 4426 526 4477 ablativus-
545 4426 605 4476 lucit
690 4424 801 4477 etacio
817 4424 844 4474 N
928 4425 959 4475 15
983 4425 1008 4473 in
1026 4420 1168 4489 Adelphis]
1188 4424 1210 4473 V
1230 4422 1255 4486 3,
1275 4423 1309 4475 23
1397 4422 1428 4472 lt

138 4495 257 4547 llelenius
272 4495 366 4563 Acron]
382 4496 418 4563 cs.
435 4495 533 4547 Cbon's.
549 4511 579 4559 p.
597 4495 631 4547 95
717 4498 743 4545 in
761 4495 946 4555 bloehomilite‚
969 4493 1032 4544 Nam
1057 4494 1079 4542 si
1095 4493 1191 4542 ciberis
1205 4507 1227 4542 ω
1315 4493 1351 4545 20
1373 4492 1428 4542 fllo·

476 4566 486 4602 ι

137 4617 239 4667 etetsN
306 4619 340 4670 25
358 4619 406 4667 usi
420 4617 451 4667 ad
466 4617 559 4667 aticum
578 4617 605 4666 N
688 4618 720 4667 27
739 4616 885 4681 pinguendo
906 4617 933 4666 N
1013 4612 1159 4665 euhsuouis
1177 4612 1203 4662 N
1283 4610 1316 4664 31
1334 4613 1428 4673 lucani,

136 4685 228 4751 virgil.
247 4688 314 4737 enim
329 4703 360 4737 ω.
385 4687 482 4737 Paulus
499 4689 535 4737 ‘in
553 4686 622 4738 Coeli
636 4685 751 4737 distorta’
768 4686 800 4735 de
816 4701 891 4737 vasu
916 4687 1026 4750 Verpttii
1039 4698 1127 4749 peovp.
1147 4684 1157 4732 1
1174 4680 1378 4746 totaeputm
1391 4684 1429 4737 io·

135 4754 219 4806 dicam
230 4757 341 4815 videtum
358 4772 502 4824 pompam
520 4758 553 4807 de
571 4763 692 4820 corrupta
709 4764 785 4820 atque
800 4757 943 4821 inperfecta
960 4754 1053 4806 codiee
1070 4757 1208 4817 scriptura,
1227 4769 1300 4819 ᾳιιιιιιι
1317 4752 1427 4813 abibat

133 4825 195 4874 nidd
210 4826 275 4876 cerei
289 4828 369 4877 statui
382 4833 466 4891 potest
535 4826 568 4879 32
588 4829 623 4877 dil
644 4826 777 4876 Fabricius
