3114 5356
613 278 695 339 lun.
719 279 860 340 alluunt
883 280 954 341 LlB.
977 280 1004 342 11
1398 290 1457 351 431

1243 400 1407 450 eman

153 471 237 523 recte
264 469 456 542 putaverunt,
488 463 566 523 uelut
594 464 692 524 anima
717 465 806 525 vocis.
856 473 997 528 accentus
1024 475 1070 527 est
1098 467 1195 530 dictus
1223 468 1259 550 ab
1286 472 1458 547 accinendo,

154 564 235 644 quod
264 564 304 625 sit
329 563 413 642 quasi
441 565 561 641 quidam
590 564 733 641 cuiusque
759 565 888 643 syllabae
915 576 1029 629 cantus.
1080 569 1159 648 apud
1187 571 1315 635 Graecos
1341 591 1458 653 quoque

154 667 223 727 iden
246 665 399 748 προσῳρία
420 667 544 740 dicitur,
572 665 639 742 quia
667 658 848 748 προσᾴδεται
877 673 942 740 ταῖς
964 670 1133 747 συλλαβαῖς.
1177 680 1318 734 accentus
1338 675 1456 752 quidam
1547 657 1550 664 Ι

155 768 272 845 fastigia
303 776 494 840 vocaverunt,
524 767 601 844 quod
631 765 664 825 in
691 765 835 844 capitibus
857 768 1019 848 litterarum
1043 780 1239 850 ponerentur;
1272 773 1320 836 alii
1339 782 1456 838 tenores

126 871 200 930 scel
230 888 322 930 sonos
348 852 512 948 appellant;
549 888 608 929 non
635 867 706 927 nulli
734 869 886 929 cacumina
917 872 1044 931 retinere
1073 873 1248 934 maluerunt
1293 883 1364 939 suut
1389 896 1456 940 vero

156 981 233 1043 tres,
263 980 368 1031 acutus
391 970 486 1047 gravis
507 978 537 1029 et
559 969 608 1047 qui
629 988 664 1029 ex
686 968 802 1030 duobus
824 980 939 1032 constat
968 972 1182 1034 circumflexus
1226 994 1262 1038 cs
1283 976 1456 1038 bisacutus

154 1075 185 1133 in
204 1073 349 1151 correptis
370 1091 503 1150 semper,
536 1069 685 1131 interdum
712 1069 864 1149 producas
889 1072 1008 1150 syllabis
1035 1081 1182 1147 versatur,
1212 1074 1336 1139 inlloxus
1358 1077 1388 1138 in
1407 1079 1453 1140 his
1524 1154 1528 1160 Ι

155 1193 232 1252 quae
254 1173 473 1252 producuntur;
505 1171 601 1248 gravis
623 1179 721 1231 autem
742 1191 796 1250 per
816 1191 849 1242 se
871 1192 1030 1252 numquam
1054 1174 1216 1236 consistere
1234 1176 1265 1238 in
1285 1179 1345 1239 ullo
1365 1180 1454 1241 uerbo

156 1283 270 1356 potest,
291 1274 343 1334 sed
365 1273 395 1332 in
419 1272 464 1331 lais
485 1272 515 1332 in
538 1272 645 1348 quibus
667 1272 792 1333 inllexus
813 1269 861 1334 est
877 1282 927 1334 aut
942 1283 1046 1336 acutus
1060 1283 1173 1336 ceteras
1189 1276 1315 1354 syllabas
1331 1279 1454 1341 obtinet

118 1397 142 1435 ro
155 1379 186 1438 in
210 1375 331 1437 Graecis
350 1374 449 1450 itaquo
470 1371 646 1433 dictionibus
669 1391 736 1432 cum
758 1364 863 1434 acutus
882 1375 937 1434 tria
959 1375 1024 1435 loca
1046 1383 1158 1451 teneat,
1181 1376 1316 1440 ultinmm
1333 1381 1455 1459 paenul-

156 1480 259 1540 timum
281 1472 576 1554 antepaenultimum,
600 1473 674 1534 ultra
696 1491 857 1551 numquam
880 1477 989 1554 (neque
1011 1477 1089 1537 euim
1110 1479 1200 1539 refert
1219 1479 1346 1559 plurium
1368 1480 1455 1558 sylla-

155 1581 260 1640 barum
284 1595 350 1637 esse
373 1582 485 1654 partem
508 1574 682 1650 orationis),
712 1575 789 1654 apud
808 1575 928 1636 Latinos
948 1577 1006 1638 duo
1029 1586 1142 1640 tantum
1164 1580 1228 1640 loca
1251 1588 1346 1654 tenet,
1365 1599 1456 1661 paen-

156 1680 292 1742 ultimam
315 1686 344 1739 et
365 1675 661 1754 antepaeuultimum;
690 1676 896 1737 circumflexus
916 1688 1030 1753 autem,
1056 1681 1199 1758 quotlibet
1220 1681 1396 1760 syllabarum
1417 1683 1455 1744 sit

155 1782 261 1854 dictio,
292 1798 351 1840 non
373 1775 484 1837 tenebit
506 1775 561 1836 nisi
581 1777 792 1855 paenultimum
819 1776 925 1839 locum.
950 1777 964 1860 Η
990 1781 1085 1841 onmis
1107 1781 1196 1858 igitur
1217 1801 1286 1861 pars
1314 1781 1455 1843 orationis

120 1903 143 1942 rs
155 1885 233 1944 hanc
256 1881 399 1942 rationem
420 1877 665 1956 pronuntiationis
687 1879 805 1938 detinet
842 1879 937 1939 omnis
956 1899 1009 1940 vox
1024 1880 1223 1959 monosyllaba
1239 1882 1348 1959 aliquid
1363 1882 1455 1958 signi·

154 1987 263 2056 llcans,
297 1979 322 2040 si
340 1977 436 2039 brevis
457 1986 516 2049 est,
539 1987 677 2053 acuetur,
707 1989 739 2040 ut
756 1980 793 2041 ab
815 1980 872 2039 mel
895 1979 949 2054 lel;
984 1989 1013 2040 et
1035 1981 1060 2041 si
1081 1981 1228 2060 positione
1250 1982 1336 2059 longa
1355 1983 1452 2057 luerit,

155 2092 274 2145 acutum
293 2080 426 2142 similiter
447 2088 578 2140 tenorem
602 2080 735 2154 habebit,
754 2089 787 2141 ut
807 2099 855 2142 ars
877 2099 947 2160 pars
968 2079 1017 2158 pix
1032 2082 1080 2143 nix
1095 2084 1151 2143 lar.
1188 2083 1234 2143 sin
1252 2090 1350 2144 autem
1366 2083 1453 2161 longa

142 2193 260 2244 ‘natura
281 2181 383 2255 luerit,
404 2183 551 2252 flectetur,
576 2189 608 2241 ut
628 2182 677 2242 lux
697 2202 767 2261 spes
786 2182 843 2245 llos
864 2183 909 2246 sol
931 2201 1017 2245 mons
1035 2201 1101 2245 mos
1120 2185 1188 2245 lons
1208 2183 1255 2244 lis.
1287 2185 1383 2246 omnis
1399 2205 1453 2245 vox

155 2284 297 2364 disyllaba
320 2283 448 2362 priorem
470 2282 608 2361 syllabam
630 2291 680 2343 aut
699 2283 777 2343 acuit
798 2293 848 2345 aut
872 2285 972 2349 lleetit
1016 2285 1112 2357 acuit,
1136 2284 1181 2344 uel
1203 2304 1272 2345 cum
1289 2286 1385 2347 brevis
1407 2294 1454 2348 est

119 2403 142 2440 ao
155 2395 295 2462 utraque,
318 2391 350 2444 ut
370 2384 444 2444 deus
463 2371 538 2444 citus
558 2383 644 2444 datur
664 2395 743 2458 arat;
765 2380 809 2444 vel
835 2404 903 2446 cum
921 2385 1067 2464 positione
1088 2385 1175 2462 longa
1198 2393 1243 2446 est
1260 2394 1398 2464 utraque,
1421 2394 1454 2447 ut

157 2486 277 2560 sollers3
311 2484 356 2544 vel
377 2485 514 2545 altemtra
536 2484 682 2563 positione
703 2484 807 2563 longa,
836 2486 906 2547 dum
929 2505 967 2546 ne
985 2495 1088 2547 natura
1110 2485 1197 2564 longa
1216 2486 1272 2561 sit,
1299 2487 1395 2566 prior,
1420 2495 1453 2547 ut

156 2595 280 2676 pontus,
301 2587 459 2664 posterior,
485 2592 516 2646 ut
538 2586 655 2646 cohors.
690 2586 714 2646 si
738 2604 804 2646 vero
828 2587 908 2665 prior
929 2586 1039 2664 syllaba
1055 2594 1157 2647 natura
1173 2586 1260 2665 longa
1274 2595 1304 2648 et
1325 2605 1452 2665 sequens

158 2689 253 2749 brevis
276 2687 377 2759 luerit,
405 2686 531 2746 llectitur
551 2685 646 2765 prior,
677 2696 709 2748 ut
728 2688 795 2748 luna
819 2687 921 2753 Roma
965 2687 995 2747 in
1019 2688 1175 2768 trisyllabis
1196 2696 1294 2750 antem
1316 2695 1346 2749 et
1364 2696 1453 2750 tetra·

157 2789 276 2868 syllabis
305 2797 334 2848 et
360 2786 500 2865 deinceps
528 2788 663 2848 secunda·
687 2789 723 2849 ab
750 2789 851 2850 ultima
881 2807 998 2867 semper
1026 2788 1208 2850 observanda
1231 2797 1285 2850 est.
1328 2789 1403 2850 haec
1427 2790 1452 2850 si

123 2898 263 2951 sanatura
291 2887 378 2966 longa
405 2888 509 2959 luerit,
542 2887 716 2962 inflectitur,
748 2898 780 2950 ut
802 2891 951 2951 Romanus
974 2891 1121 2968 Cethegus
1150 2891 1279 2952 marinus
1301 2889 1453 2969 Crispinus

156 2991 268 3051 amicus
285 2988 412 3050 Sabinus
428 2989 569 3058 Quirinus
585 2989 698 3051 lectica.
737 2991 762 3052 si
786 3010 853 3052 uero
876 2992 977 3052 eadem
1000 2993 1178 3071 paenultima
1200 2992 1346 3072 positione
1366 2991 1452 3068 longa

155 3091 257 3164 luerit,
280 3098 416 3162 acuetur,
440 3097 472 3148 ut
486 3087 619 3151 Metellus
638 3090 769 3152 Catullus
784 3092 953 3166 Marcellus,
974 3094 1014 3153 ila
1032 3103 1144 3165 tamen,
1167 3094 1191 3153 si
1207 3094 1352 3172 positione
1366 3092 1453 3170 longa

155 3211 214 3252 non
236 3211 272 3252 ex
293 3198 373 3251 muta
397 3198 427 3250 et
446 3189 554 3266 liquida
575 3191 670 3250 luerit
696 3211 784 3258 ‚nam
811 3193 934 3255 mutabit
964 3202 1133 3266 accentum,
1166 3202 1198 3254 ut
1223 3192 1352 3253 latebrae
1371 3200 1454 3253 tene·

155 3292 234 3353 brae.
280 3299 309 3352 et
331 3289 357 3352 si
379 3290 537 3351 novissima
560 3299 663 3352 natura
691 3293 778 3370 longa
802 3294 931 3370 itemque
953 3294 1131 3373 paenultima
1159 3292 1227 3352 sive
1247 3300 1366 3354 nutura
1386 3293 1454 3353 sice

122 3421 145 3462 ιι
158 3393 305 3472 positione
324 3392 410 3470 longa
433 3393 536 3465 luerit,
564 3394 742 3471 paenultima
764 3403 877 3456 tantum
898 3402 1033 3468 acuetur,
1055 3412 1114 3455 non
1133 3393 1299 3454 inflectetur
1319 3392 1378 3467 sic,
1401 3412 1453 3453 na-

158 3503 239 3568 tura,
258 3502 291 3555 ut
312 3494 440 3555 Fidenae
461 3495 591 3556 Athenae
611 3494 729 3555 Thebae
756 3494 876 3574 Cymae,
905 3495 1065 3574 positione,
1095 3502 1126 3554 ut
1151 3491 1275 3554 tabellae
1296 3494 1450 3554 fenestrae.

154 3597 201 3656 sin
223 3603 320 3656 autem
343 3595 439 3656 media
461 3606 489 3657 et
515 3595 673 3658 nouissima
695 3595 799 3657 breves
820 3595 942 3668 luerint,
968 3594 1061 3673 pn'ma
1083 3592 1209 3656 servabit
1232 3601 1349 3655 acutum
1370 3601 1453 3654 tono·

155 3715 233 3770 rem,
257 3705 290 3756 ut
309 3696 429 3775 Sergius
450 3695 564 3757 llladius
593 3696 672 3757 ascia
698 3697 811 3758 luscina
834 3696 924 3758 lulius
948 3697 1095 3758 Claudius.
1140 3695 1165 3755 si
1187 3713 1290 3756 omnes
1312 3702 1373 3755 tres
1396 3694 1453 3773 syl·

156 3797 238 3858 labae
259 3797 364 3876 long'ae
378 3797 509 3869 luerint,
529 3797 623 3858 media
646 3806 784 3872 acuetur,
808 3807 839 3859 ut
860 3798 984 3859 Romani
998 3796 1085 3875 legati
1108 3803 1259 3875 praetores
1277 3794 1451 3875 praedones.

225 4005 237 4054 1
264 4006 402 4055 accinendo
421 4006 592 4060 §accidendo
608 4005 690 4057 ΑΒΜ
766 4008 890 4056 2cantus
906 4035 940 4043 —
955 4008 971 4057 3
989 4001 1136 4069 συλλαβαῖς
1154 4022 1201 4056 om.
1221 4003 1257 4053 M
1328 4003 1451 4070 3proso-

155 4073 817 4139 mmmmwwmmmmwMfflffl
901 4064 1450 4127 ammmfflt·5mmmm

155 4145 223 4192 mina
240 4143 352 4192 dllllnire
371 4145 550 4198 maluerunts
630 4145 760 4209 liopdnct
777 4146 802 4194 Α
884 4144 913 4194 ll
934 4146 1044 4211 plurium
1061 4144 1196 4193 ΡιιιιοΙιίιιι
1214 4143 1350 4208 plurimum
1368 4142 1453 4193 ΑΒΜ

225 4211 256 4261 12
281 4213 463 4278 paenultimum
477 4240 512 4248 -
533 4214 563 4263 15
582 4215 677 4263 detinet
702 4230 749 4264 om.
770 4213 801 4262 Μ
872 4213 903 4264 13
928 4213 1056 4277 quodlibet
1073 4212 1125 4260 AB
1215 4212 1246 4263 15
1270 4213 1451 4278 monosyllabis

155 4281 239 4332 ΑΒΜ
320 4282 350 4330 17
371 4281 415 4330 l'ax
433 4281 493 4330 ΒΜ
506 4297 558 4347 pax
575 4284 600 4332 Α
682 4280 716 4330 ‘20
735 4284 810 4332 datur
825 4281 885 4331 BM
900 4283 975 4331 datus
994 4282 1018 4331 Α
1096 4288 1150 4330 arat
1166 4282 1217 4331 ΑΒ
1234 4290 1288 4331 erat
1305 4280 1339 4330 Μ
1417 4282 1449 4331 21

154 4352 235 4400 solers
255 4350 297 4399 uel
314 4351 484 4413 alterutraque
504 4351 537 4400 M
614 4352 648 4401 25
667 4352 784 4401 cethecus
800 4351 886 4400 ΑΒΜ
959 4365 1094 4399 musrsuus
1112 4350 1198 4401 codex
1214 4351 1451 4401 bacchando·-

153 4423 186 4470 nii
201 4436 229 4483 p.
249 4418 301 4468 525
317 4421 357 4469 ed.
381 4420 507 4479 Vindob,
536 4420 579 4471 abi
594 4420 729 4470 Murranus
752 4422 843 4471 edition
865 4429 917 4475 est.
945 4420 1014 4486 quod
1035 4434 1123 4470 nomen
1144 4422 1199 4482 peti
1217 4426 1352 4484 poterate
1372 4420 1450 4483 Verp.

152 4489 218 4540 Aen.
239 4486 287 4536 Xll
304 4488 365 4538 529.
382 4487 435 4537 1139
507 4489 555 4540 -ἳθ
581 4491 687 4539 anninus
706 4488 764 4538 ΑΜ
780 4491 871 4538 suiuus
891 4489 917 4537 B
1000 4488 1035 4537 28
1053 4503 1112 4536 nsua
1127 4490 1234 4538 mutauit
1250 4486 1337 4537 ΑΒΜ
1418 4487 1453 4538 29

151 4559 206 4607 sive
227 4565 317 4605 natura
335 4558 389 4606 sive
407 4573 453 4608 om.
474 4555 559 4606 ΑΒΜ
564 4574 570 4607 :
591 4569 680 4607 ustura
697 4560 737 4606 uel
756 4558 917 4623 positiones
999 4557 1031 4608 31
1051 4557 1131 4606 simae
1150 4557 1175 4606 B
1255 4556 1452 4606 :taruennam

153 4625 298 4677 nouissima
314 4627 398 4676 breuis
413 4625 506 4675 luerint
519 4626 579 4676 ΑΜ
607 4637 650 4676 aut
675 4628 814 4676 nouissima
831 4627 915 4675 breuis
933 4624 1009 4674 luerit
1034 4624 1099 4687 (om.
1117 4625 1219 4687 medis)
1242 4626 1266 4675 Β
1290 4624 1375 4675 medis
1396 4626 1453 4693 bre-

151 4698 191 4745 uis
211 4694 328 4810 ἰΐιὶις
416 4697 527 4746 seruauit
545 4696 630 4745 ΑΒΜ
706 4694 740 4746 33
758 4694 858 4745 furnius
877 4694 910 4744 Μ
931 4693 1038 4743 luroinia
1055 4695 1080 4744 B
1162 4695 1275 4759 syllabae
1290 4704 1381 4744 natura
1398 4693 1454 4744 lon·

151 4781 201 4830 gne
