3114 5356
527 285 610 346 siti.
632 283 773 345 Gltffl.
795 282 867 344 ΗΒ.
890 284 904 346 Ι
1305 282 1363 345 391

1170 427 1176 440 .
1190 398 1236 441 sss.
1251 399 1277 439 se
1291 398 1315 441 r.

62 473 230 553 perfectum
253 471 431 533 fluitirorum
452 472 550 531 futuro
572 471 781 550 optatiromm,
805 469 892 530 veluti
914 469 971 530 dixi
994 477 1027 528 ut
1048 410 1168 529 facias?
1185 471 1316 532 cetcrrim
1339 477 1368 529 et

64 574 230 654 inperfecto
253 572 502 633 subiunctivorum
524 572 604 650 iungi
627 572 767 644 diximus,
796 570 847 630 sed
872 571 949 633 banc
976 570 1070 630 adfert
1098 569 1306 643 differentiam,
1335 580 1368 631 ut

65 675 183 735 intersit
206 682 303 734 utrum
326 672 383 733 dixi
404 680 437 732 ut
459 673 572 734 faceres
593 692 629 733 an
652 672 709 733 dixi
732 679 765 732 ut
784 671 875 732 facias
894 660 1096 741 enuntiemus,
1115 671 1252 746 quoniam
1270 670 1299 730 in
1318 690 1368 731 su-

65 777 197 857 periore,
227 774 284 834 dixi
308 784 340 835 ut
362 776 474 855 faceres
515 781 684 852 rat-tempus
705 791 763 851 quo
785 772 855 849 dici
875 779 904 833 et
925 779 1044 849 tempos
1063 789 1123 850 quo
1143 779 1174 831 ut
1196 771 1286 832 facias
1309 771 1365 831 dixi

42 876 244 956 epraeterisse
266 876 425 954 signiticat;
445 872 475 951 i‘
605 867 723 953 equod
746 883 792 934 est
813 874 870 935 dixi
891 883 923 935 ut
945 874 1035 933 facias
1057 873 1126 933 dicti
1150 881 1265 951 tempus
1282 890 1368 950 prae·

68 978 185 1039 teritum
211 977 370 1054 significat,
404 978 449 1037 fac
602 995 655 1036 uro
684 957 859 1055 suspendit,
890 994 958 1036 cum
990 975 1103 1047 adbuc,
1137 973 1273 1052 quoniam
1305 973 1367 1033 fieri

67 1080 163 1160 possit
183 1079 262 1156 quod
283 1075 384 1151 iussit,
404 1071 469 1138 inc*
599 1064 604 1074 ’
629 1078 679 1138 fiat
700 1095 803 1136 necne.

597 1297 633 1359 nn
656 1296 841 1338 srnrvncrnns

152 1414 226 1475 ltcm
251 1414 435 1475 subiunctiva
458 1415 586 1475 vicissim
610 1414 687 1474 inter
715 1430 748 1472 se
776 1413 937 1490 iunguntur
958 1411 1015 1471 boc
1039 1420 1141 1490 pacto:
1174 1412 1367 1492 inperfectum

25 1536 51 1578 ro
65 1518 231 1596 inperfecto
245 1516 304 1588 sic,
325 1515 453 1575 dicerem
475 1517 500 1577 si
521 1515 644 1589 scirem3
667 1513 987 1594 plusquamperfectum
1005 1513 1294 1594 plusquamperfecto
1316 1516 1368 1588 sic,

65 1617 208 1678 dixissem
228 1617 253 1677 si
276 1615 414 1693 scissem3
437 1617 507 1678 item
528 1617 722 1696 inperfectum
746 1614 1034 1695 plusquamperfecto
1056 1615 1117 1688 sic,
1138 1615 1298 1676 scriberem
1316 1616 1368 1676 tibi

66 1718 93 1776 si
116 1717 259 1792 scissem;
295 1726 324 1779 et
348 1737 432 1779 versa
460 1719 523 1779 rice
547 1715 870 1796 plusquamperfectum
898 1714 1061 1795 inperfecto
1088 1715 1147 1788 sic,
1181 1715 1367 1795 scripsissem

67 1819 121 1878 tibi
144 1820 169 1878 si
194 1819 310 1880 scirem.
355 1828 384 1880 et
405 1820 503 1900 priore
524 1819 641 1897 quidem
660 1833 811 1890 sermone,
831 1816 991 1877 scriberem
1005 1816 1056 1876 tibi
1074 1816 1099 1877 si
1120 1815 1258 1888 scissem,
1278 1816 1369 1893 signi-

67 1920 138 1978 ficat
160 1920 251 1980 fuisse
273 1939 307 1980 se
328 1921 506 2000 scripturum
520 1920 564 1981 rel
583 1919 690 1993 semel,
714 1917 737 1978 si
753 1916 871 1995 saepius
886 1918 1087 1995 cognovisset,
1107 1915 1255 1994 sequenti,
1273 1916 1367 1995 scrip·

21 2020 175 2080 iecissem
199 2021 249 2080 tibi
274 2021 298 2081 si
319 2022 441 2110 scirem,
479 2021 625 2098 significat
651 2038 740 2098 saepe
767 2036 799 2077 se
821 2018 998 2096 scripturum
1023 2017 1130 2090 fuisse,
1163 2017 1188 2077 si
1211 2016 1253 2077 rel
1276 2015 1367 2076 semel

65 2120 169 2180 sciret
214 2122 309 2200 siquid
331 2124 509 2185 difficultatis
538 2122 567 2182 in
592 2141 624 2182 sc
647 2120 754 2181 babere
775 2118 919 2179 ridebitur
940 2138 1005 2192 ree,
1032 2137 1089 2178 non
1112 2117 1183 2178 mibi
1204 2117 1368 2196 inputabis;

65 2221 178 2301 poterit
200 2229 296 2282 tamen
320 2225 409 2298 baec,
440 2224 661 2304 qualiscumque
682 2231 742 2296 est,
766 2221 929 2302 praeseutia
954 2222 1100 2281 communi
1124 2219 1239 2297 corrigi.

623 2442 660 2483 ns
681 2441 820 2484 errantis

157 2557 260 2617 Sermo
282 2554 404 2614 Latinus
426 2554 540 2616 duobus
562 2555 657 2616 modis
678 2554 871 2634 intellegitur,
894 2562 1019 2634 autper
1040 2555 1233 2637 inperfectum
1250 2568 1300 2617 aut
1316 2577 1370 2638 prr

23 2684 53 2722 eo
68 2663 202 2721 futurum
224 2643 434 2735 optatirorum:
466 2653 509 2713 sic
531 2676 584 2734 per
606 2659 752 2730 futurum,
781 2656 918 2735 quotiens
945 2665 996 2717 aut
1023 2657 1137 2718 instans
1166 2669 1215 2718 aut
1238 2659 1368 2720 futurum

68 2762 247 2823 tinitirorum
271 2755 477 2837 praeponitur,
517 2756 603 2817 veluti
625 2759 690 2819 dico
713 2766 746 2819 ut
764 2759 872 2834 facias,
908 2759 1003 2820 dicam
1033 2767 1066 2819 ut
1091 2760 1196 2835 facias;
1232 2761 1369 2838 quotiens

67 2874 168 2926 autem
190 2870 239 2922 aut
261 2858 455 2938 inperfectum
481 2865 533 2917 aut
559 2862 720 2937 perfectum
746 2868 796 2920 aut
824 2860 1158 2941 plusquamperfectum,
1192 2882 1246 2943 per
1270 2863 1369 2944 inper-

68 2968 197 3036 fectum,
228 2958 334 3042 velullti
359 2959 493 3020 dicebam
519 2967 552 3018 ut
579 2959 708 3035 faceres,
743 2962 800 3023 dixi
823 2970 855 3023 ut
881 2963 1009 3037 faceres,
1042 2963 1171 3024 dixeram
1192 2956 1224 3025 ut
1245 2967 1368 3026 faceres.

70 3067 119 3126 sin
141 3072 239 3125 autem
261 3062 367 3140 longus
390 3079 488 3122 sermo
510 3061 646 3136 effertur,
669 3063 862 3125 adiurationis
885 3083 973 3124 causa
995 3063 1134 3142 recipitur
1154 3066 1283 3126 futumm
1299 3065 1370 3126 sub-

28 3188 56 3226 se
71 3166 266 3228 iunctirorum
289 3171 320 3223 et
339 3162 658 3242 plusquamperfectum
681 3165 891 3243 optatirorum,
910 3164 997 3225 veluti
1021 3164 1086 3224 dico
1105 3167 1241 3228 utfacias
1257 3176 1369 3228 etcum

68 3268 177 3331 feceris
196 3257 324 3338 mittas,
341 3263 434 3323 dicam
457 3269 489 3320 ut
515 3262 604 3323 facias
630 3271 659 3322 et
680 3281 746 3324 cum
769 3264 873 3324 feceris
898 3266 1012 3339 mittas;
1047 3264 1180 3325 dicebam
1203 3277 1235 3327 ut
1256 3268 1369 3332 faceres

69 3380 100 3431 et
124 3388 192 3429 cum
215 3367 338 3427 fecisses
360 3363 508 3437 mitteres,
540 3363 574 3445 [si
598 3364 725 3424 dicerem
745 3365 873 3439 faceres,
902 3367 926 3427 si
950 3367 1087 3427 dixissem
1106 3366 1246 3441 fecisses,
1277 3369 1301 3428 si
1325 3368 1369 3429 di·

69 3490 168 3532 cerem
190 3469 329 3539 fecisseS,
361 3465 385 3524 si
415 3465 552 3528 dixissem
582 3463 708 3545 laceres]
747 3465 874 3526 dixeram
898 3476 928 3527 ut
954 3469 1067 3528 faceres
1096 3475 1125 3527 et
1154 3485 1220 3526 cum
1247 3469 1369 3527 fecisses

66 3572 209 3632 mitteres.

140 3805 228 3855 ldixi
246 3813 271 3853 et
289 3813 456 3870 tempusque
474 3821 520 3856 om.
538 3803 652 3868 ABdfp,
677 3803 888 3856 mactaretur
972 3804 1068 3856 diecti
1087 3807 1113 3856 in
1133 3805 1218 3855 futuro
1237 3804 1368 3855 messes

69 3879 95 3926 in
114 3875 176 3924 facti
195 3873 280 3922 futuro
297 3874 371 3938 ΑΜρ
388 3875 447 3923 fateri
467 3873 551 3922 futuro
568 3874 594 3922 B
662 3873 677 3921 7
696 3874 777 3937 possit
796 3874 926 3927 Charisius
942 3889 1033 3942 posses
1050 3875 1136 3925 ΑΒΜ
1151 3889 1227 3940 posse
1242 3891 1263 3939 p
1334 3873 1364 3923 ll

69 3940 219 4006 scriberem]
237 3942 347 3991 dicerem
364 3943 464 4006 ΑΒΜρ
551 3941 581 3992 13
606 3941 732 4006 significat
748 3957 825 4007 saepe
842 3945 992 4009 scripturum
1011 3942 1101 4005 fuisse,
1120 3945 1142 3994 si
1161 3944 1201 3992 vel
1220 3945 1299 3994 semel
1318 3942 1367 3992 sci·

69 4022 107 4062 ret
127 4013 258 4062 mmmm
329 4012 361 4062 15
379 4012 505 4077 siguificat
522 4011 675 4076 scripturum
693 4011 773 4060 fuisse
792 4011 830 4059 rel
852 4013 939 4072 semel,
957 4013 980 4063 si
998 4014 1102 4077 saepius
1119 4013 1284 4078 cognovisset
1302 4012 1367 4062 caa-

68 4084 148 4132 rirs'ss
238 4079 269 4129 17
287 4089 370 4129 temen
390 4080 452 4129 lraec
468 4080 527 4129 AM
547 4079 610 4127 haec
627 4089 744 4143 tamenp
766 4078 828 4128 haec
847 4082 873 4131 B
959 4080 992 4130 18
1009 4080 1046 4130 De
1065 4083 1183 4147 optativis
1199 4096 1246 4134 cst.
1265 4079 1368 4144 ABMp

137 4147 173 4199 2³
191 4149 307 4198 dixerim
322 4158 349 4198 ut
367 4150 464 4200 faceres
484 4150 564 4198 dicam
581 4156 609 4196 ut
627 4147 706 4198 facies
724 4150 764 4198 sin
781 4149 866 4200 ΑΒΜ
949 4150 985 4200 24
1002 4150 1156 4218 effereturp
1243 4150 1366 4201 sdiustio·

69 4221 109 4269 nis
124 4235 145 4282 p
164 4217 327 4268 adunationis
347 4233 364 4275 ς
449 4217 483 4267 25
501 4217 558 4266 dico
578 4225 605 4265 ut
620 4215 699 4267 facias
718 4226 743 4266 et
761 4231 817 4266 cum
833 4218 923 4268 feceris
940 4219 1025 4268 micas
1043 4218 1159 4269 dicebam
1176 4227 1206 4268 ut
1224 4217 1322 4268 faceres
1341 4224 1367 4266 et

68 4302 126 4336 cum
144 4287 253 4337 fecisses
271 4288 382 4337 mitteres
400 4288 454 4337 dixi
479 4285 627 4335 ut0faceres
651 4294 676 4334 et
694 4301 750 4335 cum
769 4285 875 4339 fecisses
891 4287 1003 4335 mitteres
1021 4287 1103 4337 dicem
1121 4297 1150 4338 ut
1168 4287 1249 4337 fecis·
1267 4293 1366 4336 etcum

69 4357 162 4406 feceris
186 4357 273 4406 mittas
294 4356 316 4405 si
337 4357 448 4406 dicerem
467 4356 563 4404 faceres
585 4353 609 4402 si
627 4354 751 4404 dixissem
775 4354 881 4406 fecisses
904 4355 926 4405 si
949 4354 1061 4404 dicerem
1077 4354 1183 4408 fecisses
1201 4356 1224 4406 si
1241 4354 1365 4404 dixissem

69 4425 196 4487 (dixerem
217 4425 254 4487 A)
273 4423 371 4475 faceres
389 4426 502 4473 dixeram
526 4431 554 4471 ut
572 4421 670 4473 faceres
695 4431 720 4472 et
744 4437 802 4472 cum
825 4424 931 4473 fecisses
954 4424 1068 4473 mitteres
1086 4425 1129 4490 Ap
1156 4424 1214 4474 dico
1237 4432 1265 4473 ut
1287 4420 1367 4472 iscius

69 4515 184 4547 seeum
202 4501 301 4541 etcum
319 4493 411 4543 feceris
427 4494 510 4542 mittas
528 4492 629 4543 dicem
648 4500 675 4542 ut
693 4490 791 4542 fecem
809 4492 942 4555 (dicebam
960 4500 988 4540 ut
1006 4490 1104 4542 faceres
1117 4491 1151 4556 b)
1171 4501 1197 4542 et
1214 4507 1272 4541 cum
1289 4489 1366 4541 fecis·

68 4581 110 4614 ses
128 4565 245 4613 mitteres
262 4563 345 4611 dicam
364 4571 390 4610 ut
407 4562 485 4611 facies
504 4570 529 4609 et
545 4574 602 4608 cum
621 4558 713 4610 feceris
731 4561 815 4610 mittas
833 4559 930 4608 feneres
947 4561 969 4609 si
989 4559 1113 4610 dixissem
1127 4559 1246 4611 fecissem
1258 4559 1366 4609 fecisses
1408 4557 1414 4567 ’

68 4634 89 4681 si
100 4634 225 4689 ,dixeram
244 4639 272 4678 ut
290 4628 369 4679 facies
388 4639 412 4679 et
430 4645 487 4678 cum
505 4626 611 4678 fecisses
626 4631 738 4678 mitteres
755 4628 782 4678 B
804 4629 860 4678 dico
883 4637 911 4677 ut
934 4626 1014 4677 facias
1037 4637 1063 4678 et
1086 4644 1143 4679 cum
1167 4627 1259 4678 feceris
1281 4629 1367 4676 mittas

68 4702 184 4751 dicebam
202 4710 230 4747 ιιι
248 4698 347 4747 faceres
365 4707 390 4746 et
409 4713 465 4746 cum
483 4697 589 4747 fecisses
606 4697 719 4747 mitteres
742 4697 817 4758 (rell.
835 4696 903 4759 on.)
925 4695 958 4744 M
1041 4697 1076 4746 27
1099 4697 1122 4747 si
1140 4720 1174 4732 -
1190 4695 1226 4748 28
1243 4695 1368 4746 dixissem

69 4769 169 4818 faceres
188 4783 225 4817 ee·
243 4765 389 4828 &stridone
406 4766 616 4816 subaudiremus
633 4765 681 4815 ltere
697 4766 779 4816 istm
795 4780 852 4815 esse
868 4764 983 4814 ridemur
