3114 5356
145 261 208 323 344
706 259 890 322 ututtEbts
989 279 994 289 ·

214 376 281 417 aas
296 374 321 415 as
336 373 361 416 r.

144 389 217 521 rint:
257 445 406 507 declinant
432 448 520 507 modo
547 446 777 526 primitivorum,
816 455 848 508 ut
876 447 1016 509 horresco
1048 447 1149 510 honui
1177 470 1213 512 ex
1243 471 1281 515 eo
1307 455 1386 533 qnod
1401 466 1436 516 est

144 550 259 611 horreo.
304 568 361 610 nec
384 556 479 609 tamen
501 549 599 611 omnia
618 548 781 609 inchoativa
802 546 912 608 hahent
929 548 1055 628 primam
1077 549 1267 628 positionem.
1312 550 1435 637 alhescoll

143 648 221 710 enirn
243 669 302 710 non
322 648 411 710 hahet
431 649 532 724 albeo,
552 649 621 710 lieet
642 649 774 729 figuravit
794 648 946 727 Vergilius,

564 750 757 831 campique
782 749 952 827 ingentis
974 750 1127 813 ossibus
1150 752 1295 816 albent.

142 850 212 913 item
239 851 389 933 puerisco,
416 851 486 912 item
514 854 677 929 grandesco
708 852 814 912 vilosco
842 849 992 930 palmesco
1020 853 1145 914 silvesco
1171 854 1323 918 brutesco.
1366 858 1449 919 iuves

142 970 232 1013 nosco
254 972 314 1014 non
336 953 424 1013 habet
445 956 576 1015 iuvenco.
621 973 689 1014 nam
711 972 836 1015 senesco
857 960 886 1013 et
907 970 997 1013 scneo
1019 954 1097 1033 apud
1118 956 1258 1035 antiquos
1279 958 1432 1031 dicebatur;

143 1052 220 1113 unde
243 1063 273 1112 et
295 1053 425 1115 Catullus
1233 1037 1237 1041 ⁷

744 1174 845 1216 nunc
869 1153 1070 1227 recondita

309 1264 417 1317 senet
439 1256 567 1334 quiete
589 1273 705 1334 seque
729 1255 882 1316 dedicat
904 1253 1018 1327 tibi‚,

307 1356 465 1434 gemelle
487 1358 621 1418 Castor
643 1366 677 1418 et
699 1356 859 1435 gemelle
881 1353 1063 1416 Castoris.
1439 1380 1454 1416 o

141 1460 327 1521 deducuntur
348 1457 417 1517 item
438 1457 600 1519 inchoativa
626 1479 642 1519 a
664 1458 777 1519 neutris
799 1456 895 1518 verbis
918 1464 948 1516 et
973 1453 1232 1534 appellationibus:
1272 1479 1308 1522 er
1335 1462 1427 1532 verbis,

142 1567 173 1621 ut
192 1558 273 1620 caleo
298 1557 429 1631 calesco,
459 1557 565 1619 deliteo
589 1558 746 1633 delitesco,
775 1558 896 1620 trondeo
922 1555 1094 1629 frondesco,
1122 1557 1214 1619 tloreo
1242 1561 1380 1637 tloresco;
1404 1570 1425 1618 et

141 1668 209 1722 sunt
234 1662 306 1720 haec
334 1677 408 1737 qnae
437 1679 453 1720 a
478 1661 607 1740 perlecta
635 1664 726 1724 lerina
756 1661 883 1721 veniunt
929 1664 1008 1729 sunt,
1023 1657 1094 1717 item
1120 1675 1194 1733 quae
1222 1662 1365 1737 originem
1389 1663 1425 1722 sui

141 1782 199 1824 non
214 1756 353 1835 hahent,
390 1769 422 1822 ut
448 1780 610 1823 consuesco
629 1763 770 1841 quiesco.
821 1767 890 1822 sunt
911 1777 1027 1838 quoque
1050 1758 1103 1819 aha
1125 1757 1300 1823 inchoativis
1322 1763 1425 1834 similia,

140 1883 215 1943 qnae
240 1863 404 1925 inchoativa
428 1882 486 1923 nou
509 1883 575 1925 esse
597 1872 763 1943 temporum
793 1859 1026 1924 consideratione
1056 1857 1274 1938 putrescimus,
1311 1872 1344 1925 ut
1365 1876 1452 1924 con-¹³

140 1985 229 2045 pesco
254 1964 421 2045 covrpescui.
467 1985 502 2025 ex
527 1964 774 2044 appellationibus
802 1980 919 2042 quoque
945 1961 1004 2033 sic,
1033 1979 1121 2038 aeger
1142 1968 1189 2020 est
1210 1964 1370 2040 aegrescit,
1398 1983 1425 2024 ev

133 2067 207 2144 igne
221 2067 361 2144 ignescit,
381 2085 413 2125 ev
434 2068 549 2127 tlamma
564 2066 754 2138 flammescit,
777 2085 812 2125 ex
827 2064 923 2124 dumis
941 2063 1101 2134 dumcscit,
1119 2081 1155 2122 es
1170 2061 1262 2123 herba
1279 2063 1424 2125 herbescit

139 2167 190 2226 sed
213 2168 286 2227 haec
304 2186 379 2245 quae
401 2169 437 2229 de
455 2168 635 2248 appellativis
658 2167 825 2227 derivantur
847 2165 976 2244 perlecta
997 2179 1057 2221 non
1078 2161 1187 2222 habent
1209 2164 1341 2227 omnlino.

224 2268 331 2328 Errant
352 2269 483 2347 plerique
511 2270 560 2346 qui
589 2269 743 2338 dinoscere
769 2276 914 2346 quaerunt
935 2261 1064 2323 iterativa
1084 2262 1172 2322 verba
1195 2264 1231 2323 ab
1253 2265 1425 2327 inchoativis

139 2369 282 2446 quaedam
304 2369 382 2429 eninr
404 2381 473 2431 srrnt
494 2389 568 2448 cquae
590 2379 744 2447 utramque
766 2369 894 2448 speciem
915 2363 1085 2437 admittunt,
1109 2364 1192 2440 quasi
1215 2365 1328 2427 tristare
1350 2367 1453 2427 iteras

138 2472 243 2545 tivum,
275 2471 472 2531 inchoativum
494 2470 623 2543 hiscere,
654 2471 814 2551 principale
837 2485 938 2529 eorum
966 2474 1011 2525 est
1032 2462 1093 2525 hio.⁴
1136 2464 1206 2526 item
1228 2467 1330 2547 lapsor
1349 2469 1426 2528 itera·

138 2572 244 2644 tivum,
273 2570 470 2631 inchoativum
492 2569 634 2644 labiscor,
656 2571 817 2651 principale
842 2585 942 2629 eorum
965 2574 1010 2625 est
1032 2565 1123 2625 labor.
1169 2586 1253 2628 error
1275 2569 1362 2648 igitur
1377 2570 1426 2629 hoc

138 2673 226 2734 modo
248 2670 416 2747 corrigitur:
454 2670 663 2749 cuiuscumque
689 2672 796 2733 luerint
825 2668 935 2731 enlinis
962 2666 1062 2739 verba,
1095 2668 1125 2727 in
1147 2670 1273 2746 figuram
1294 2669 1426 2731 inchoati·

139 2792 203 2832 ram
226 2771 340 2830 conlata
362 2778 448 2829 eruut
468 2770 680 2851 coniugationis
702 2774 851 2833 ‹lvrurtaxat
879 2769 997 2844 tertiae;
1024 2768 1183 2829 iterativam
1207 2789 1277 2830 vero
1298 2790 1366 2831 curn
1382 2770 1426 2830 ad-

138 2873 256 2933 mittunt
283 2872 428 2950 speciem,
462 2879 547 2931 eruat
575 2872 685 2933 ordinis
713 2882 824 2935 tanturn
845 2873 931 2931 modo
953 2870 1048 2950 primi.
1094 2871 1236 2932 hactenus
1256 2872 1293 2932 de
1316 2872 1454 2933 inchoa-e

139 2974 219 3047 liris,
239 2970 377 3053 deinceps
397 2973 433 3032 de
452 2974 599 3034 iteratiris.
848 2960 853 2968 ’

542 3180 577 3221 oa
599 3179 740 3220 rmnarrva
759 3177 905 3219 r'nrraoarrv
928 3177 1021 3218 ronna

222 3277 354 3338 lterativa
383 3279 442 3339 sive
471 3280 679 3357 frequentativa
709 3287 755 3339 est
780 3277 934 3338 verborum
968 3274 1092 3353 qualitas
1122 3293 1197 3351 quae
1225 3277 1374 3339 assiduam
1400 3279 1424 3338 in

136 3380 249 3458 agendo
271 3380 327 3441 vim
347 3381 449 3453 habet,
473 3383 550 3443 unde
571 3390 600 3441 et
616 3380 839 3460 appellationem
860 3378 953 3453 subit,
977 3377 1115 3455 quoniam
1136 3378 1306 3453 frequenter
1328 3378 1424 3457 agendi

136 3481 221 3543 iteret
246 3483 398 3556 ed'ectnvn,
431 3484 506 3544 velut
528 3503 624 3544 merso
645 3502 757 3544 mersas
779 3492 902 3554 mersat,
930 3480 959 3540 id
988 3488 1033 3538 est
1059 3479 1177 3558 saepius
1205 3496 1318 3558 mergo.
1362 3482 1454 3540 itema

136 3601 256 3644 exerceo
277 3591 306 3643 et
328 3601 480 3655 exerceor,
504 3588 632 3663 perlecto
656 3583 771 3644 exercui
794 3590 822 3641 et
839 3581 983 3642 exercitus
1003 3599 1084 3653 sunt,
1105 3580 1244 3640 dicimus:
1264 3581 1425 3643 trachere-

137 3692 183 3744 tur
202 3685 258 3744 hoc
279 3691 380 3762 pacto,
410 3684 536 3744 exercito
561 3686 728 3757 exercitavi,
758 3684 786 3743 id
815 3693 860 3746 cst
881 3684 999 3745 assidue
1022 3700 1160 3755 exerceo,
1196 3683 1264 3743 item
1289 3685 1426 3745 evercitor

136 3785 309 3844 exercitatus
337 3801 417 3855 suna,
449 3783 478 3843 id
505 3792 550 3844 est
577 3785 693 3845 assidue
719 3803 865 3845 exerceor.
910 3785 979 3844 item
1001 3783 1095 3844 habeo
1124 3791 1152 3844 et
1175 3784 1274 3845 habito
1297 3787 1424 3857 (licinus,

66 3932 72 3941 .
137 3890 168 3942 ut
189 3884 266 3964 apud
290 3883 429 3945 Naevium
451 3885 480 3944 in
503 3884 693 3947 beroentibus
1228 3866 1230 3871 Ι

302 3986 445 4045 animae
467 3985 713 4063 pauxillulum
735 3988 770 4046 in
793 4006 845 4047 rae
867 3985 1024 4048 habitat.
1435 3997 1454 4036 ³³

204 4134 551 4202 dh'ergilins]Aea.Xll3b
620 4140 796 4204 hputrescos
867 4139 1072 4206 grandiscoBM
1141 4138 1372 4208 idatullus]4,25

134 4206 152 4256 8
170 4222 237 4255 nuvrc
256 4206 384 4255 recondite
401 4208 426 4255 B
443 4222 510 4256 nune
529 4209 652 4258 vecordita
671 4209 705 4258 M
719 4224 768 4257 non
787 4211 918 4259 recordata
937 4211 962 4257 A
1031 4208 1161 4258 lldedicat
1182 4209 1315 4258 chareus
1332 4210 1424 4257 dicebat

136 4276 196 4324 Ball
211 4276 327 4325 dicebant
345 4277 370 4323 A
441 4277 472 4325 10
490 4286 514 4325 et
532 4278 633 4342 gernelli
651 4288 762 4327 castores
778 4279 803 4326 B
875 4279 904 4328 12
925 4277 1038 4327 delitisce
1056 4279 1081 4325 A
1159 4276 1192 4326 ltl
1213 4292 1246 4325 cx
1265 4278 1379 4342 igne-
1397 4277 1424 4326 tt

135 4343 259 4394 herbescit
278 4361 324 4396 om.
343 4345 377 4394 M
451 4346 481 4396 17
500 4347 554 4411 igni
572 4346 597 4395 B
672 4347 773 4410 igniscit
792 4348 817 4395 A
892 4363 924 4395 ex
942 4347 1026 4396 dumis
1045 4347 1175 4397 Charisius
1193 4346 1293 4395 aduenis
1312 4347 1363 4397 AB

137 4412 169 4462 18
188 4414 329 4463 diriuamur
346 4415 398 4465 AB
493 4414 525 4465 lc
542 4415 693 4479 dignoscere
710 4416 734 4463 A
827 4418 860 4465 22
879 4416 979 4465 tabesco
999 4430 1029 4471 ει
1054 4415 1168 4463 lnbnscor
1191 4429 1237 4479 pro
1254 4415 1312 4463 labe
1332 4416 1425 4465 Nonius

132 4497 160 4544 p.
178 4482 230 4532 473
311 4481 345 4533 30
362 4485 435 4533 iteret
453 4484 478 4532 B
496 4484 542 4532 iter
561 4483 585 4532 A
600 4484 659 4532 item
678 4492 702 4532 et
723 4484 765 4532 dl:
786 4485 859 4533 iterat
875 4484 1026 4538 allec-tunae
1112 4483 1188 4531 uelud
1206 4485 1231 4531 A
1319 4481 1352 4532 31
1371 4497 1449 4546 per-v

137 4548 229 4599 lectum
248 4552 332 4601 ΑΒΜ
414 4550 448 4601 32
465 4552 567 4601 assidue
585 4552 636 4601 AB
659 4552 764 4601 adsiduo
784 4553 817 4602 ,ll
901 4552 934 4601 33
957 4553 1060 4602 assidue
1077 4567 1205 4600 exerceor.
1231 4553 1291 4601 item
1310 4551 1389 4600 habeo
1404 4556 1424 4596 ct

136 4616 220 4666 habito
240 4633 256 4674 ς
278 4620 381 4669 assidue
400 4620 534 4682 (adsiduae
553 4621 597 4683 M)
616 4635 743 4670 exerceor.
765 4624 826 4671 Item
845 4622 988 4671 dictitantes
1007 4621 1166 4682 tedititantes
1184 4620 1221 4681 B)
1242 4630 1268 4669 nt
1287 4621 1378 4669 cranius
1396 4615 1424 4665 sd

136 4697 193 4732 enm
217 4686 346 4736 editanere
369 4688 481 4749 (ituuere
500 4688 547 4752 M)
569 4690 628 4738 item
652 4687 731 4738 habeo
754 4688 847 4751 thebio
865 4690 907 4753 A)
932 4699 956 4737 et
978 4687 1063 4737 habito
1082 4689 1181 4739 ABJI:
1207 4688 1241 4748 εἴ.
1260 4687 1326 4749 345,
1348 4687 1360 4737 1

136 4748 170 4799 85
187 4752 213 4800 tu
231 4767 269 4800 me
288 4753 364 4803 hebet
381 4755 532 4806 tttbhectrias
548 4772 609 4808 eom.
629 4758 688 4808 Lot.
706 4760 752 4808 ret.
769 4774 795 4822 p.
820 4759 849 4807 ta
