3114 5356
559 317 659 392 ,altu
684 317 824 378 uniunt
844 317 916 380 tm.
939 317 952 378 l
1359 324 1422 384 416

1196 438 1370 490 emme

116 509 296 576 ederentur,
328 512 361 563 ut
394 522 429 562 er
454 503 581 581 oppido,
612 502 649 564 ab
676 504 740 563 illo:
774 505 799 565 si
828 513 1026 566 consonantes
1053 515 1229 584 sequantur,
1264 519 1422 573 extremam

115 609 243 669 litteram
266 605 407 686 perdunt,
436 612 466 664 ut
489 623 506 665 c
528 605 607 678 loro,
636 605 788 680 altarem
819 605 952 666 similiter
975 604 1000 664 si
1028 607 1136 667 vocalis
1155 618 1296 687 sequatur
1313 631 1421 676 conso·

116 709 215 770 nantis
236 708 301 768 loco
324 706 435 786 posita,
459 713 492 765 ut
511 724 527 765 a
551 706 677 780 lunone,
699 725 716 766 e
737 707 861 780 virtute,
889 724 905 765 a
927 707 1003 766 vino.
1049 708 1104 768 hae
1124 718 1274 787 praeterea
1295 732 1421 794 praepo·

115 812 256 882 sitiones,
282 816 315 868 ut
337 806 512 884 quibusdam
536 805 663 880 videtur,
692 826 751 866 non
772 808 848 866 idem
874 826 1022 885 unumque
1044 808 1220 885 significant.
1265 832 1320 875 nec
1342 817 1419 876 euim

115 930 207 973 unum
231 919 311 971 esta
335 909 448 969 theatro
470 908 569 969 venire
590 917 620 968 et
641 927 676 967 ex
695 908 818 969 theatro.
859 928 926 969 nam
949 910 999 986 qui
1022 909 1093 969 dicit
1120 929 1136 968 a
1165 912 1278 975 theatro
1301 934 1360 976 non
1387 938 1421 978 ex

114 1015 182 1093 ipso
203 1013 318 1073 theatro
339 1010 395 1071 sed
414 1029 430 1070 e
451 1010 517 1071 loco
540 1009 590 1087 qui
612 1017 657 1068 est
679 1009 828 1087 proximus
849 1011 979 1083 theatro,
1003 1012 1052 1088 qui
1074 1031 1108 1072 eu
1131 1013 1245 1074 theatro
1268 1037 1300 1077 se
1319 1020 1417 1079 venue

115 1114 188 1174 dicit
215 1132 250 1172 ex
277 1113 343 1192 ipso
371 1111 449 1171 venit
470 1112 594 1172 theatro.
639 1110 685 1170 his
703 1111 971 1190 praepositionibus
994 1114 1139 1174 contraria
1160 1115 1334 1201 potestaten
1349 1130 1419 1181 sunt

114 1215 152 1275 ad
176 1222 206 1273 et
225 1213 270 1285 in,
299 1231 374 1290 quae
397 1221 426 1272 et
447 1213 528 1292 ipsae
555 1231 615 1272 non
635 1230 726 1272 unrun
747 1212 883 1289 idemque
905 1212 1085 1290 significant,
1115 1216 1181 1293 quia
1206 1218 1236 1277 in
1259 1220 1354 1281 lorum
1376 1221 1419 1281 ire

115 1323 163 1375 est
184 1316 214 1375 in
237 1315 336 1393 ipsum
357 1315 452 1375 lorum
476 1315 603 1387 intrare,
626 1315 661 1374 ad
684 1315 780 1374 lorum
796 1322 892 1373 autem
914 1314 971 1388 ire,
991 1316 1021 1375 in
1040 1316 1137 1378 locum
1155 1321 1219 1380 l'oro
1236 1320 1418 1398 proximnm3

116 1425 150 1478 ut
170 1416 200 1475 in
223 1415 348 1476 tribunal
370 1424 399 1475 et
420 1415 457 1475 ad
476 1414 603 1475 tribunal
630 1415 729 1475 venire
757 1433 816 1475 non
839 1434 929 1475 unum
952 1424 1013 1487 est,
1045 1418 1112 1494 quia
1135 1420 1171 1480 ad
1192 1420 1318 1482 tribumd
1340 1422 1431 1483 venit

115 1518 261 1595 litigator,
284 1517 313 1582 iu
335 1516 461 1577 tribunal
481 1535 549 1576 vero
570 1527 689 1595 praetor
708 1524 759 1577 avit
776 1516 871 1577 iudex.

592 1722 642 1782 llll
666 1722 945 1783 coniunctione

204 1840 378 1904 Coniunctio
402 1852 537 1920 estpars
560 1842 701 1902 orationis
723 1839 935 1901 indeclinabilis
954 1842 1096 1920 copulans
1120 1862 1285 1903 sermonem
1304 1852 1334 1904 et
1349 1863 1419 1905 con-

118 1947 244 2023 iungens
261 1943 316 2002 vim
332 1950 360 2002 et
378 1941 509 2001 ordinem
530 1942 656 2021 partium
673 1942 821 2003 virationis.
861 1962 929 2003 uam
948 1945 986 2004 ob
1004 1944 1060 2003 hoe
1079 1944 1185 2004 meruit
1204 1961 1328 2018 nomeu,
1350 1947 1417 2024 quia

117 2066 172 2127 pro
194 2043 310 2104 viuculo
328 2043 524 2123 interponitur
543 2044 676 2104 orationi.
715 2043 840 2104 laxatum
856 2043 932 2104 enim
952 2053 980 2104 et
996 2044 1133 2104 dillusum
1154 2063 1318 2106 sermonem
1335 2066 1417 2108 more

118 2155 240 2208 catenae
260 2145 431 2224 interposita
454 2144 587 2205 devincit.
633 2144 788 2205 Palaemon
811 2164 874 2205 eam
897 2145 935 2205 ita
959 2145 1073 2218 desunt,
1097 2147 1263 2209 coniunctio
1284 2157 1417 2230 estpars

117 2247 260 2308 orationis
285 2256 443 2308 conectens
466 2246 663 2323 ordinansque
692 2246 875 2305 sententiam.
921 2246 1158 2307 coniunctionum
1183 2250 1326 2328 quaedam
1349 2261 1418 2314 sunt

117 2346 311 2428 pnncipales,
336 2348 409 2407 aliae
432 2347 662 2424 subseqneuteS,
684 2345 757 2406 aliae
777 2346 906 2419 mediae,
927 2347 1033 2424 quibus
1055 2348 1191 2409 utralibet
1212 2360 1295 2429 parte
1311 2352 1417 2432 positis

117 2451 183 2510 sine
205 2450 274 2508 vitio
297 2447 484 2525 coniungitur
505 2447 607 2508 oratio.
652 2446 822 2527 principalis
843 2455 888 2507 est
912 2447 1079 2508 coniunctio
1102 2449 1176 2526 sed,
1199 2460 1232 2510 ut

285 2550 347 2609 sod
372 2554 406 2608 te
429 2548 491 2625 qui
514 2548 632 2608 vivum
656 2567 765 2608 casus
788 2566 854 2625 age
877 2549 956 2607 lare
979 2547 1157 2609 vicissim.

118 2670 185 2710 nam
209 2649 256 2709 ille
275 2650 347 2709 ordo
367 2648 416 2709 ubi
438 2650 626 2729 postponitur
647 2650 779 2728 poeticus
802 2657 847 2710 est
869 2667 923 2728 per
941 2649 1139 2728 anastrophen
1157 2652 1261 2726 lactus,

285 2751 366 2829 ipsa
390 2751 452 2810 sed
473 2750 511 2809 in
534 2750 674 2810 somnis
697 2749 714 2809 i.
739 2769 767 2809 u.
790 2771 815 2810 v.
836 2749 853 2809 i.
875 2769 900 2810 c.

119 2851 303 2928 subsequens
331 2858 378 2910 cst
403 2869 476 2928 que,
508 2850 602 2911 inedia
629 2860 674 2911 est
699 2852 794 2913 etiam.
840 2851 1039 2912 coniunctioni
1067 2852 1204 2913 accidunt
1231 2856 1322 2932 figura
1346 2854 1418 2916 ordo

118 2959 259 3030 potestas.
304 2952 395 3029 ligura
418 2960 464 3012 est
485 2970 541 3029 qna
564 2961 686 3031 apparet
710 2962 759 3012 aut
786 2952 907 3033 simplex
934 2953 986 3024 sit,
1019 2961 1051 3012 nt
1073 2972 1155 3026 nam,
1184 2963 1233 3015 aut
1255 2956 1418 3034 conposita,

119 3061 152 3112 ut
179 3068 316 3128 namque.
362 3053 433 3113 ordo
463 3053 702 3113 coniunctionum
731 3053 837 3133 triplici
863 3073 970 3133 genere
998 3054 1158 3113 servandus
1186 3065 1246 3130 est,
1284 3052 1416 3142 [primo]

119 3172 177 3231 quo
201 3140 323 3232 app'arot
343 3161 440 3214 utrum
469 3151 664 3232 praepositiva
693 3154 746 3226 sit,
776 3162 807 3214 ut
829 3173 911 3227 nam,
934 3173 972 3214 au
992 3155 1190 3229 subiunctiva,
1218 3165 1251 3215 ut
1269 3174 1343 3234 quc,
1373 3156 1416 3216 vel
1447 3167 1456 3184 ·

118 3275 193 3333 quae
217 3256 358 3334 praeponi
381 3262 411 3315 et
434 3254 571 3332 subiungi
593 3255 703 3333 possit,
725 3263 757 3314 ut
779 3254 876 3331 itaque
899 3273 1035 3333 namque.
1079 3264 1211 3335 potestas
1234 3257 1417 3318 coniunctio·

118 3374 189 3416 num
219 3355 246 3414 in
270 3356 399 3433 quinque
430 3355 584 3415 distributa
614 3355 728 3434 species
755 3354 900 3416 dividitur.
946 3364 1016 3416 suut
1044 3357 1120 3415 enim
1151 3357 1331 3437 copulativae
1357 3356 1418 3417 dis-

118 3456 263 3518 iunctivae
285 3456 443 3540 expletivae
466 3457 599 3518 caersales
621 3456 787 3517 rationales
832 3455 1013 3535 copulativae
1033 3457 1104 3531 hae,
1137 3466 1242 3535 etque
1263 3477 1298 3517 ac
1323 3467 1352 3519 at
1373 3466 1419 3518 ast
1487 3504 1492 3519 .

119 3568 207 3637 atque
229 3560 285 3633 (at,
308 3557 381 3617 haee
399 3558 557 3636 particula,
586 3578 652 3619 cum
679 3557 844 3618 coniunctio
867 3566 927 3630 est,
955 3575 1009 3637 per
1030 3566 1043 3617 t
1063 3559 1215 3632 scribitur,
1241 3577 1309 3618 cum
1332 3576 1418 3639 prae-

117 3660 226 3741 positio
248 3667 307 3731 est,
340 3678 394 3737 per
417 3659 468 3735 d);
506 3659 710 3732 disiunctivae,
741 3667 844 3720 autre
864 3656 908 3716 vel
932 3677 987 3718 neo
1007 3677 1104 3737 neque
1128 3681 1164 3721 an
1187 3680 1224 3721 ne
1246 3679 1305 3720 neu
1327 3678 1417 3734 neve;

118 3760 292 3840 expletivae,
326 3759 442 3838 quidem
476 3759 611 3836 equidem
640 3779 755 3840 quoque
784 3768 882 3822 autem
909 3767 1007 3820 tamen
1034 3780 1123 3841 porro
1152 3765 1284 3842 prolecto
1311 3761 1417 3822 deiude

188 3985 204 4031 2
230 3983 393 4031 consonantis
418 3997 435 4038 ς
458 3983 651 4033 consonantium
667 3983 752 4032 ABM
836 3983 853 4032 5
879 3999 911 4032 ex
934 3984 1032 4035 theatro
1057 3986 1100 4048 qui
1117 3999 1148 4033 ex
1166 3983 1264 4034 theatro
1281 4001 1310 4035 ee
1329 3986 1418 4034 uenire

119 4053 178 4100 elicit
197 4067 230 4099 ex
247 4052 303 4116 ipso
322 4051 390 4099 uenit
408 4051 514 4102 theatro.
552 4051 615 4100 Nem
639 4053 682 4114 qui
703 4053 764 4103 dieit
786 4067 802 4100 a
825 4051 923 4102 theatro
948 4068 998 4102 non
1020 4069 1052 4102 ex
1074 4055 1131 4118 ipso
1149 4053 1247 4102 theatro
1266 4055 1416 4105 sedeloco

119 4122 161 4184 qui
180 4129 219 4169 est
235 4121 367 4184 proximus
385 4119 481 4170 theatro
501 4120 541 4169 his
560 4120 663 4171 ABMe
676 4130 769 4172 reotwn
786 4121 898 4172 ordinem
915 4125 1028 4174 indicunt
1047 4128 1104 4174 exe.
1124 4124 1237 4188 ortdopr.
1321 4125 1336 4171 7
1355 4137 1416 4173 con-

117 4189 209 4238 trariae
227 4198 286 4237 sunt
303 4204 337 4251 p:
368 4189 399 4237 ad
418 4199 442 4239 et
460 4190 486 4238 in
506 4188 628 4255 praelatis
645 4191 878 4256 praepositionibus
897 4207 972 4256 pares
992 4200 1051 4240 snut
1069 4192 1195 4240 contraria
1212 4199 1337 4258 potestate
1356 4199 1416 4242 eunt

117 4258 298 4320 excortdopr.
353 4256 628 4323 8quae]quodABM
679 4257 712 4308 10
725 4256 939 4322 qulaAquiBM
990 4261 1022 4310 14
1033 4260 1170 4325 partiumc
1177 4259 1350 4325 partieABM
1355 4279 1365 4311 .·
1378 4258 1412 4321 cs.

117 4328 244 4376 Priscian
254 4343 281 4390 p.
292 4325 358 4375 1025
413 4326 444 4376 16
462 4328 597 4383 deuineit5
615 4326 740 4377 demsitA
758 4328 911 4394 dempsltM
925 4328 1056 4379 demsetB
1073 4328 1185 4378 deusatb
1236 4327 1412 4378 Palaemon—

115 4397 176 4454 416,
189 4395 221 4447 31
242 4410 317 4457 quem
334 4393 374 4442 hie
387 4396 486 4447 Gloria.
495 4414 523 4460 p.
537 4395 586 4446 198
597 4412 652 4461 sqq.
724 4397 812 4447 defluit
824 4397 857 4447 M
865 4408 890 4449 et
901 4399 1032 4449 Charisius
1049 4396 1147 4447 definiit
1156 4396 1181 4445 B
1192 4396 1308 4446 deduiuit
1320 4397 1345 4445 A

118 4464 150 4514 19
167 4464 215 4513 sed
232 4479 279 4514 om.
294 4463 385 4524 ABM,
403 4466 463 4517 add.
475 4483 497 4514 m
513 4475 536 4515 et
554 4465 686 4516 Gloriatur
754 4464 790 4516 20
807 4466 853 4516 scd
870 4477 895 4516 te
914 4467 958 4530 qui
976 4465 1099 4516 ulnnt
1117 4465 1183 4514 aedit
1201 4465 1260 4528 equi
1279 4465 1367 4514 uiuum
1382 4467 1416 4515 M

116 4533 162 4581 sed
182 4534 241 4596 equi
259 4532 330 4581 oium
349 4533 373 4581 A
391 4534 436 4582 sed
454 4535 496 4598 qni
515 4543 539 4583 te
556 4534 644 4581 uiuum
662 4549 687 4591 ς.
711 4536 789 4600 Vera.
800 4535 865 4585 Aen.
885 4533 986 4585 V1581
1069 4535 1101 4586 21
1121 4532 1268 4584 anastroleu
1286 4533 1348 4584 AM

116 4603 149 4650 22
167 4598 235 4666 ipso]
259 4603 337 4665 Verq.
355 4602 418 4651 Aen.
439 4606 447 4652 l
468 4603 519 4654 353
540 4604 597 4667 lpse
615 4603 661 4652 sed
679 4604 704 4651 iu
722 4604 820 4653 somnis
838 4604 961 4655 inhumati
979 4605 1048 4653 venit
1065 4605 1150 4667 imago
1168 4602 1292 4668 Coniugis
1380 4603 1413 4655 2³

116 4679 153 4717 est
172 4684 238 4731 qnae
257 4669 308 4718 AB
326 4684 390 4731 quoe
406 4672 465 4732 (om.
484 4671 534 4728 estl
554 4671 586 4719 M
655 4672 776 4721 accedunt
793 4672 850 4721 AM
920 4672 954 4721 27
970 4679 1084 4738 potestas
1098 4670 1207 4733 -416,
1222 4671 1254 4720 14
1272 4671 1295 4721 si
1313 4671 1415 4735 quidem

115 4741 208 4788 Donat.
225 4755 251 4802 p.
276 4737 342 4788 1763
361 4741 438 4790 Prod.
455 4757 482 4803 p.
500 4740 550 4789 365
568 4756 607 4804 sq.
631 4742 673 4790 ed.
697 4741 806 4792 Vindod.
832 4742 921 4792 Claud.
939 4742 1046 4792 Sacerd.
1062 4758 1091 4805 p,
1111 4742 1145 4791 22
1163 4757 1218 4806 sqq.
1239 4741 1279 4792 ed.
1301 4741 1412 4793 Vindob.

184 4807 218 4858 29
236 4822 265 4854 ae
283 4824 329 4858 om.
348 4808 397 4855 AB
474 4808 508 4857 30
524 4808 556 4855 od
573 4806 637 4856 haer·
654 4809 678 4857 A
954 4818 958 4825 '
