3114 5356
145 316 164 379 8
710 309 872 373 cntmsll

144 502 306 564 nuntiatio.
335 499 442 561 barum
464 500 548 573 duae,
567 498 576 559 i
596 505 625 558 et
645 517 675 570 u,
693 504 845 559 transeunt
859 496 892 556 iu
906 496 1141 558 consonantium
1151 501 1347 576 potestaten,
1364 515 1433 558 cum

146 611 201 667 out
226 604 318 682 ipsae
342 601 423 664 inter
450 620 485 662 se
509 598 706 681 qeminantur
733 605 788 660 aut
813 617 881 660 mum
906 599 980 660 aliis
1006 596 1169 659 vocalibus
1190 598 1364 678 iunguntur,
1401 608 1433 660 ut

146 704 224 767 luno
245 705 311 765 citu
328 701 426 765 lanus
442 704 530 764 iecur
546 708 635 763 cates
656 700 748 761 auec
768 718 841 762 noc.
876 700 1099 764 consonantium
1118 699 1232 779 speeies
1250 686 1296 761 est
1313 700 1429 782 duplex.

147 816 215 872 sunt
237 807 313 868 enim
333 805 417 868 oliae
437 804 656 879 semivocales,
680 802 765 863 aliae
787 809 899 864 mutae.
934 802 1121 866 semivocales
1144 811 1304 881 suntquae
1326 821 1380 882 per
1398 823 1431 866 se

147 910 261 990 qudem
283 910 491 990 proferuntur,
521 907 579 969 sad
597 925 656 986 per
676 924 711 967 se
731 904 887 986 syllabam
907 904 1127 984 non‘fociunt:
1154 911 1227 966 sunt
1252 911 1353 966 auum
1372 916 1458 967 ssu-⁸

146 1029 229 1072 mero
251 1016 383 1091 septem,
410 1009 509 1088 flm
526 1028 548 1070 n
567 1027 586 1068 r
606 1025 623 1068 s
644 1025 695 1068 oa·
721 1026 756 1069 ex
777 1008 824 1070 his
845 1007 970 1087 liquidae
991 1014 1062 1069 sunt
1082 1014 1235 1086 quattuor,
1263 1007 1329 1083 im
1356 1027 1377 1070 n
1405 1029 1429 1083 r,

146 1132 220 1218 iprae
245 1119 417 1193 propterea
443 1108 580 1190 liquidae
606 1109 709 1171 dictae
733 1115 821 1184 suut,
858 1109 936 1188 quod
969 1109 1066 1171 minus
1094 1108 1165 1169 aridi
1191 1108 1317 1171 habeant
1344 1111 1431 1172 etin

144 1214 381 1296 pronuntiatione
399 1211 571 1293 liquescant
588 1219 617 1273 et
636 1209 790 1291 syllabam
811 1211 955 1291 positione
977 1211 1093 1291 longam
1112 1212 1207 1273 lacere
1226 1229 1286 1272 uon
1305 1213 1429 1293 possint,

144 1317 175 1377 si
203 1315 236 1377 in
267 1313 376 1376 eadem
406 1313 531 1394 syllaba
561 1320 718 1393 ponuntur
746 1331 813 1373 mam
838 1308 932 1374 mtto.
977 1331 1044 1374 nam
1074 1313 1105 1374 in
1130 1312 1280 1394 illo·pede
1308 1312 1357 1393 qui
1385 1322 1431 1377 est

145 1415 320 1478 ‘Pboeba
338 1421 499 1497 qraoes’
520 1434 538 1475 r
560 1431 728 1477 consonans
743 1414 839 1495 plena
858 1414 962 1477 littora
985 1434 1048 1477 nom
1068 1416 1192 1478 habetur
1213 1424 1243 1478 et
1260 1405 1338 1497 ὑγρά
1359 1417 1455 1478 dici-r

145 1526 207 1594 tur,
230 1520 259 1580 id
278 1527 324 1581 est
344 1517 468 1597 liquida,
490 1525 520 1579 et
541 1517 633 1598 accipi
653 1516 740 1578 debet
758 1517 846 1595 quasi
866 1516 936 1578 sola
955 1538 976 1597 q
997 1518 1101 1579 littero
1121 1519 1171 1581 nel
1190 1518 1245 1582 alia
1264 1537 1430 1580 consonans

144 1621 238 1682 vocali
259 1626 424 1699 correptae
442 1618 584 1680 subiecto
606 1626 695 1679 esset.
741 1638 776 1680 ex
797 1618 843 1680 his
865 1636 921 1680 una
944 1617 1050 1700 duplex
1067 1629 1113 1681 est
1132 1640 1160 1681 x.
1204 1627 1326 1682 constat
1351 1621 1431 1681 enin

145 1729 261 1783 autea
280 1741 301 1803 ς
323 1727 404 1798 ets,
427 1728 461 1782 ut
481 1739 541 1782 rex
561 1720 661 1801 repis,
684 1725 794 1781 autea
815 1739 833 1781 c
853 1724 882 1780 at
902 1736 935 1796 s,
958 1726 991 1780 ut
1005 1722 1065 1802 pia
1083 1722 1181 1802 picis,
1203 1723 1334 1804 ideoque
1352 1721 1432 1784 baec

143 1824 248 1887 littera
267 1842 284 1885 a
305 1823 488 1904 quibusdam·
500 1828 630 1903 negatur.
675 1829 772 1884 mutae
800 1831 869 1885 sunt
895 1840 969 1902 quae
990 1842 1086 1903 neque
1106 1825 1297 1905 proluuntur
1314 1843 1374 1905 per
1395 1843 1431 1886 sa

143 1944 239 2006 neque
256 1943 311 2006 per
333 1943 366 1987 se
389 1923 528 2005 syllabam
555 1923 682 1985 iaciunt:
712 1931 786 1986 aunt
806 1931 906 1986 amna
924 1943 1050 1987 numero
1071 1943 1193 2002 nocam,
1222 1926 1451 2006 hadglrkr

141 2049 161 2111 p
184 2035 242 2107 qt.
287 2045 321 2088 ex
341 2025 390 2088 bis
408 2043 626 2106 superuacuae
652 2025 837 2107 quibusdam
864 2027 997 2089 videntur
1024 2027 1042 2088 k
1071 2036 1101 2088 ct
1127 2046 1162 2107 q,
1189 2028 1266 2106 quod
1291 2048 1308 2089 c
1335 2029 1430 2090 littam

141 2131 246 2193 horum
272 2129 371 2191 locum
397 2129 492 2209 possit
516 2128 651 2209 inplere,
685 2137 719 2190 ut
747 2136 827 2210 puto
854 2127 1022 2211 Cartbaqo.
1074 2130 1262 2211 praeponitur
1289 2132 1429 2192 autemk

142 2231 277 2312 quotim
301 2249 319 2292 a
347 2228 494 2308 sequitur,
523 2237 555 2291 ut
573 2230 733 2315 ‘kalendaa3
772 2251 790 2312 q
813 2230 962 2294 scribitur
983 2233 1122 2312 quotiens
1141 2251 1163 2292 u
1184 2232 1339 2293 coniuncta
1362 2251 1429 2293 eum

141 2333 196 2397 alia
217 2331 310 2395 vocab
332 2331 536 2410 subsequitur,
563 2341 597 2395 ut
613 2351 740 2412 quereus
760 2335 875 2412 questio
899 2341 1031 2414 quantus
1051 2341 1079 2394 et
1100 2333 1151 2394 bis
1170 2333 1294 2394 similia
1339 2334 1430 2395 hau·

141 2445 200 2525 terp
220 2454 280 2499 uon
301 2436 396 2497 littora
415 2432 603 2496 existimatur.
647 2455 663 2515 y
687 2443 716 2496 et
734 2455 749 2497 a
770 2443 890 2516 propter
915 2436 1024 2498 Graeca
1041 2435 1158 2496 riomiua
1180 2435 1370 2498 admittimus.
1442 2464 1448 2503 ς

144 2690 171 2742 N
210 2777 255 2826 ..i
273 2772 324 2840 duq
343 2772 372 2824 .l.
390 2771 415 2821 dr
433 2787 450 2821 u
463 2780 593 2825 transeunt

211 2864 349 2927 iunguntur
367 2865 395 2909 ut
410 2861 485 2911 nanda
502 2867 527 2911 et
543 2864 617 2912 ianas

210 2947 345 2998 asonsutid
365 2946 465 3012 species
485 2949 501 2997 ὀ
518 2947 613 3014 duplex
631 2931 656 3000 [t
673 2949 701 2998 ll

211 3033 355 3103 Seminis-t
378 3053 392 3114 q
419 3065 440 3117 p·
465 3069 494 3104 se
523 3052 626 3115 quidem
654 3050 714 3116 pler

208 3156 246 3206 Ex
264 3154 305 3204 his
323 3138 469 3219 liquide-sl
491 3155 544 3205 llll.
563 3153 582 3207 1.
599 3169 633 3204 m.
651 3169 676 3203 n.
695 3169 715 3203 r.
732 3169 782 3220 quq

208 3257 232 3308 q
256 3243 338 3293 minsis
369 3243 432 3293 aridi
459 3241 568 3293 habeant
594 3249 619 3293 et
646 3242 672 3291 in
698 3241 852 3307 pronuntiati

209 3330 336 3395 positione
355 3331 456 3398 longam
475 3329 558 3381 lacere
573 3332 588 3380 ir
604 3331 704 3396 po'sslut

207 3416 270 3467 Nam
289 3418 315 3468 lu
334 3417 458 3483 illopede
477 3419 519 3481 qui
538 3419 553 3468 i
570 3419 629 3484 pini
649 3434 700 3484 pra
817 3429 896 3467 osone

207 3503 240 3553 hr‘
270 3513 294 3554 et
322 3519 400 3555 rrsan
429 3504 470 3555 ite
498 3505 596 3569 liquida
619 3515 643 3556 et
670 3506 752 3570 accipi
776 3503 851 3554 debet
876 3505 892 3566 q

208 3590 259 3640 alia
275 3604 385 3644 ssonaus
403 3592 486 3644 uocati

209 3677 247 3726 Ex
262 3678 303 3728 his
320 3694 371 3729 uua
390 3678 486 3745 duplex
507 3686 545 3728 est
561 3676 585 3726 X

206 3779 222 3811 u
239 3764 344 3826 quindiu
365 3774 472 3833 negatur
492 3761 518 3830 ll
535 3765 561 3819 b.
581 3779 603 3818 c.
625 3763 650 3813 d.
670 3780 696 3829 g.
716 3761 742 3811 h.
762 3761 787 3810 k.
807 3776 833 3827 p.
849 3779 874 3826 q.
893 3772 910 3811 t.
927 3778 958 3813 ex

205 3850 272 3900 blute
289 3861 348 3901 suut
363 3856 379 3916 q
396 3868 451 3916 neq.
470 3850 552 3915 plear.
564 3888 570 3900 .
581 3886 587 3899 .
598 3887 604 3898 .
616 3887 622 3900 .
633 3864 703 3912 ‚neq.
721 3862 787 3914 p‘sa
806 3849 928 3915 syllabam
948 3849 997 3899 laci

171 3956 175 3963 ·
205 3938 352 3988 uidenturls
369 3947 393 3989 et
412 3957 437 4002 q.
456 3952 480 4003 q
500 3937 610 3987 alittera
628 3936 677 3985 hof
697 3936 780 3986 laeum
799 3937 879 4000 possit

203 4021 302 4091 qipouit’
320 4024 344 4074 li
362 4026 379 4073 lu
397 4025 513 4088 quotiens
530 4039 545 4074 a
562 4023 678 4086 sequitur
694 4029 721 4071 ut
737 4021 848 4087 kalende

206 4113 290 4162 iuncta
308 4112 329 4160 c’
349 4111 400 4162 allo
416 4111 498 4161 uoculi
517 4111 624 4174 subse&
640 4120 667 4160 ut
683 4111 908 4173 quercus.questlo

207 4198 222 4248 h
244 4201 276 4248 ssu
296 4197 310 4247 r'r
327 4198 410 4247 littera
429 4198 621 4264 existimatur.y
638 4205 663 4248 et
680 4213 693 4245 z
712 4199 745 4262 pp
764 4211 840 4263 greca
858 4199 906 4248 urffi
925 4195 958 4245 ud

208 4370 225 4421 8
242 4370 342 4436 possint
359 4369 397 4418 ael
413 4376 520 4433 possunt
537 4370 588 4433 lapi
602 4374 706 4431 poterut

205 4613 222 4665 3
246 4614 361 4676 exempta
384 4613 524 4663 marasan
545 4615 556 4662 i
576 4619 634 4663 atu
660 4614 735 4675 posui
751 4625 783 4661 ea
805 4609 892 4675 quibus
915 4626 975 4659 usus
999 4615 1037 4659 est
1060 4607 1192 4659 Dimaades
1215 4624 1241 4670 p.
1262 4607 1313 4658 tltl
1399 4610 1431 4661 10

136 4681 252 4748 Phoebe]
279 4685 356 4747 Verp.
381 4683 448 4733 Asu.
470 4683 505 4732 Vl
522 4681 565 4734 bd.
602 4683 686 4733 eodem
710 4683 823 4744 exemplo
846 4682 872 4730 in
889 4681 975 4731 eadem
989 4695 1018 4728 re
1034 4679 1114 4728 utitur
1131 4677 1262 4728 diaeonus
1285 4678 1432 4729 Victorinus

134 4766 162 4814 p.
183 4752 249 4805 1963
337 4753 368 4803 li
389 4753 504 4816 sortasse
521 4754 546 4802 in
570 4753 655 4802 rodim
669 4753 721 4814 fuit
745 4767 826 4815 neque
848 4750 955 4816 prolerri
977 4757 1084 4817 possunt
1109 4763 1206 4811 neque,
1231 4755 1258 4797 ut
1274 4747 1432 4799 scribendum

131 4821 224 4888 fuisset
241 4837 323 4884 neque
340 4836 387 4888 per
409 4837 437 4874 sc
455 4821 563 4890 prolerri
582 4832 689 4890 possunt
707 4837 789 4884 neque
