3114 5356
601 277 1030 343 lammasabactani
1370 298 1374 305 ’
1404 283 1466 349 263

157 392 408 529 sommariis
427 472 508 525 certo
528 463 606 538 scio,
629 464 753 543 ideoque
775 463 812 525 de
835 464 898 538 bis,
920 464 990 543 quid
1006 471 1020 547 ii
1033 484 1166 546 ‘illaeque
1184 398 1464 548 Signiiigx’oesiziul’

158 569 240 648 quod
263 587 324 628 nou
343 567 471 628 alienum
492 565 529 626 ab
549 584 582 626 re
604 574 664 640 est,
688 574 820 645 tempora
839 583 957 645 quoque
975 567 1072 628 omnia
1094 568 1264 650 principalia
1285 582 1314 631 et
1334 590 1410 651 quae
1428 593 1464 635 ex

158 671 208 732 his
228 668 398 731 derivantur
419 666 648 748 explanabimus.
694 674 763 728 sunt
788 667 866 728 enim
894 675 1026 746 tempora
1050 668 1180 742 instans,
1215 672 1294 749 quod
1321 681 1351 743 et
1380 693 1465 753 prae-

159 791 241 845 sens,
258 769 449 850 praeteritum
465 769 668 848 inperfectam,
686 769 859 848 perfectum,
874 768 1203 852 plusquamperfectum,
1219 775 1368 849 faturum;
1384 775 1421 835 de
1444 801 1463 837 s

130 873 280 952 equium,
301 879 335 931 ut
353 870 480 932 breviter
498 869 602 946 dicam,
626 871 759 931 universa
778 870 863 931 nobis
888 871 1138 934 administrabitur
1159 875 1261 936 oratio.
1299 873 1386 952 igitur
1407 876 1463 939 ista

160 984 311 1054 tempora,
334 971 471 1051 quoniam
493 971 581 1032 modo
601 973 726 1045 finitiva,
749 990 981 1052 nonnumquam
1002 975 1144 1052 optativa,
1167 994 1377 1056 saepenumero
1392 978 1463 1039 sub·

159 1077 290 1139 iunctira
311 1082 397 1148 sunt,
420 1092 474 1153 pro
497 1079 530 1133 ut
550 1074 624 1134 ratio
645 1073 765 1146 suadet,
787 1074 953 1152 iungentur.

247 1178 369 1251 Sermo,
400 1175 470 1235 dum
492 1173 620 1236 finitivus
643 1183 704 1247 est,
731 1174 892 1236 absolutiva
915 1175 1050 1249 effertur,
1072 1184 1121 1238 aut
1143 1178 1212 1238 dum
1231 1187 1384 1259 optamus,
1414 1191 1464 1244 aut

160 1282 250 1354 dum,
278 1286 311 1341 ut
330 1277 479 1358 repleatpr
498 1293 619 1347 sensus,
650 1276 818 1336 necessario
838 1276 1058 1355 subiungimus,
1088 1278 1165 1339 unde
1187 1280 1369 1342 subiunctiva
1390 1302 1464 1361 quo·

121 1410 148 1451 ιο
162 1403 220 1463 que
241 1379 386 1462 appellata
410 1386 456 1439 cst
478 1374 558 1437 verbi
576 1375 709 1454 qualitas.
748 1376 846 1454 itaque
864 1378 1083 1456 conixmguntur
1103 1380 1181 1441 inter
1202 1401 1235 1443 se
1257 1389 1388 1462 tempora
1406 1385 1463 1447 boc

160 1483 260 1544 modo.
291 1482 406 1542 instans
423 1479 600 1539 finitirorum
616 1477 745 1554 iungitur
759 1478 880 1540 instanti
895 1480 1162 1554 subiunctirorum,
1186 1480 1265 1544 velut
1278 1484 1344 1547 dico
1361 1505 1464 1565 quam·

161 1586 204 1646 ais
226 1583 398 1670 intellegas:
421 1581 491 1641 item
514 1579 592 1640 idern
614 1587 730 1658 tempus
752 1580 866 1643 instans
890 1581 1065 1643 fruitivorum
1087 1581 1217 1661 iungitur
1239 1589 1370 1666 perfecto
1393 1590 1463 1651 sub-

159 1685 367 1759 iunctivorum,
389 1680 471 1744 uelut
488 1683 554 1743 dico
570 1681 700 1760 quamvis
720 1681 912 1744 intellexeris:
935 1682 1013 1743 idem
1034 1692 1150 1763 tempus
1171 1675 1300 1765 iungitur
1319 1697 1349 1750 et
1367 1692 1465 1753 futuro

161 1789 374 1868 optatirorum,
395 1784 474 1847 velut
495 1785 561 1845 dico
583 1790 615 1844 ut
636 1781 804 1860 intellegas,
828 1792 861 1844 ut
882 1784 960 1863 apud
982 1783 1140 1863 Vergilium
1159 1789 1232 1863 (non
1255 1789 1463 1871 euimrefugi·

121 1909 147 1949 rs
159 1908 227 1950 mus
251 1886 396 1966 quaedam
417 1884 557 1965 exemplis
579 1884 717 1964 probare)

305 2006 520 2067 quamquam
542 1985 689 2046 animus
711 1985 929 2047 meminisse
952 1987 1085 2050 horret
1105 1990 1284 2066 luctuque
1305 1992 1462 2071 refugit,

304 2089 501 2169 incipiam;

160 2209 340 2275 quamquam
353 2190 468 2284 horret,
483 2189 631 2269 incipiam.
653 2188 847 2267 inperfectum
869 2189 1044 2252 fmitixorum
1064 2190 1194 2269 iungitur
1208 2190 1371 2271 inperfecto
1394 2196 1464 2256 sub·

160 2295 368 2367 iunctivorum,
383 2292 464 2352 velut
477 2291 610 2352 dicebam
628 2288 758 2367 quamtis
771 2289 972 2368 intellegeres:
987 2291 1057 2352 item
1069 2291 1146 2351 idem
1162 2299 1278 2372 tempus
1291 2294 1420 2373 iungitur
1434 2304 1463 2356 et

115 2425 150 2465 w
163 2395 454 2479 plusquamperfecto
467 2390 727 2464 subiunctisorum,
737 2391 813 2451 velut
828 2391 961 2454 dicebam
977 2391 1107 2471 quamvis
1123 2375 1327 2455 intellexisses.
1347 2397 1463 2481 pqrfec·

160 2509 224 2561 tum
245 2495 422 2557 fluitivorum
442 2502 471 2553 ct
492 2492 811 2573 plusquamperfectum
832 2492 962 2570 iungitur
980 2493 1142 2573 inperfecto
1164 2493 1413 2558 subiunctirorum
1434 2505 1463 2558 et

160 2596 462 2683 plusquamperfecto,
475 2592 552 2652 velut
564 2592 621 2653 dixi
634 2592 765 2671 quamvis
779 2592 974 2672 intellegeres,
991 2594 1047 2655 dixi
1062 2593 1193 2673 quamvis
1205 2595 1406 2671 intellexisses,
1419 2597 1463 2658 di·

160 2721 260 2764 xeram
276 2697 407 2778 quamvis
423 2694 617 2772 intellegeres,
632 2696 760 2755 dixeram
772 2696 902 2774 quamtis
919 2695 1122 2760 intellexisses
1153 2695 1222 2756 item
1233 2697 1362 2758 futurum
1374 2698 1462 2759 liniti·

159 2820 264 2864 vorum
284 2798 414 2875 iungitur
435 2796 555 2856 instanti
576 2796 825 2858 subiunctisorum
846 2803 875 2855 et
892 2797 1023 2875 perfecto
1046 2804 1075 2855 ct
1098 2796 1195 2856 futmu
1218 2806 1248 2857 et
1267 2799 1461 2877 optativorum

120 2927 148 2968 as
163 2908 263 2966 futuro
288 2902 343 2973 ita,
366 2898 460 2958 dicam
484 2898 614 2974 quamvis
636 2897 804 2976 intellegas,
833 2897 929 2958 dicam
951 2898 1082 2974 quamvis
1104 2898 1297 2973 intellexeris,
1319 2898 1414 2960 dicam
1436 2901 1461 2961 si

161 3002 358 3074 intellexeris,
380 3001 475 3061 dicam
503 3007 535 3061 ut
560 2999 721 3077 intellegas.
748 2996 752 3081 Ι
778 3017 1019 3075 nonnumquam
1041 3000 1170 3078 iungitur
1191 3002 1354 3080 perfectum
1375 3001 1463 3063 finiti·

161 3122 266 3163 vorum
288 3103 386 3164 futuro
409 3102 603 3182 optativorum
629 3101 685 3174 ita,
720 3101 778 3160 dixi
807 3109 838 3161 ut
863 3101 962 3161 facias.
1007 3107 1137 3160 ceterum
1165 3101 1243 3179 quod
1270 3103 1406 3183 superius
1434 3111 1464 3164 et

162 3206 328 3287 inperfecto
348 3203 598 3265 subiunctivormn
621 3200 701 3280 iungi
722 3201 861 3274 diximus,
884 3202 960 3261 hauc
977 3201 1071 3261 adfert
1094 3201 1304 3280 differentiam,
1328 3213 1359 3267 ut
1372 3206 1463 3267 inter-

114 3303 121 3311 ”
162 3309 203 3371 sit
227 3317 327 3369 utrum
350 3307 406 3366 dixi
435 3314 467 3366 ut
495 3307 607 3366 faceres
636 3323 672 3364 au
695 3303 751 3364 dixi
771 3310 803 3363 ut
823 3302 913 3362 facias
935 3302 1140 3376 enuntiemus,
1164 3306 1302 3380 quoniam
1322 3306 1353 3366 in
1375 3326 1464 3387 supe·

117 3438 147 3478 aa
163 3411 257 3483 riore‚
280 3408 338 3469 dixi
359 3416 392 3469 ut
411 3409 538 3482 faceres,
561 3414 590 3467 ct
612 3413 727 3484 tempus
747 3422 805 3482 quo
821 3403 835 3485 Η
849 3403 906 3464 dixi
929 3409 957 3461 et
980 3409 1095 3483 tempus
1117 3421 1175 3481 quo
1192 3412 1223 3464 ut
1240 3408 1290 3466 fiat
1305 3406 1363 3468 dixi
1378 3426 1463 3487 prae·

235 3629 246 3678 l
268 3629 327 3676 ideo
337 3624 406 3687 quod
419 3623 449 3671 de
460 3621 501 3671 lris
512 3621 573 3684 quid
588 3618 630 3682 qq,
645 3617 670 3666 N
683 3617 790 3678 ideoque
806 3615 837 3663 dc
851 3613 891 3663 liis
904 3612 1068 3675 quibusqqz·
1084 3614 1109 3660 P
1178 3616 1193 3663 2
1210 3565 1462 3718 prinezpaliaeiuibis

162 3750 314 3800 detinentur
330 3743 524 3809 explanabimus
541 3740 567 3788 N
590 3738 741 3804 principalia
765 3742 858 3797 etque
882 3747 915 3780 ex
937 3732 978 3781 his
1000 3732 1166 3798 designantur
1183 3732 1351 3798 explanamus
1367 3734 1392 3782 P

162 3822 180 3870 4
197 3819 230 3869 de
250 3817 343 3880 quibus
360 3815 486 3863 disserere
504 3824 553 3860 non
572 3809 647 3872 longe
666 3807 778 3855 alienum
797 3803 924 3867 praesenti
944 3801 1070 3852 desiderio
1092 3809 1135 3851 tuo
1158 3810 1205 3851 est.
1233 3803 1325 3864 quibus
1342 3806 1463 3869 tempori.

163 3890 221 3948 bus,
239 3896 268 3935 ut
285 3885 396 3934 breuiter
412 3882 504 3938 dicam,
524 3879 644 3927 uniuersa
660 3876 733 3925 uobis
751 3872 941 3938 administratur
958 3873 1037 3920 oratio
1055 3871 1187 3921 Diomedes
1203 3886 1230 3934 p.
1250 3870 1315 3931 38³3
1338 3873 1404 3922 unde
1422 3876 1461 3923 ια.

162 3973 252 4007 carnam
268 3954 386 4004 indicaui.
413 3951 445 3999 de
466 3949 558 4012 quibus
578 3947 688 3996 breuiter
706 3944 821 3992 dieamus
838 3952 862 3989 et
887 3941 922 3989 ita
940 3940 1014 3989 nobis
1032 3941 1219 3990 administrabit
1237 3943 1317 3991 oratio
1336 3943 1362 3990 P
1443 3945 1460 3993 5

165 4029 244 4092 igitur
261 4026 311 4073 ista
326 4023 350 4071 N
367 4023 451 4070 ornula
470 4020 519 4066 ista
537 4018 562 4064 P
629 4017 644 4065 7
666 4021 740 4079 prout
753 4013 816 4061 ratio
835 4010 940 4059 suadeat
959 4011 1034 4058 etita
1054 4012 1204 4074 conponitur
1222 4026 1306 4060 sermo
1325 4012 1385 4060 dum
1405 4012 1461 4060 flui-

165 4100 233 4145 tiuus
249 4104 288 4144 est
306 4108 336 4142 ae
354 4091 463 4140 effertur.
482 4102 529 4136 aue
541 4085 601 4136 dum
612 4095 728 4151 optemus
739 4080 864 4145 repleatur
873 4079 898 4127 P
966 4079 983 4127 8
1000 4076 1048 4143 est]
1062 4079 1114 4128 eN
1180 4078 1197 4130 9
1210 4094 1310 4142 qnoque
1324 4089 1375 4129 crea
1388 4081 1459 4130 uerbi

166 4163 276 4229 qualitas
290 4162 314 4210 P
383 4159 416 4208 10
434 4158 482 4206 hoc
498 4156 573 4204 modo
589 4153 731 4219 praeteritis
747 4150 901 4198 llnitiuomm
920 4148 1033 4212 iungitur
1055 4162 1177 4213 praesens
1197 4149 1414 4198 subiunctinomm
1435 4157 1462 4198 ui

163 4235 245 4285 dicas,
264 4230 406 4294 intellegas.
424 4230 483 4275 item
502 4226 578 4274 idem.
597 4225 651 4272 uitia
672 4221 784 4285 iungitur
799 4216 910 4283 perlecto
928 4217 1149 4267 subiunctiuorum
1161 4219 1186 4265 P
1255 4218 1288 4268 14
1306 4216 1459 4282 Vergilium]

164 4304 229 4353 Aea.
253 4303 274 4350 ll
295 4300 335 4348 12.
370 4297 434 4346 idem
450 4296 587 4357 exemptum
605 4293 637 4341 dc
653 4290 824 4341 confricatione
841 4288 956 4336 instantis
969 4287 1119 4347 finitimam
1134 4287 1287 4349 confutare
1300 4289 1458 4349 stativas-ma,

163 4387 229 4437 quac
247 4369 361 4418 inlibris
379 4367 488 4415 Charisii
503 4365 593 4414 onisco
613 4369 659 4424 est,
678 4366 747 4409 recte
762 4357 846 4418 poseat
862 4355 994 4406 Diomedes
1008 4369 1037 4417 p.
1057 4355 1117 4407 384.
1153 4356 1202 4404 sed
1222 4357 1248 4404 ia
1270 4357 1461 4421 perturbatione

164 4443 266 4505 mitique
282 4447 391 4499 tempore
408 4449 454 4482 nec
472 4448 489 4481 a
506 4433 618 4482 librariis
634 4431 707 4493 sacta
724 4426 836 4476 orditam
853 4428 896 4490 qui
911 4432 949 4474 est
961 4425 986 4472 in
1002 4423 1127 4474 codicibus
1143 4424 1235 4487 reliqui
1303 4426 1335 4477 16
1352 4425 1462 4477 luctum.

165 4525 215 4573 quc
232 4510 258 4558 P
339 4505 370 4555 18
386 4517 539 4566 quamquam
556 4500 642 4548 horret
661 4497 779 4561 incipiam
799 4509 845 4544 ora.
865 4494 898 4553 N,
915 4493 977 4545 add.
997 4493 1022 4541 P
1104 4491 1136 4544 te
1156 4494 1213 4541 item
1234 4492 1300 4543 idem
1320 4504 1419 4559 tempus
1437 4494 1462 4543 P

165 4581 225 4629 item
243 4577 269 4626 id
285 4583 386 4638 tempus
398 4572 423 4621 N
491 4574 524 4621 22
543 4569 657 4618 dixeram
676 4565 793 4629 quamuis
808 4562 966 4628 intellegeret
984 4561 1099 4612 dixeram
1117 4561 1236 4625 quamuis
1253 4562 1422 4614 intellexisset
1434 4564 1460 4612 P

234 4646 269 4697 26
288 4645 372 4694 dicam
389 4651 417 4691 ut
431 4641 564 4704 intellegas
584 4637 608 4685 P
625 4635 694 4684 dicat
711 4638 738 4681 iat
755 4631 888 4697 intellegas
905 4631 931 4679 N
1016 4628 1049 4679 29
1067 4631 1147 4680 facias
1164 4630 1326 4682 enuntiemus
1338 4634 1459 4696 quoniam

166 4720 192 4767 in
210 4716 344 4780 superiore
362 4711 492 4761 Diomedes
506 4725 533 4771 p.
554 4704 604 4757 385
628 4704 707 4753 facias
725 4701 843 4764 quoniam
860 4701 978 4765 superius
999 4698 1024 4748 N
1043 4698 1124 4749 facias
1140 4715 1181 4749 am
1199 4703 1316 4764 superior
1334 4703 1358 4752 P
1424 4702 1459 4754 30

166 4786 261 4835 faceres
279 4791 303 4832 et
319 4783 427 4845 dempus
446 4795 495 4842 quo
515 4778 541 4826 N
558 4774 635 4826 facies
653 4772 721 4836 quod
740 4770 764 4819 P
