3114 5356
473 325 480 331 ·
536 313 669 376 INSTIT.
694 313 805 376 ettam
828 315 900 378 ΗΒ.
924 317 978 380 llll
1349 316 1412 384 273

156 428 362 484 smne·
1258 433 1359 476 .mn

192 500 237 561 De
259 497 432 562 catachresi.
478 500 664 561 Catachresis
688 509 735 561 est
765 501 853 562 dictio
880 502 993 563 alienae
1022 504 1064 564 rei
1089 446 1257 566 necessarie?
1275 507 1411 587 hrposita.

108 605 182 665 haec
204 622 221 663 a
243 602 417 681 metaphora
439 601 497 662 hoc
515 602 626 676 differt,
656 602 734 680 quod
756 601 804 663 illa
824 604 997 665 voeahnlum
1021 605 1139 667 habenti
1162 605 1299 685 largitur,
1328 609 1411 681 haec,

108 704 258 783 quianon
281 701 559 781 habetproprium,
590 703 685 765 alieno
706 706 811 780 utitur3
849 713 881 766 ut
909 707 1053 786 parricida
1081 708 1188 768 dicitnr
1214 709 1263 787 qni
1291 711 1410 770 fratrem

108 805 151 866 rel
172 822 307 866 sororem
331 803 454 877 oceidit,
477 823 544 864 eum
565 804 604 864 sit
624 805 672 866 ille
695 806 813 886 proprie
835 808 979 886 parricida
1003 808 1053 886 qui
1074 816 1187 889 patrem
1208 811 1324 871 oceidit

194 907 237 966 lle
258 905 420 986 metalepsi.
465 905 633 985 hletalepsis
661 918 706 967 est
731 906 819 968 dictio
843 929 898 989 per
924 909 1032 987 gradus
1059 910 1262 989 homonymiae
1283 912 1320 972 ad
1341 932 1410 993 pro·

108 1009 200 1089 priam
225 1006 468 1086 significationem
490 1005 687 1083 descendens,
712 1017 744 1070 ιιι

278 1107 476 1187 speluncis
499 1108 644 1169 abdidit
664 1110 774 1186 atris;

108 1212 144 1274 ah
166 1211 239 1272 atris
261 1209 340 1270 enirn
358 1209 459 1288 nigrae
488 1208 699 1287 intelleguntur
728 1220 757 1272 et
783 1231 817 1272 ex
843 1212 935 1292 nigris
963 1214 1101 1277 tenebras
1135 1218 1278 1279 hahentes
1315 1227 1344 1280 et
1376 1238 1411 1279 ex

108 1313 164 1375 hoc
185 1311 221 1372 io
240 1329 384 1391 praeceps
406 1310 577 1391 profundae.
656 1324 659 1330 ·

193 1414 237 1474 De
258 1412 442 1491 metonymia.
461 1410 646 1492 ‘'hletonymia
667 1421 713 1474 est
739 1414 827 1476 dictio
847 1415 883 1476 ah
906 1416 971 1478 aliis
993 1416 1255 1496 significationibus
1270 1421 1307 1482 ad
1323 1421 1409 1485 aliam

109 1516 324 1597 proximitatem
345 1511 494 1574 translata.
540 1523 585 1575 est
606 1524 704 1576 antem
726 1517 902 1596 metonymia
923 1516 1010 1579 latior
1030 1526 1148 1599 tropus,
1171 1521 1236 1599 qui,
1262 1531 1295 1583 ut
1316 1525 1411 1603 possit

110 1637 162 1698 per
186 1636 290 1679 omnes
318 1615 433 1694 species
459 1615 489 1675 in
519 1622 610 1676 artem
640 1618 758 1695 referri,
792 1619 968 1680 necessariis
999 1619 1131 1680 tradetur
1160 1623 1300 1702 exemplis
1332 1650 1351 1685 s
1381 1634 1413 1686 ut
1522 1690 1527 1697 ,

110 1717 239 1779 Ἱὶιιιιιο
261 1727 328 1778 tuas
349 1716 478 1798 accepi'⁴
511 1734 578 1776 ctuu
605 1716 749 1795 significet
774 1719 945 1799 epistulam:
984 1740 1039 1801 per
1059 1722 1239 1785 incentorem
1258 1724 1412 1787 dominan-

112 1828 204 1880 temre
226 1818 376 1878 incentum
398 1817 613 1891 suhiectumre‚
634 1825 666 1878 nt

277 1919 359 1980 sine
381 1921 520 1981 Cerere
542 1927 577 1980 ιι
598 1919 737 1981 Lihero
760 1920 875 1999 friget
896 1923 1030 1999 Venus;

113 2020 169 2083 vult
191 2021 271 2082 enim
289 2040 343 2101 per
364 2022 501 2105 Cererem
522 2022 651 2100 intellegi
672 2041 795 2101 panem,
819 2023 1031 2102 perhiberem
1054 2025 1167 2099 vinum,
1196 2045 1250 2105 per
1269 2006 1410 2088 Venerem

113 2123 316 2184 concubitum:
338 2142 392 2203 per
412 2123 561 2183 inventurn
582 2123 781 2185 subiectumve
797 2123 979 2186 inventorem
997 2124 1248 2200 dominantemve,
1270 2138 1302 2187 ut
1319 2128 1411 2206 siquis

113 2223 271 2285 Vulcanum
294 2224 459 2303 significare
478 2224 545 2284 uelit
567 2233 597 2286 et
617 2226 715 2303 ignem
736 2225 828 2285 dieat:
859 2245 876 2285 a
897 2226 1022 2286 faciente
1045 2226 1074 2286 id
1095 2228 1172 2305 quod
1195 2230 1244 2304 lit,
1273 2239 1304 2290 ut
1325 2229 1410 2291 ‘stilo

113 2325 245 2386 desertus
268 2327 350 2387 sum'
379 2345 434 2407 pre
459 2326 635 2386 ‘destitutus
660 2345 726 2411 sum
748 2309 900 2405 scriptis’:
938 2333 993 2387 αιιι
1013 2327 1050 2387 ah
1072 2347 1107 2387 ιο
1130 2328 1208 2406 quod
1228 2332 1262 2390 lit
1280 2330 1310 2390 id
1333 2330 1411 2410 quod

114 2425 193 2499 facit,
224 2435 257 2487 nt
278 2427 395 2506 pigrum
414 2427 520 2488 dieitur
540 2427 648 2506 frigns;
684 2446 743 2488 non
764 2427 841 2488 enim
860 2428 959 2510 ipsum
981 2429 1073 2508 frigus
1092 2430 1208 2510 pigrum
1230 2440 1276 2492 est
1296 2431 1348 2492 sed
1365 2432 1411 2511 pi-

115 2545 179 2604 gros
203 2526 282 2588 facit

194 2627 238 2688 lle
260 2630 470 2690 antonomasia.
507 2628 715 2690 Antonomasia
738 2636 783 2688 est
802 2629 891 2691 dictio
912 2650 967 2712 per
988 2632 1125 2695 accidens
1146 2634 1298 2713 proprium
1320 2634 1412 2712 signi·

115 2732 219 2804 lienus,
248 2738 281 2790 nt
299 2747 366 2789 eum
386 2730 512 2790 domitor
531 2731 619 2791 maris
642 2729 749 2790 dieitur
767 2740 796 2792 et
817 2732 996 2812 intehegitnr
1017 2735 1179 2815 Neptunus.
1224 2734 1312 2796 huius
1335 2734 1410 2814 tropi

115 2832 227 2912 species
256 2838 302 2891 est
330 2822 488 2911 epitheton.
505 2826 518 2913 ΙΙ
541 2830 690 2911 epitheton
718 2839 764 2891 est
790 2833 878 2895 dictio
904 2835 1046 2897 vocahulo
1073 2836 1185 2922 adiecta
1210 2836 1334 2896 ornandi
1362 2843 1412 2895 aut

117 2933 283 3011 destruendi
312 2940 361 2993 aut
383 2932 529 2993 indicandi
554 2951 650 2993 causa.
696 2942 782 2994 ornat
803 2935 971 3015 epitheton,
996 2937 1074 2999 sicut
1102 2937 1231 2998 ‘divus
1253 2937 1411 3011 vtixes’;

115 3035 251 3110 destruit,
274 3035 351 3095 sicut

115 3193 448 3205 .-..-.-.----

181 3289 299 3354 lsliene
319 3290 354 3337 rei
373 3290 516 3338 necessaria
535 3291 618 3352 posita
634 3288 662 3337 N
688 3289 800 3340 alienare
816 3290 977 3340 necessarius
995 3290 1116 3354 imposita
1134 3292 1171 3340 L:
1196 3286 1357 3338 catachresis
1372 3296 1411 3337 est

115 3360 211 3410 alienae
230 3360 267 3408 rei
284 3373 375 3408 nornen
394 3361 537 3423 appositum
560 3358 677 3408 Isidorus
697 3361 705 3407 l
724 3358 799 3421 36,ss
884 3362 900 3409 2
919 3358 1042 3407 memfora
1060 3359 1110 3407 NL
1193 3358 1345 3408 uoeuhnlum
1366 3357 1410 3405 ha-

115 3429 197 3479 bentia
218 3429 240 3477 L
315 3427 332 3477 3
351 3429 477 3491 parricida
495 3428 530 3475 dr'
549 3429 591 3490 qni
612 3427 716 3478 fratrem
734 3431 749 3477 ῖι
767 3442 880 3478 sororem
900 3427 992 3478 oceidit
1010 3444 1067 3477 eum
1085 3428 1117 3476 sit
1136 3425 1173 3475 ill.
1190 3424 1194 3488 Ι
1211 3428 1313 3490 proprie
1329 3429 1411 3489 perri-

114 3500 167 3547 eidn
180 3498 212 3547 df
220 3500 263 3560 qui
278 3496 406 3546 fratremn
420 3512 530 3546 sororem
544 3497 637 3546 oceidit
648 3513 704 3546 cnm
714 3499 747 3546 sit
759 3497 802 3547 ille
813 3497 918 3562 proprie
927 3497 1053 3560 parricide
1064 3497 1107 3559 qai
1119 3506 1217 3560 patrem
1227 3496 1320 3544 oceidit
1329 3494 1355 3542 N

114 3569 130 3617 a
142 3569 175 3617 he
185 3566 347 3631 metalempsi
357 3567 528 3631 hletalempsis
538 3567 564 3615 N
572 3566 725 3616 lletalemsis
737 3568 760 3615 L
825 3568 840 3615 7
853 3563 996 3632 speluncis]
1010 3565 1088 3629 γαρ.
1101 3565 1167 3616 Aen.
1180 3564 1235 3615 160
1287 3564 1323 3613 8ι
1328 3599 1405 3611 .....

119 3637 301 3700 ...thebestes
313 3651 345 3684 ex
361 3636 409 3685 hoe
419 3637 497 3701 pceps
507 3636 660 3700 profondum
672 3636 697 3684 N
713 3635 830 3685 tenebras
849 3634 971 3684 hebentes
990 3643 1014 3684 et
1030 3650 1061 3683 ex
1080 3632 1121 3684 his
1139 3632 1295 3699 profundiL
1316 3681 1321 3689 ,
1365 3647 1412 3695 per

115 3706 160 3755 hoe
177 3707 203 3755 in
221 3719 346 3770 praeceps
363 3705 506 3770 profundae
523 3705 656 3755 Diomedes
743 3705 776 3755 10
800 3703 954 3754 Metonomis
976 3705 1000 3753 L
1089 3704 1119 3754 ll
1146 3710 1184 3754 est
1190 3737 1318 3754 ........
1324 3702 1410 3764 apuria

116 3773 185 3824 latior
209 3784 299 3839 tropos
322 3775 366 3836 qni
390 3784 417 3822 ut
428 3810 521 3824 ......
533 3789 580 3839 per
597 3774 622 3822 N
648 3775 692 3824 Est
715 3783 799 3823 autem
823 3775 979 3839 metonymia
1001 3773 1075 3823 latior
1093 3781 1194 3837 tropus,
1221 3772 1264 3835 qni
1283 3782 1311 3821 ut
1328 3770 1410 3835 possit

116 3859 158 3908 per
175 3859 210 3894 w:
239 3852 279 3892 est
293 3851 377 3892 antem
397 3845 551 3894 metonomia
571 3844 645 3895 lutior
663 3854 752 3907 tropus
771 3859 836 3906 quae
854 3852 882 3892 ιιι
900 3845 979 3908 possit
998 3858 1044 3907 per
1062 3837 1150 3892 omues
1166 3843 1266 3906 species
1284 3842 1310 3889 in
1329 3848 1408 3888 artem

116 3912 201 3963 referri
219 3911 267 3961 sed
285 3914 438 3963 necessariis
454 3913 569 3962 tradetur
585 3912 718 3979 exemplis.
750 3927 796 3978 per
813 3913 840 3962 id
856 3913 926 3975 qnod
942 3915 1053 3964 eontinet
1072 3912 1097 3961 id
1117 3911 1186 3974 qnod
1204 3911 1352 3960 continetur.
1382 3917 1410 3956 nt

118 3979 209 4049 (γαρ.
227 3981 294 4031 Aere.
315 3981 364 4031 Vll
384 3980 444 4048 13³)
465 3997 531 4031 nune
550 3991 652 4048 peteres
670 3982 746 4032 libate
763 3983 824 4033 iaui.
856 3997 903 4047 pro
922 3998 952 4032 eo
969 3982 1039 4045 qnod
1055 3989 1094 4029 est
1113 3984 1137 4030 in
1154 3982 1251 4045 pateris
1268 3987 1293 4028 et
1311 3978 1408 4042 (Vero.

119 4051 179 4106 Aa.
196 4052 259 4102 vttt
270 4049 319 4115 64)
339 4051 410 4100 eaelo
426 4052 586 4116 gratissimus
601 4052 684 4101 amuis
704 4051 730 4101 id
748 4058 787 4101 est
806 4052 857 4101 diis
874 4053 918 4114 nui
936 4052 962 4099 in
980 4051 1051 4101 caelo
1066 4051 1203 4102 continent.
1235 4063 1281 4115 per
1297 4048 1324 4096 id
1342 4046 1409 4110 qnod

120 4124 258 4171 continetur
275 4119 303 4170 id
320 4122 390 4182 qaod
407 4123 527 4171 continet.
546 4122 644 4187 (Verp,
664 4120 731 4175 Aen.
750 4120 797 4170 Vll
816 4118 878 4183 147)
895 4126 1009 4186 gruterus
1025 4134 1133 4186 magnos
1147 4121 1232 4168 statuit
1251 4126 1275 4167 et
1290 4118 1350 4165 uina
1368 4131 1410 4164 co·

121 4200 204 4240 rousm
220 4203 272 4239 non
290 4190 374 4240 uinus.
407 4191 452 4240 sed
471 4199 585 4256 graterss
604 4192 629 4240 in
651 4190 744 4253 quihus
761 4191 822 4238 nina
839 4198 897 4238 sunt
920 4204 966 4255 per
992 4189 1151 4239 inuentorem
1173 4187 1411 4248 dominantemquse

122 4258 245 4310 inuentum
261 4259 470 4321 subiectumquse
491 4261 522 4313 L.
540 4262 633 4310 retinui
647 4254 741 4308 codicis
756 4258 781 4306 N
796 4260 960 4322 amparare,
986 4261 1011 4309 io
1031 4274 1081 4323 qua
1101 4275 1137 4308 ea·
1151 4258 1235 4321 priato
1250 4257 1411 4318 netonpariae

123 4328 211 4388 peste,
229 4343 296 4395 quae
314 4335 352 4377 est
369 4344 386 4377 a
403 4331 538 4380 continenti
550 4331 579 4380 id
594 4329 661 4395 quod
674 4329 815 4379 constituetur
826 4336 873 4378 ant
889 4327 922 4378 ab
941 4344 970 4378 eo
989 4328 1057 4392 quod
1072 4333 1212 4378 cantitetur
1229 4326 1257 4376 id
1271 4323 1339 4393 qued
1352 4338 1411 4372 eon·

125 4398 184 4459 fret,
199 4398 352 4460 posterioris
367 4404 458 4446 tantum
474 4401 581 4449 rationis
598 4399 736 4460 exeraplnm
754 4399 864 4447 relictum
881 4406 921 4449 est
998 4397 1031 4448 15
1050 4397 1105 4446 sine
1124 4411 1208 4446 cerere
1215 4429 1325 4443 .......
1345 4388 1411 4456 liri-

126 4475 160 4527 gst
177 4466 201 4514 N
218 4468 275 4517 sine
293 4465 384 4516 Cerere
401 4475 426 4516 et
441 4466 533 4518 Libero
551 4468 628 4531 friget
645 4481 681 4515 w:
702 4467 758 4516 sine
770 4481 855 4516 cerere
867 4474 892 4517 et
905 4467 985 4518 libero
1002 4466 1145 4516 subiectam
1163 4467 1322 4515 inuentorem
1340 4462 1409 4526 (rell.

127 4533 176 4599 ω.)
186 4534 217 4584 L.
232 4535 293 4588 Ter.
303 4535 417 4584 nimum.
428 4536 537 4598 11115,tt
614 4533 647 4584 18
664 4535 726 4583 uelit
744 4542 769 4584 et
786 4537 871 4599 ignem
886 4536 909 4584 L
925 4554 943 4586 n
950 4571 1025 4584 .....
1046 4533 1051 4598 Ι
1067 4536 1152 4601 ignem
1168 4534 1193 4582 N
1209 4531 1271 4581 nelit
1290 4533 1374 4596 igitem
1388 4544 1410 4578 ω

184 4605 243 4655 stilo
258 4605 385 4654 dissertus
402 4619 458 4654 sum
476 4620 523 4669 pro
541 4605 665 4653 dissertus
685 4618 742 4652 snm
757 4606 863 4668 ‘seriptis
880 4605 908 4654 id
926 4605 994 4668 qrred
1013 4604 1075 4654 facit
1086 4605 1111 4653 L
1182 4601 1215 4653 te
1228 4602 1344 4666 scriptis.
1354 4635 1362 4649 .
1372 4635 1380 4649 .
1390 4599 1408 4657 .l

130 4669 194 4719 th
216 4675 322 4738 scriptis
340 4675 373 4721 ab
389 4687 410 4721 ω
496 4674 529 4725 23
548 4675 581 4723 do
586 4709 662 4723 .....
683 4673 781 4735 linario
801 4673 825 4721 Ν
849 4673 960 4725 domitor
978 4675 1056 4723 maris
1073 4689 1096 4722 ω
1121 4672 1265 4723 dominator
1281 4671 1360 4719 maris
1377 4669 1410 4719 L.

133 4735 207 4858 {gp}
223 4744 289 4792 Aeo.
311 4742 333 4790 V
355 4741 405 4792 lllll
492 4743 525 4794 25
548 4740 693 4807 iudicandi]
719 4741 857 4791 edificandi
882 4744 905 4792 L
992 4741 1164 4792 dirnsolixsa
1180 4742 1214 4790 L.
1246 4740 1326 4806 Verp.
1345 4737 1411 4788 Aea.

167 4909 365 4953 annuntiaret
387 4913 498 4953 namur
521 4913 543 4953 1.
1167 4891 1204 4952 18
