3114 5356
137 266 199 332 328
611 264 617 274 ’
698 270 880 334 brenmula

188 383 351 441 pmcn

135 476 199 533 res,
218 457 369 529 fortunae,
392 456 539 535 gingim,
561 456 707 533 indutiae,
737 458 873 532 inferiae,
901 456 1040 533 insidiae,
1068 460 1253 539 inimicitiae,
1281 464 1370 543 ldus,
1391 469 1430 530 in

135 558 287 632 lecebme,
316 555 478 629 Rucndae,
512 556 620 633 lectos,
655 558 769 621 litterae
801 558 940 639 epistula,
967 559 1139 636 manubiae,
1173 564 1313 644 nuptiae,
1339 586 1429 643 nara,

136 659 299 732 nundinae,
323 675 432 737 nugae,
461 658 580 733 neniae,
609 658 727 739 plagae,
756 678 877 739 preces,
903 661 1064 741 primitiae,
1094 663 1290 743 praestigiae,
1317 668 1427 743 talerae,

136 760 324 841 quisquiliae,
346 765 444 837 grates
465 776 539 837 quas
561 760 674 838 agimus
696 758 735 820 ob
754 761 872 835 merita,
895 759 1011 821 Gratiae
1032 760 1119 837 deae,
1150 764 1301 842 sarcinae,
1329 778 1428 845 soram

79 905 83 912 ·
135 862 305 943 subpetiae,
330 859 448 933 sordes,
479 878 601 940 scopae,
630 860 745 934 scalae,
766 860 914 922 tenebrae.
958 870 1029 922 sunt
1049 862 1193 940 quaedam
1214 869 1332 929 numeri
1354 888 1448 933 cum-s

134 962 248 1036 munis,
283 979 359 1040 quae
385 960 562 1022 nominativo
596 960 736 1039 singulari
764 960 927 1041 pluralique
955 962 1088 1023 similiter
1116 964 1296 1042 efferuntur,
1326 977 1359 1030 ul
1384 990 1429 1033 aas

136 1083 216 1146 spes.
261 1062 405 1125 neutralia
430 1080 549 1143 semper
576 1062 715 1142 pluralia,
743 1062 816 1123 baec
843 1063 976 1137 moenia,
1004 1063 1129 1139 cibaria,
1159 1069 1339 1147 crepundia,
1366 1072 1428 1151 inga

135 1164 165 1226 id
187 1172 233 1226 est
254 1181 369 1226 summa
391 1163 549 1236 montium,
578 1164 671 1238 iusta,
700 1162 856 1238 intestina,
888 1163 1012 1243 magalia
1033 1166 1294 1246 camerinorum,
1323 1171 1430 1255 Neptu·

136 1266 229 1340 naba,
256 1263 436 1337 Parentalia,
458 1263 645 1343 praecordia,
669 1270 763 1325 rostra
788 1264 838 1325 ubi
859 1266 1080 1339 continuantur,
1109 1269 1294 1345 spectacula,
1322 1273 1429 1353 spolia3

135 1366 277 1446 Vergilius
304 1363 467 1445 spolium
488 1363 573 1425 dina:
601 1373 693 1439 serta,
716 1364 882 1444 sponsalia,
908 1366 1098 1440 Tenninalia,
1121 1368 1283 1443 cunabula,
1306 1370 1459 1450 lumina3u

135 1467 214 1547 apud
234 1464 392 1543 Vergilium
418 1463 588 1555 fluminis
615 1464 786 1527 eliossi’:
813 1464 951 1542 verbera3
978 1467 1150 1528 ‘verbere
1178 1474 1305 1531 torto’
1334 1474 1429 1552 Vergi-

135 1568 192 1629 lius
213 1565 299 1627 dixit:
326 1565 453 1640 viscera,
482 1564 570 1640 vada,
596 1565 771 1626 vulcanalia.
815 1566 885 1626 item
906 1565 1050 1628 metallica
1074 1576 1143 1628 sunt
1162 1586 1283 1648 semper
1305 1571 1430 1651 magula-

96 1694 99 1699 ·
135 1670 194 1744 n‘a,
213 1676 247 1729 ut
268 1684 371 1728 aunum
394 1674 546 1745 argentum
567 1668 676 1727 lemum
688 1684 748 1741 ¹aes
765 1665 917 1746 plumbum
936 1667 1109 1728 cassiterum
1130 1668 1312 1731 orichalcum
1331 1680 1362 1733 et
1381 1692 1429 1734 au·

134 1770 294 1833 ricbalcum
324 1760 468 1848 stagnum.
520 1766 651 1845 quamvis
678 1786 745 1829 aera
773 1768 913 1843 dicimus,
952 1769 1058 1830 ceteris
1081 1769 1199 1831 casibus
1226 1789 1287 1846 nun
1313 1772 1427 1834 utimur.

134 1872 206 1934 illud
227 1890 296 1932 uero
315 1870 466 1930 sciendum
488 1869 553 1948 quia
578 1887 674 1947 neque
699 1868 819 1930 deomnn
842 1869 960 1930 nomina
982 1888 1077 1948 neque
1100 1870 1314 1933 clementorum
1336 1890 1458 1951 nequeo

25 2037 31 2047 ,
134 1972 276 2036 muntium
294 1989 390 2050 neque
415 1970 571 2031 civitatium
600 1987 695 2047 neque
722 1962 891 2045 nouorum,
921 1971 976 2032 nisi
1000 1987 1074 2048 quae
1097 1969 1229 2031 civitates
1252 1971 1358 2052 plurali
1378 1992 1429 2034 nu·

135 2093 216 2136 meru
235 2071 433 2146 declinantur,
456 2079 488 2132 ut
510 2071 619 2132 Cumae
639 2070 757 2131 Thebae
776 2071 907 2132 Athenae
932 2070 1069 2150 Mycenae
1091 2072 1203 2132 Puteoli
1226 2071 1318 2139 Baiae
1339 2074 1428 2148 Ostia,

134 2194 190 2237 nec
212 2193 246 2235 ea
269 2190 387 2252 quoque
414 2190 488 2249 quae
515 2188 671 2232 mensurae
698 2170 743 2231 rel
768 2171 892 2251 ponderi
919 2170 1050 2234 subiecta
1078 2181 1147 2233 sunt
1170 2173 1324 2253 pluraliter
1344 2173 1430 2235 decli-

134 2285 257 2348 nantur,
279 2280 312 2334 ut
334 2274 461 2335 triticum
483 2281 512 2333 et
531 2274 726 2345 frumentum,
747 2273 881 2350 quamuis
902 2274 1074 2348 frumenta,
1092 2282 1124 2335 ut
1146 2277 1246 2334 ‘mox
1263 2276 1429 2336 trumen-

134 2378 182 2438 tis
205 2374 310 2437 labo'r
330 2375 510 2447 additus'‚
531 2382 559 2435 et
580 2373 689 2433 hordea
712 2372 852 2451 legimns:
868 2372 956 2465 Hiar,
979 2376 1064 2449 ador,
1085 2375 1167 2449 laba,
1193 2375 1459 2448 cicer,miliun1,u

134 2479 298 2560 panicium;
328 2484 358 2536 et
376 2475 460 2553 siqua
480 2474 583 2534 bonam
603 2473 779 2535 nominativo
801 2474 952 2553 pluraliter
972 2476 1147 2545 elleruntur,
1177 2475 1285 2536 ceteris
1315 2472 1428 2539 casibus

135 2580 308 2641 cessabunt:
334 2576 403 2635 item
426 2574 540 2647 oleum,
569 2574 685 2650 vinum;
716 2575 847 2653 quamvis
875 2575 956 2636 vina
983 2575 1087 2637 dixerit
1107 2575 1269 2655 Vergilius:
1293 2578 1427 2649 mulsum,

135 2681 298 2750 deirutum;
331 2676 491 2735 delruta'
506 2676 647 2755 Vergilius
676 2676 762 2737 dixit:
792 2684 931 2737 mustum.
976 2687 1045 2738 sunt
1071 2679 1141 2739 item
1163 2678 1283 2739 nomina
1306 2665 1428 2758 quorum

136 2778 331 2843 nominativus
346 2775 375 2834 in
391 2794 446 2835 usu
467 2794 525 2851 non
542 2785 602 2851 est,
625 2786 656 2838 ut
675 2778 767 2856 siquis
792 2776 869 2838 dieat
890 2777 969 2837 bunc
988 2776 1108 2839 laterem
1127 2786 1156 2839 et
1174 2778 1210 2838 ab
1230 2779 1287 2840 bau
1307 2767 1428 2842 dicione.

136 2885 203 2944 item
226 2896 280 2959 per
300 2884 415 2937 ceteros
437 2895 523 2937 casus
547 2879 663 2939 nomina
686 2878 776 2940 multa
799 2878 946 2939 deliciunt
991 2878 1108 2938 nomina
1131 2886 1180 2938 aut
1205 2881 1262 2940 fixa
1290 2889 1374 2956 sunt,
1400 2890 1459 2942 uta

56 3017 63 3029 ·
136 2992 219 3065 pater
239 2986 333 3040 mater
354 2978 444 3037 irater
464 2997 564 3051 soror,
584 2986 634 3039 aut
649 2979 785 3052 mobilia,
808 2987 841 3039 ut
857 2978 953 3040 bonus
970 2979 1047 3040 bona
1062 2978 1188 3050 bonum,
1212 2981 1326 3042 amicus
1339 2981 1429 3042 amira

137 3083 280 3156 amicnm;
317 3079 372 3140 alia
394 3096 448 3138 nec
470 3079 499 3138 in
521 3085 612 3140 totum
636 3081 690 3139 dra
711 3097 766 3139 nec
784 3079 813 3138 in
837 3088 929 3139 tutrun
947 3077 1082 3150 mobilia,
1113 3086 1145 3138 ut
1165 3078 1292 3142 Marcius
1315 3082 1428 3153 Marcia,

137 3185 225 3248 Gaius
247 3182 333 3254 Gaia,
362 3180 450 3241 draco
474 3180 633 3251 dracaena,
661 3180 706 3240 leo
730 3180 847 3252 leaena,
875 3179 968 3257 gallus
990 3178 1111 3257 gallina,
1134 3198 1183 3240 rex
1205 3182 1317 3259 regina.
1364 3192 1429 3244 sunt

137 3287 255 3349 nomina
282 3290 342 3344 tuta
371 3283 499 3343 Graecae
526 3280 745 3354 declinationis,
771 3288 804 3340 ut
830 3279 981 3341 Themisto
1006 3279 1130 3359 Calypso
1160 3281 1239 3357 Pan;
1273 3292 1344 3344 sunt
1373 3293 1427 3345 tota

137 3406 277 3450 conuersa
298 3385 328 3445 in
350 3383 482 3443 Latinam
504 3381 651 3460 regulam,
685 3390 718 3441 ut
745 3378 845 3440 Pollux
873 3373 1080 3456 Πολυδεύκης,
1109 3380 1220 3456 Vlixes3
1260 3393 1331 3445 sunt
1357 3386 1458 3445 intera

138 3489 276 3550 Graecam
304 3485 495 3559 Latinamque
524 3483 662 3553 sormam,
694 3498 770 3558 quae
797 3481 887 3541 notha
915 3480 1115 3561 appellantur,
1149 3489 1182 3542 ut
1208 3483 1337 3545 Achilles
1358 3486 1429 3563 Aga·

136 3609 284 3652 memnon.
330 3593 399 3647 sunt
420 3592 571 3663 praeterea
594 3582 648 3642 alia
671 3601 745 3643 sono
767 3582 945 3657 masculina,
968 3581 1117 3644 intellectu
1140 3582 1295 3659 lerninina,
1318 3593 1352 3646 ut
1371 3584 1428 3644 Eu·

137 3691 252 3752 nucbus
271 3685 436 3757 comoedia,
460 3683 580 3744 Orestes
603 3683 760 3759 tragoedia.
798 3684 871 3745 satis
892 3683 1027 3746 instructi
1049 3683 1085 3743 de
1106 3684 1224 3745 nomine
1246 3693 1428 3747 transeamus

136 3793 172 3852 ad
193 3807 365 3871 pronomen.

208 3942 367 4007 lgengiuae
385 3940 410 3988 A
479 3938 595 3989 induciae
612 3936 638 3988 B
707 3936 865 4001 Pepistulae
881 3936 914 3985 M
931 3936 1053 4004 epistolae
1066 3938 1116 3988 ΑΒ
1185 3936 1354 4003 5suppetiae
1368 3938 1428 3988 Clu-

136 4014 213 4062 riaiua
230 4010 388 4074 subpeditiae
406 4009 491 4059 ΑΒΜ
562 4020 709 4056 communes
728 4006 771 4067 qui
791 4005 847 4067 (qni
864 4007 889 4055 iu
906 4008 944 4069 Α)
963 4008 1117 4055 nominatiuo
1137 4008 1222 4056 ΑΒΜ
1306 4008 1428 4056 'lmenis

136 4079 222 4131 ΑΒΜ
288 4078 503 4127 occasionantur
521 4077 572 4127 AB
640 4072 801 4138 expectaculo
821 4074 846 4123 B
918 4074 950 4125 10
969 4074 1105 4141 Vergilius]
1126 4076 1190 4126 Aen.
1210 4074 1258 4125 Xll
1276 4075 1312 4126 tlt
1332 4077 1428 4126 Actoris

137 4149 250 4198 Aurunci
267 4146 374 4212 spolium
447 4147 475 4196 ll
496 4146 563 4212 apud
583 4142 733 4208 Vergilium]
754 4142 818 4192 Aea.
838 4143 938 4194 111663
1008 4143 1124 4208 verbere]
1148 4147 1226 4209 Verg.
1244 4144 1310 4195 Aen.
1324 4143 1370 4195 Vll
1379 4142 1428 4194 378

207 4268 239 4316 12
255 4224 402 4316 uarietatis
420 4264 459 4315 M.
475 4264 590 4328 sortasse
610 4261 756 4310 Vulcanalia
775 4261 889 4311 Genialia
977 4261 1009 4312 13
1028 4261 1162 4311 oriealcum
1180 4271 1304 4327 stagnum
1319 4272 1345 4312 et
1363 4263 1428 4312 anri·

135 4337 231 4385 calcum
250 4335 366 4399 quamuis
384 4334 442 4383 ΑΜ
458 4334 610 4383 auricalcum
629 4341 748 4395 stagnum
767 4339 791 4378 et
809 4331 944 4380 oricalenm
964 4331 1081 4395 quamuis
1099 4330 1125 4379 B
1213 4329 1245 4380 15
1266 4331 1331 4381 illud
1349 4333 1428 4381 scien-

135 4404 195 4454 dum
211 4418 272 4453 uero
289 4404 341 4453 ΑΒ
428 4404 603 4452 alimentorum
620 4399 654 4447 M
740 4399 770 4446 Π
789 4413 876 4449 cumae
895 4400 920 4449 B
945 4414 1031 4464 cymae
1051 4398 1084 4448 M
1103 4413 1175 4461 cyme
1193 4400 1218 4448 A
1308 4400 1341 4450 19
1358 4394 1426 4461 mox]

138 4474 217 4538 Verp.
235 4488 323 4538 georg.
344 4473 353 4521 l
373 4470 423 4520 150
490 4470 525 4520 20
542 4466 649 4532 horden]
672 4470 751 4531 Verp.
761 4482 849 4529 georg.
865 4467 938 4517 1210
956 4469 1032 4518 serite
1051 4467 1147 4515 hordea
1164 4469 1263 4532 campis
1333 4468 1366 4517 21
1385 4483 1427 4534 pa·

135 4543 219 4590 uicum
239 4543 269 4591 M
339 4541 494 4589 nominatiuo
512 4537 642 4606 pluraliter
661 4537 791 4586 Charisius
810 4537 939 4585 nominum
957 4537 1066 4602 pluralia
1084 4535 1169 4584 ΑΒΜ
1237 4537 1271 4587 23
1291 4532 1427 4602 Vergilius]

131 4625 219 4674 georg.
238 4609 284 4658 llll
301 4608 353 4660 268
372 4617 415 4658 ant
432 4607 488 4674 igni
505 4607 613 4673 pinguia
630 4606 708 4653 multo
727 4603 832 4652 Defruta
906 4615 1016 4654 mestum
1035 4604 1094 4653 AM
1172 4607 1206 4654 24
1224 4602 1259 4669 et]
1277 4605 1319 4654 uel
1337 4604 1364 4656 B

135 4676 230 4726 ditione
243 4676 274 4726 M
341 4674 375 4725 27
394 4690 440 4726 nee
457 4678 483 4725 in
501 4685 581 4725 tutum
600 4672 652 4722 flxa
669 4688 715 4724 om.
732 4671 791 4720 AM
864 4673 897 4722 28
913 4673 1000 4738 galina
1014 4674 1039 4722 A
1121 4672 1155 4723 30
1172 4674 1260 4738 pollgx
1277 4673 1428 4738 polydeuces

139 4742 266 4807 Apollux
285 4743 448 4807 palludeuees
467 4743 492 4793 B
509 4743 589 4808 pallia
608 4741 773 4807 polptlieuees
792 4738 824 4787 M
