3114 5356
524 257 607 318 ΛΒΤ.
632 256 772 319 (11111111.
795 257 866 319 LlB.
891 257 931 319 lll
1315 261 1378 323 489

129 369 290 426 petam.
1143 373 1324 429 11111-186.
1434 373 1438 383 '

137 434 140 438 ⁵
244 430 362 501 κακὸν
382 445 576 517 γυναῖκες·
597 432 680 503 ἄλλ’
705 431 821 519 ὅμως,
854 424 1076 520 ὦδημόται,
1248 427 1252 433 ’

241 537 309 601 οὐκ
331 539 435 602 ἔστιν
456 532 586 622 εὑρεῖν
608 542 734 603 οἰκίαν
754 535 844 604 ἄνευ
870 543 999 609 κακοῦ.
1312 601 1316 608 .

77 645 207 708 secunda
233 651 328 704 aetate
350 644 696 731 111111111111111111
720 645 842 726 Eupolis
864 657 894 706 et
914 646 1066 720 Cratinus,
1090 646 1138 724 qui
1161 654 1190 707 et
1211 646 1375 726 principum

77 748 144 808 vitia
169 744 271 807 sectati
293 741 497 804 acerbissimas
519 746 685 808 comoedias
708 755 937 828 conposuerunt
974 747 1059 808 tortia
1081 755 1163 809 aetas
1184 747 1236 809 luit
1257 747 1377 808 Menan-

48 849 122 911 sdri
141 845 248 925 Diphili
271 850 301 905 et
320 842 515 918 Philemonis,
545 848 594 926 qui
621 866 738 908 omnem
767 847 955 909 acerbitatem
982 848 1150 910 comoediae
1171 848 1374 926 mitigaverunt

77 958 166 1026 atque
187 952 359 1024 argumenta
379 944 549 1029 multiplicia
572 948 691 1009 Graecis
713 948 864 1010 erroribus
887 950 980 1011 secuti
1004 936 1110 1052 sunt]
1128 949 1163 1010 ab
1184 949 1231 1009 his
1253 946 1375 1009 Romani

77 1049 192 1111 tabulas
214 1044 443 1120 transtulerunt,
466 1055 495 1107 et
516 1057 632 1111 constat
654 1048 731 1130 apud
752 1049 820 1111 illos
841 1051 968 1131 primurn
983 1050 1087 1112 Latino
1106 1068 1242 1112 sermone
1260 1058 1377 1109 comoe-

77 1152 155 1213 diam
175 1149 288 1211 Litium
308 1147 506 1209 Andronicum
528 1149 694 1229 scripsisse.
739 1158 807 1212 suut
837 1151 888 1228 qui
914 1151 1003 1212 velint
1021 1148 1026 1234 Ι
1045 1151 1253 1231 Epicharmum
1281 1149 1310 1211 iu
1334 1151 1376 1209 Co

77 1252 174 1313 insula
193 1249 357 1310 exulantem
378 1249 505 1328 primum
527 1249 584 1310 hoc
602 1268 720 1311 carmen
739 1251 957 1328 frequentasse,
980 1259 1010 1312 et
1030 1251 1074 1313 sic
1093 1271 1109 1314 a
1130 1253 1172 1313 Co
1194 1250 1376 1323 comoediam

36 1373 63 1411 so
78 1351 146 1414 dici.
190 1359 275 1421 antea
298 1350 396 1428 itaque
417 1348 598 1428 galearihus,
624 1367 684 1409 non
706 1351 843 1428 personis
863 1350 1036 1425 utebantur,
1061 1360 1095 1413 ut
1122 1351 1247 1430 qualitas
1269 1351 1376 1411 eoloris

76 1454 218 1515 iudicium
240 1453 350 1513 laceret
372 1451 492 1525 aetatis,
524 1468 590 1510 cum
610 1457 711 1512 essent
730 1459 780 1512 aut
804 1451 863 1512 albi
884 1459 935 1513 aut
956 1451 1031 1529 nigri
1059 1460 1109 1513 aut
1132 1455 1197 1514 ruli.
1241 1452 1376 1532 personis

78 1573 147 1615 vero
170 1554 211 1614 uti
232 1552 347 1633 primus
369 1552 467 1631 coepit
484 1551 609 1612 Roscius
632 1550 742 1627 Gallus,
764 1553 941 1633 praecipuus
958 1551 1077 1626 histrio,
1100 1553 1179 1629 quod
1198 1551 1291 1613 octdis
1311 1570 1378 1630 per-
1439 1580 1443 1592 ·

77 1655 171 1716 versis
193 1661 256 1715 erat
272 1671 328 1714 nec
347 1654 419 1715 satis
441 1652 566 1714 decorus
587 1653 617 1712 iu
636 1653 772 1731 personis
794 1653 851 1715 nisi
871 1653 1018 1734 parasitus
1039 1651 1255 1733 pronuntiabat

165 1755 251 1815 lnitio
278 1761 394 1832 togatae
421 1752 590 1815 comoediae
615 1753 804 1828 dicebantur,
841 1753 920 1832 quod
948 1754 1045 1815 omnia
1072 1754 1102 1814 in
1124 1754 1242 1834 publico
1264 1754 1376 1815 honore

37 1877 63 1915 u
79 1859 203 1918 contusa
225 1854 428 1916 cernebantur.
459 1873 534 1932 quae
552 1862 668 1934 togatae
688 1862 790 1935 postea
813 1855 843 1915 iu
861 1862 1060 1935 praetextatas
1080 1862 1110 1916 et
1130 1853 1311 1916 tahemarias
1332 1855 1377 1916 di·

78 1956 259 2019 videbantur.
298 1963 413 2034 togatae
435 1955 550 2017 fabulae
573 1955 711 2017 dicuntur
732 1973 807 2034 quae
829 1957 957 2036 scriptae
977 1965 1047 2018 suut
1068 1955 1230 2018 secundum
1250 1955 1325 2017 ritus
1348 1964 1377 2017 et

76 2058 210 2120 habitum
235 2055 385 2117 hominum
414 2065 598 2136 togatorum,
632 2057 662 2118 id
690 2065 736 2118 est
762 2058 962 2131 Romanorum
987 2061 1072 2137 (toga
1098 2075 1224 2134 namque
1245 2057 1375 2119 Romana

78 2162 157 2236 est),
188 2158 265 2218 sicut
287 2158 413 2221 Graecas
436 2156 567 2241 labulllas
589 2158 626 2219 ab
648 2158 749 2220 habitu
773 2176 867 2236 aequo
889 2158 1021 2239 palliatas
1043 2158 1133 2222 Varro
1159 2157 1374 2233 denominari.

77 2269 192 2338 togatas
214 2265 326 2335 autem,
354 2278 422 2321 cum
442 2260 480 2322 sit
500 2259 636 2339 generale
659 2278 784 2335 nomen,
813 2261 978 2341 specialiter
1007 2269 1104 2322 umen
1126 2280 1181 2342 pro
1202 2257 1376 2330 tabernariis

38 2379 65 2419 ao
80 2380 140 2422 non
170 2359 257 2420 modo
286 2361 450 2422 communis
476 2380 560 2423 error
587 2368 727 2441 usurpat,
761 2361 810 2438 qui
832 2362 931 2424 Afrani
958 2370 1072 2441 togatas
1095 2360 1238 2443 appellat,
1269 2359 1377 2421 sedet

78 2471 199 2542 poetae,
222 2468 254 2522 ut
276 2460 430 2537 lloratius,
454 2462 504 2540 qui
526 2463 567 2524 ait

242 2560 302 2622 vel
323 2564 384 2641 qui
406 2571 623 2643 praetextas
645 2562 701 2624 vel
723 2565 786 2644 qui
808 2563 971 2626 docuere
993 2573 1149 2645 togatas.

78 2670 242 2744 togatarum
264 2662 428 2724 tabularum
450 2663 565 2743 species
586 2671 631 2725 tot
648 2665 709 2726 lere
731 2660 801 2727 ‘sumt
822 2673 893 2745 quot
914 2673 945 2727 et
964 2665 1157 2747 palliatarum.
1196 2682 1264 2726 nam
1281 2664 1374 2744 priam

80 2765 195 2845 species
218 2772 263 2826 est
285 2771 448 2844 togatarum
471 2782 546 2842 quae
566 2773 764 2846 praetextatae
790 2767 941 2842 dicuntur,
975 2767 1005 2828 iu
1033 2766 1139 2846 quibus
1166 2767 1373 2848 imperatorum

40 2883 65 2921 2¹>
80 2865 196 2944 negotia
219 2863 380 2944 agebantur
402 2873 431 2925 et
453 2865 567 2945 publica
591 2876 620 2928 et
641 2886 726 2946 reges
748 2868 872 2930 Romani
896 2868 942 2929 vol
970 2867 1061 2929 ducos
1082 2868 1275 2945 inducuntur,
1308 2886 1375 2951 per-

80 2986 219 3028 sonarum
239 2967 378 3045 dignitate
401 2975 430 3028 et
454 2963 672 3053 [personarum]
693 2969 871 3031 sublimitate
892 2969 1050 3047 tragoediis
1073 2970 1192 3042 similes.
1242 2976 1375 3050 praetex-

80 3077 156 3129 tatae
181 3077 278 3129 autem
304 3068 466 3149 dicuultur,
507 3069 574 3148 quia
600 3070 661 3132 lere
688 3089 791 3149 regum
820 3071 864 3131 vel
894 3071 1115 3149 magistratuum
1147 3073 1196 3154 qui
1228 3079 1375 3153 praetexta

79 3177 202 3231 utuntur
229 3170 258 3230 iu
287 3170 454 3231 eiusmodi
484 3170 589 3232 fabulis
618 3178 681 3231 acta
709 3171 995 3251 conprehenduntur.
1040 3173 1168 3235 secunda
1194 3172 1316 3256 species
1332 3178 1378 3233 est

78 3279 242 3349 togatarum
265 3289 339 3348 quae
359 3271 541 3333 tabernariae
563 3271 701 3331 dicuntur
723 3280 753 3332 et
772 3272 935 3334 humilitate
956 3291 1150 3352 personarum
1169 3283 1198 3336 et
1219 3293 1375 3354 argumem

38 3391 64 3430 so
78 3356 176 3432 torum
198 3370 386 3433 similitudino
408 3373 568 3435 comoediis
590 3390 692 3452 pares,
714 3372 744 3432 iu
765 3372 872 3450 quihus
893 3391 952 3433 non
974 3367 1161 3450 magistratus
1182 3372 1304 3456 regesve
1323 3376 1374 3436 sed

76 3472 204 3535 humiles
226 3473 361 3534 homiues
383 3481 412 3533 et
437 3474 565 3553 privatae
593 3474 698 3535 domus
723 3471 931 3549 inducuntur„
954 3492 1027 3552 quae
1056 3474 1173 3554 quidem
1201 3475 1270 3537 olim
1297 3475 1375 3554 quod

77 3571 185 3635 tabulis
207 3581 391 3652 tegerentur,
419 3575 614 3637 communiter
633 3573 771 3636 tabernae
796 3573 982 3636 vocabantur.
1027 3576 1112 3637 tertia
1133 3573 1248 3657 species
1267 3582 1313 3634 est
1333 3575 1375 3635 la-

146 3775 293 3830 deratiuus
311 3794 328 3837 ς
346 3780 442 3830 oratius
461 3781 546 3831 ΑΒΜ
620 3783 637 3832 4
654 3780 834 3831 aceruissimas
852 3781 903 3831 AB
921 3781 1090 3832 aceruinimas
1105 3779 1140 3830 M
1213 3777 1333 3829 bdillrili
1349 3778 1375 3826 B

76 3847 140 3914 phili
160 3846 193 3895 M
209 3848 245 3898 illi
263 3851 288 3899 A
358 3849 521 3900 aceruitatem
538 3850 625 3902 ΑΒΜ
691 3849 709 3900 8
726 3849 809 3913 adque
828 3851 852 3899 A
931 3848 1068 3915 erroribus]
1089 3849 1219 3899 sutoribus
1239 3849 1375 3899 Camarina

145 3915 162 3965 7
179 3918 262 3982 primo
280 3918 367 3969 ΑΒΜ
451 3918 468 3968 8
489 3919 590 3969 Liuium
607 3935 624 3978 ς
647 3920 755 3970 liboeum
773 3918 859 3968 ΑΒΜ
945 3920 971 3968 11
989 3933 1018 3967 co
1033 3919 1118 3969 insula
1134 3919 1160 3967 A
1182 3919 1208 3967 iu
1226 3917 1373 3968 111111111-

76 3985 132 4033 sule
150 3984 176 4033 B
193 3986 218 4034 in
234 4003 291 4036 eum
310 3986 408 4036 insulae
428 3988 461 4037 M
534 3988 648 4039 9acoo
666 3986 728 4038 AM
744 4002 759 4036 a
776 3987 841 4037 choo
858 3987 883 4036 B
966 3987 998 4036 10
1013 3988 1142 4054 galeribus
1158 3985 1215 4037 ΑΜ
1233 3986 1373 4053 galerileri-

76 4053 124 4102 bus
141 4053 168 4102 B
184 4056 279 4120 galeris
296 4070 327 4111 ς;
346 4055 382 4119 es.
401 4056 543 4122 0111111.
562 4056 594 4107 dt
679 4057 709 4107 ll
729 4055 789 4107 rulfl
808 4057 859 4106 AB
947 4057 978 4106 12
995 4060 1091 4107 euersis
1110 4057 1193 4107 ΑΒΜ
1211 4056 1328 4106 obuersis
1342 4069 1373 4111 ςι

75 4124 205 4187 perversis
221 4127 316 4189 scripsi
333 4143 368 4176 ex
386 4126 437 4176 otc.
457 4128 490 4177 de
507 4136 559 4178 nat.
572 4128 643 4179 deor.
661 4124 732 4188 128,
749 4126 782 4177 79
798 4134 823 4175 11
839 4135 893 4176 erat
912 4125 1054 4188 (Roscius),
1073 4127 1138 4177 sieut
1154 4125 1231 4176 hodic
1248 4132 1296 4185 est,
1314 4138 1374 4172 oeu-

77 4191 109 4239 lis
132 4193 334 4256 perversissimis
424 4192 455 4247 13
479 4209 526 4243 nec
544 4197 606 4246 satis
627 4196 736 4245 decorus
754 4195 804 4246 nisi
820 4202 971 4261 personatus
988 4195 1168 4259 pronuntiabat
1185 4195 1290 4247 casem
1308 4193 1374 4242 Reu-

76 4262 178 4309 aetrrt’us
195 4265 291 4313 corea.
309 4265 355 4313 litt.
371 4279 400 4326 p.
418 4263 451 4313 10
536 4261 1236 4331 1111111οηί1Βαπρ1111111.1119.11111.ρ.43
1324 4259 1374 4308 nisi
1478 4335 1483 4342 .

76 4344 123 4378 om.
144 4327 177 4376 Μ
246 4329 277 4380 lb
295 4340 425 4397 pretextae
445 4330 477 4381 M
546 4331 577 4381 17
597 4335 622 4382 id
639 4340 678 4383 est
695 4361 730 4370 -
748 4331 782 4383 18
800 4342 839 4382 est
858 4348 904 4384 om.
924 4330 957 4380 M
1036 4332 1069 4384 19
1086 4341 1160 4396 tegas
1178 4341 1262 4381 autem
1279 4329 1305 4378 A

75 4394 111 4446 20
129 4397 189 4460 quia
207 4397 278 4450 launi
303 4409 404 4466 togatas
430 4399 517 4467 (togas
536 4400 612 4464 BM)
634 4402 764 4466 appellant
786 4399 871 4450 ΑΒΜ
894 4401 952 4463 quia
971 4401 1082 4455 Fannius
1101 4409 1202 4467 togatas
1224 4398 1335 4464 appellat
1358 4410 1375 4452 ς

75 4465 119 4527 qui
139 4465 240 4518 Abanti
259 4476 359 4535 togatus
378 4470 489 4535 appellat
506 4472 612 4521 eoniedt
628 4471 784 4521 Reuneusius
803 4473 898 4520 collect.
917 4472 963 4520 litt.
981 4488 1008 4535 p.
1028 4470 1062 4523 43
1143 4470 1173 4518 tt
1194 4464 1325 4531 Horatius]
1343 4468 1375 4515 de

74 4543 125 4585 111.
140 4545 211 4600 poet.
228 4536 280 4587 288
367 4538 401 4588 23
420 4539 570 4605 pallatarum
588 4538 648 4589 AM
662 4539 812 4604 pellatarum
831 4538 856 4588 Β
941 4539 976 4588 211
993 4549 1017 4590 et
1036 4547 1242 4604 argumentorum
1260 4535 1375 4585 sublimi-

73 4605 270 4655 oleumcum
347 4616 493 4671 praetextae
512 4615 595 4655 autem
614 4608 666 4658 AB
683 4616 815 4672 praetexta
833 4616 917 4655 autem
938 4607 971 4656 Μ
1047 4608 1082 4658 28
1101 4616 1138 4657 est
1157 4622 1203 4657 om.
1223 4604 1309 4655 ΑΒΜ

73 4669 105 4721 31
126 4673 281 4723 inducuntur
300 4674 494 4738 (indicunturB
513 4675 654 4725 indicantur
667 4674 711 4737 M)
730 4676 854 4740 quaedam
874 4674 933 4724 olim
951 4678 1019 4741 quod
1032 4676 1115 4727 ΑΒΜ
1137 4674 1291 4724 inducuntur
1310 4688 1375 4737 quae

73 4743 143 4802 quod
165 4742 224 4790 olim
243 4756 260 4799 ς
339 4742 373 4794 32
391 4744 508 4793 tabernae
526 4745 694 4796 Nealrirclu‘us
711 4746 745 4795 de
757 4745 813 4808 sab.
830 4754 881 4809 top.
897 4745 970 4797 Rom.
984 4764 1013 4811 p.
1031 4745 1067 4798 40
1084 4744 1241 4797 tabernariae
1258 4743 1342 4793 ΑΒΜ

126 4837 335 4888 cnauuarxe'x
357 4848 469 4890 narsus
493 4848 514 4891 1.
1128 4828 1168 4890 32
