3114 5348
601 301 684 364 tur.
706 301 847 363 amun.
869 302 940 364 LlB.
962 302 988 364 ll
1391 304 1449 363 451

638 459 641 463 ⁴
1243 447 1249 458 .
1265 419 1362 459 ata-u
1376 419 1400 460 r.

156 489 225 548 item
251 488 337 548 unius
352 485 366 567 ΙΙ
380 488 460 548 verbi
478 486 606 547 obscena
634 487 871 566 pronuntiatione
896 487 940 548 sic
967 490 1013 561 tu,
1047 496 1079 548 ut
1107 497 1153 549 est
1180 432 1257 568 aptid
1283 489 1452 550 Sallustium

156 588 373 648 ‘ductabat'
395 597 424 648 et
444 591 602 650 ‘arrexit
624 590 769 653 animos
792 588 974 650 militum'.

223 690 284 764 ¹lle
306 689 496 768 cacenphato.
536 690 746 770 Cacenphaton
769 699 815 752 est
835 689 903 750 ritic
918 688 1130 769 conpositionis
1148 689 1342 751 inverecunda
1358 690 1454 769 suspi-

157 790 212 863 tio,
237 799 268 851 ut
1155 797 1160 810 '

129 907 142 944 a
781 891 907 970 arrigo
929 909 1057 964 aures,
1077 890 1288 970 Pamphile;

157 990 228 1050 item
463 972 468 982 ³

325 1091 366 1151 ad
389 1111 527 1153 ramum
550 1094 648 1154 bunc
670 1091 794 1171 aperit
816 1108 1005 1172 ramumpq.
1028 1110 1053 1151 v.
1073 1091 1093 1151 l.

242 1190 285 1250 De
307 1192 460 1253 cacozelia.
506 1193 656 1255 Caoozelia
684 1200 730 1254 est
757 1212 811 1272 per
836 1190 1050 1253 affectationem
1079 1192 1193 1254 decoris
1222 1202 1359 1273 connpta
1386 1212 1454 1254 sen·

157 1291 264 1363 tentia,
295 1310 362 1352 cum
390 1312 425 1352 eo
454 1293 519 1372 ipso
548 1294 740 1355 dedecoretur
764 1295 857 1355 oratio
890 1311 948 1371 quo
983 1293 1061 1354 illam
1093 1293 1183 1355 voluit
1209 1303 1312 1356 auctor·
1337 1313 1450 1355 ornare.

113 1414 140 1454 ro
155 1393 231 1453 baec
253 1395 285 1453 stt
304 1400 354 1452 aut
375 1394 463 1455 nimio
486 1395 566 1456 cultu
585 1404 635 1455 aut
655 1395 745 1457 nimio
766 1403 897 1456 tumore:
924 1396 1014 1456 nimio
1036 1404 1159 1469 tumore,

323 1494 499 1574 luppiter
519 1497 773 1577 omnipotens,
796 1497 893 1558 caeli
916 1497 975 1576 qui
998 1496 1123 1558 sidera
1145 1505 1316 1573 torquem

323 1613 388 1655 ore
410 1604 473 1657 tuo
495 1597 656 1659 dicenda
680 1598 829 1676 lo'quar;

154 1695 248 1756 nimio
270 1696 359 1767 cultu,
1066 1763 1074 1778 ,

320 1814 456 1857 aureus
479 1798 558 1858 axis
581 1804 676 1871 erat,
700 1806 795 1859 temo
818 1817 970 1871 aureus,
992 1818 1100 1859 aurea
1125 1817 1288 1861 summae

112 1923 140 1964 1⁵
324 1905 527 1957 curvatura
547 1904 669 1971 rotae,
695 1896 885 1957 radiorum
908 1911 1112 1974 argenteus
1134 1900 1239 1971 ordo,

324 2016 388 2076 per
410 1997 495 2075 iuga
520 1997 748 2078 chrysolithi
770 1996 997 2077 positaeque
1018 2016 1058 2057 ex
1080 1995 1213 2057 ordine
1236 2017 1371 2060 musae.

241 2098 284 2159 De
316 2098 532 2176 cacosyntheto.
588 2098 823 2176 Cacosyntlteton
855 2108 903 2158 'est
937 2097 1076 2158 indecens
1108 2105 1254 2159 structura
1289 2100 1453 2175 verborum,

155 2208 189 2260 ut
213 2208 259 2259 est
955 2192 962 2202 ’
1477 2194 1480 2199 ’

891 2316 1075 2376 versaque
1096 2297 1289 2361 iuvencum

112 2422 140 2461 aa
327 2409 432 2481 terga
459 2356 659 2484 latigamus
681 2401 798 2462 basta.
845 2439 847 2443 >

692 2607 730 2648 DE
748 2605 924 2648 utuntntstto

243 2705 449 2766 barbarismus
477 2713 521 2765 est
547 2703 636 2765 dictio
656 2702 769 2768 vitiosa.
815 2714 861 2768 est
887 2717 985 2767 autem
1009 2707 1138 2770 delinitio
1167 2707 1313 2787 generalis
1337 2716 1368 2769 et
1389 2729 1457 2790 spo-

156 2807 251 2867 cialis.
297 2806 349 2866 sed
372 2805 510 2883 quoniam
531 2804 619 2866 dictio
641 2815 671 2867 et
691 2816 826 2868 contexta
849 2809 943 2870 oratio
964 2817 994 2869 et
1017 2828 1164 2890 unapars
1187 2811 1250 2871 eius
1271 2808 1456 2888 intellegitur,

156 2917 188 2968 et
210 2905 277 2984 quia
300 2906 482 2966 consuetudo
504 2906 583 2967 bunc
604 2914 717 2968 tantum
737 2908 949 2970 barbarismum
972 2910 1099 2990 appellat
1124 2913 1171 2991 qrri
1192 2914 1225 2973 ut
1245 2912 1275 2972 in
1298 2929 1355 2971 una
1375 2921 1458 2990 parta

117 3006 316 3078 afflationis,
336 2994 446 3086 ¹aptius
474 3015 571 3068 tamen
598 3008 654 3068 bac
680 3017 796 3069 utemur
821 3009 1006 3082 delinitione,
1042 3007 1257 3094 [barbarismus
1282 3020 1327 3073 est
1356 3022 1456 3074 contra

156 3108 282 3171 llomani
305 3107 450 3168 sermonis
469 3106 564 3186 legem
587 3115 638 3169 aut
660 3109 768 3188 scripta
798 3117 849 3170 aut
873 3110 1061 3189 pronuntiata
1090 3112 1191 3173 vitiose
1218 3111 1323 3197 dictio]
1353 3114 1458 3175 barba·

156 3209 268 3272 rismus
292 3217 338 3270 eat
356 3208 557 3270 enuntiatione
578 3210 622 3269 rel
647 3210 757 3288 scripto
777 3228 834 3271 una
857 3229 926 3287 pars
948 3211 1088 3271 orationis
1111 3219 1246 3290 corrupta
1268 3233 1304 3274 ae
1326 3234 1380 3293 per
1401 3216 1457 3274 boc

158 3329 219 3372 non
241 3308 353 3370 Latina.
398 3310 449 3369 sed
472 3311 529 3370 boc
552 3311 652 3371 vitium
671 3311 701 3370 in
724 3308 819 3371 soluta
839 3311 971 3370 oratione
994 3329 1102 3371 nomen
1125 3330 1211 3372 suum
1232 3313 1354 3385 retinet,
1379 3322 1458 3374 cete-

157 3429 224 3472 rum
247 3411 325 3489 apud
344 3417 446 3490 poetas
465 3410 674 3490 metaplasmus
697 3419 834 3484 vocatur,
867 3410 1061 3472 soloecismus
1089 3419 1187 3471 autem
1216 3411 1345 3472 schema.
1391 3413 1458 3473 bar-

122 3533 145 3573 u
158 3508 306 3572 berismus
327 3519 373 3572 cst
391 3512 533 3573 barbaros
553 3513 640 3586 lexis,
663 3513 693 3573 id
711 3520 757 3572 est
775 3511 899 3573 barbara
918 3510 1016 3574 dictio.
1061 3511 1112 3571 sed
1135 3511 1192 3570 boc
1211 3511 1310 3571 vitium
1332 3513 1409 3572 iuter
1425 3532 1458 3574 sc

157 3611 272 3686 differt,
294 3614 372 3689 quod
395 3614 595 3675 barbarismus
618 3614 647 3675 in
666 3612 769 3675 Latina
791 3611 919 3682 dictione
940 3613 989 3685 ut,
1019 3611 1160 3673 barbaros
1183 3620 1279 3674 auteur
1304 3611 1376 3672 lexis
1398 3623 1457 3673 tota

157 3713 313 3792 peregrina
334 3712 431 3774 dictio.
449 3710 461 3796 ΙΙ
476 3714 676 3775 barbarismus
698 3716 730 3774 ut
752 3713 847 3774 modis
875 3711 1085 3792 principalibus
1113 3724 1264 3791 (mutuor,
1295 3712 1457 3774 adiectione

158 3814 340 3876 detractione
372 3813 532 3875 mutatione
565 3813 816 3876 transmutatione.
868 3812 1040 3874 adiectionis
1073 3816 1187 3894 species
1215 3822 1283 3874 suut
1310 3822 1456 3891 quattuor,

160 3909 235 3998 [aut]
256 3933 310 3992 per
332 3914 526 3976 adiectionem
545 3917 686 3996 temporis
706 3900 770 3977 sive
787 3915 1025 3995 productionem,
1048 3934 1102 3995 per
1121 3915 1313 3975 adiectionem
1333 3915 1456 3988 litterae,

232 4091 255 4156 1Ι
266 4093 400 4142 salustium
417 4093 451 4143 B.
469 4094 531 4143 Sall.
549 4094 620 4143 carra
642 4093 674 4142 17
699 4093 759 4154 quia
776 4093 821 4144 Cn.
842 4092 978 4158 Pompeius
996 4094 1094 4143 invisus
1114 4094 1161 4157 ipsi
1180 4108 1301 4158 magnum
1320 4094 1457 4143 exercitum

156 4160 275 4212 ductabat
354 4164 371 4210 2
390 4162 509 4211 ductabat
526 4163 651 4211 exercitus
670 4176 686 4218 ς
768 4160 873 4227 arrexit]
891 4165 954 4213 Satt.
976 4163 1049 4213 Catil.
1068 4161 1103 4212 39
1121 4170 1193 4211 vetus
1211 4171 1337 4210 certamen
1357 4163 1455 4211 animos

156 4244 245 4280 eorum
262 4231 358 4279 arrexit
434 4232 532 4279 animos
552 4229 658 4278 militum
676 4231 806 4281 GMwiaioa
824 4232 908 4280 animo
928 4232 1033 4280 militum
1053 4232 1086 4280 M
1101 4233 1185 4280 auimo
1205 4231 1283 4279 milito
1303 4230 1354 4279 AB
1439 4231 1455 4281 3

156 4300 246 4348 uitium
267 4297 291 4346 B
368 4302 480 4364 srtspic'to
499 4299 558 4348 AM
636 4299 766 4365 barrigc]
790 4302 845 4351 Ter.
866 4302 949 4350 Andr.
970 4301 1032 4360 vt,
1052 4300 1086 4350 30
1138 4300 1256 4366 ⁴parallle
1276 4300 1361 4349 ΑΒΜ
1439 4301 1455 4349 7

155 4365 198 4432 ad]
223 4367 303 4430 Ver-p.
323 4368 388 4420 Aen.
406 4369 440 4417 Vl
458 4367 511 4417 406
527 4377 553 4416 at
572 4383 668 4424 ramum
686 4368 768 4429 bunc,
787 4371 869 4435 aperit
887 4384 999 4429 ramum,
1019 4370 1062 4432 qui
1081 4378 1151 4419 reste
1171 4370 1262 4418 latebat
1333 4369 1350 4418 1)
1368 4383 1417 4431 quo
1437 4383 1454 4424 ς

156 4437 199 4501 qui
214 4436 298 4486 ΑΒΜ
390 4438 419 4488 11
438 4437 551 4502 luppiter
568 4450 582 4484 o
601 4451 758 4502 praecones
843 4445 964 4502 torquens
983 4439 1009 4488 A
1095 4437 1128 4487 14
1146 4436 1249 4501 arrreus]
1270 4438 1341 4488 Ouid.
1359 4447 1453 4487 motam.

155 4507 178 4556 11
198 4505 249 4556 107
322 4505 353 4555 lu
372 4504 469 4570 mursae]
486 4519 638 4571 gemmaec
711 4506 744 4558 19
760 4505 893 4572 versaque]
918 4508 996 4572 Verp.
1015 4508 1079 4557 Aen.
1099 4507 1169 4557 Vllll
1186 4506 1239 4558 610
1308 4507 1341 4554 22
1359 4507 1454 4556 Burbu-

154 4575 251 4626 ricmna
267 4601 304 4609 -
321 4574 388 4633 4112,
403 4575 435 4625 17
454 4575 581 4624 Leucaten
605 4574 703 4626 coarto.
720 4592 748 4641 p.
767 4573 818 4626 237
905 4575 941 4626 23
965 4576 1086 4626 orationis
1104 4576 1129 4623 B
1215 4575 1248 4624 25
1272 4583 1371 4623 utemur
1390 4575 1456 4624 Bet

154 4644 288 4696 mutto
307 4644 401 4692 utimur
421 4644 453 4692 M
466 4652 550 4693 utetur
571 4644 595 4693 A
673 4644 848 4695 barbarimun
864 4670 900 4683 ·-
914 4644 949 4698 211
967 4644 1051 4704 diutia,
1069 4661 1135 4711 quae
1152 4646 1189 4694 ad
1201 4647 1344 4708 pecoralem
1360 4643 1455 4692 borba-

152 4715 226 4765 ram
239 4714 410 4776 Mddonem
423 4714 554 4777 pertinere
570 4662 755 4768 fideman.
771 4712 855 4752 ΜΗ
935 4717 975 4759 ha
999 4744 1002 4751 -
1041 4712 1078 4770 20
1089 4715 1185 4779 scripta
1203 4722 1246 4762 aut
1261 4715 1453 4777 pronuntiatas·

152 4783 275 4848 scriptam
293 4780 426 4847 (scribtam
439 4781 485 4845 M)
504 4789 549 4832 aut
564 4794 663 4849 pra-ua
1023 4782 1142 4835 'mter
1157 4781 1252 4832 muoso
1269 4781 1299 4830 M
1318 4781 1414 4831 uictosa
1427 4781 1453 4830 A
