3114 5356
511 323 593 385 ΛΒΤ.
617 324 758 389 chenu.
782 326 854 391 ltu.
877 328 918 391 lll
1301 336 1363 399 513

132 437 200 481 ‚ue
215 437 239 479 u
252 443 277 484 r.
1148 476 1156 490 .
1215 473 1239 482 -

64 451 164 573 ontio
181 516 212 570 ct
232 509 326 587 magis
352 509 484 588 rythmus
505 519 550 574 est
577 529 665 591 quam
686 521 811 575 metron.
856 523 884 576 et
905 516 995 578 Varro
1016 517 1088 580 dicit
1108 450 1363 602 idedoeryffiuium,

64 613 114 690 qui
135 610 239 672 Latine
261 628 402 671 numems
423 617 559 685 vocatur,
582 620 611 673 et
629 621 755 675 metrum
772 616 830 678 hoc
851 618 995 681 interesse
1014 620 1093 699 quod
1114 621 1191 684 inter
1211 624 1362 686 materiam

64 722 94 774 et
115 713 256 791 regulam.

151 821 282 881 llimetcr
300 836 335 878 ex
356 817 454 879 ionico
477 819 615 881 Sotadico
633 821 707 882 solet
728 824 792 885 lieri
806 820 820 908 d
837 825 911 902 talis,

38 950 51 987 s
229 923 328 982 Venus
351 937 387 980 ex
407 937 552 981 marmore
573 921 706 1000 pulchro.

59 1026 120 1086 hoc
143 1022 200 1085 tale
221 1028 268 1083 est
285 1021 372 1101 quale
391 1020 474 1096 illud,

800 1128 865 1189 cole
887 1129 913 1190 si
939 1131 981 1193 ris
1001 1133 1097 1195 bonus
1119 1153 1195 1196 esse.

62 1243 131 1285 nam
152 1224 258 1302 integri
281 1223 409 1285 Sotadici
432 1222 606 1286 dederamus
628 1226 793 1307 exemplum
816 1229 883 1304 talc,

229 1323 323 1412 l‘ansa
342 1323 468 1402 optime,
489 1324 571 1387 divos
594 1326 674 1402 cole,
696 1328 722 1388 si
744 1328 789 1389 vis
809 1328 905 1394 bonus
927 1351 1004 1395 esse.

24 1469 48 1508 ro
149 1442 428 1505 Proceleumaticum
448 1449 575 1504 metrum
595 1452 642 1504 est
662 1444 747 1523 quala
770 1447 837 1508 lecit
862 1448 1001 1524 Serenus,

226 1542 393 1604 animula
414 1541 593 1605 miserula
616 1548 836 1625 properiter
856 1547 960 1610 abiit.
981 1547 986 1632 Ι

61 1647 120 1708 hoc
140 1651 255 1708 constat
275 1663 310 1705 ex
331 1643 577 1725 proceleumatico
598 1645 690 1724 pede,
712 1648 763 1726 qui
783 1658 829 1713 est
847 1669 883 1711 cx
901 1659 1039 1729 quattuor
1060 1650 1207 1719 brevibus.
1251 1651 1282 1712 iu
1303 1651 1362 1712 imo

60 1748 166 1828 recipit
188 1744 368 1825 trisyllabum
389 1744 495 1825 pedem
516 1744 661 1816 incertum
682 1763 784 1824 quem,
813 1750 880 1828 quia
907 1750 945 1811 de
972 1751 1072 1812 ultum
1102 1751 1210 1830 syllaba
1232 1751 1261 1812 id
1284 1751 1361 1811 varie

60 1847 276 1910 observandum
296 1853 342 1906 cst
363 1846 442 1924 quod
464 1863 554 1925 supra
575 1845 686 1907 dictum
709 1855 764 1910 cst

19 1985 45 2025 rs
148 1961 336 2025 llolossicum
363 1968 490 2022 metrum
517 1961 587 2024 mihi
614 1961 805 2025 durissimum
833 1964 954 2027 ridetur.
1002 1966 1090 2029 huius
1117 1967 1280 2048 exemplum
1311 1968 1362 2028 dat

62 2065 186 2128 Caesius
208 2062 318 2123 Bassus
340 2060 407 2136 tale,
843 2061 845 2065 ’

227 2164 350 2225 Romani
371 2163 497 2225 victores
517 2163 670 2226 Germanis
692 2164 822 2227 devictis.

60 2285 165 2330 omues
191 2265 297 2344 longae
326 2271 409 2339 sunt,
441 2265 508 2342 quia
537 2264 685 2329 molossus
709 2273 824 2326 constat
850 2284 885 2326 ex
912 2265 1005 2328 tribus
1034 2268 1139 2347 longis.
1183 2268 1263 2329 huuc
1286 2288 1358 2331 saue

59 2385 178 2429 versum
199 2364 377 2427 simillimum
399 2373 469 2444 puto
490 2365 530 2427 illi
553 2367 721 2430 hexametro
743 2367 793 2446 qui
815 2367 993 2446 spondiacus
1014 2368 1128 2432 dicitur.
1170 2389 1239 2432 uam
1257 2378 1288 2432 et
1310 2370 1358 2432 hic

16 2501 45 2540 ω
60 2469 194 2534 similiter
216 2465 371 2528 duodecim
391 2465 516 2545 syllabas
537 2468 641 2548 longas
659 2468 757 2532 habet.

147 2583 253 2648 Cretici
274 2600 378 2646 versus
398 2584 455 2644 hoc
477 2586 641 2666 exnplum
664 2594 719 2660 est,

226 2684 303 2746 alma
322 2683 372 2750 hur
392 2684 509 2747 ruscida
531 2684 624 2766 prima
647 2688 764 2749 llamma
785 2688 892 2749 nitens.

57 2808 106 2850 me
131 2795 179 2850 sat
199 2794 246 2847 est
273 2783 382 2848 dixisse
405 2785 545 2848 creticum
568 2795 705 2849 constare
724 2806 760 2848 ex
780 2787 866 2866 longa
889 2796 919 2849 et
939 2787 1020 2849 brevi
1043 2799 1073 2849 et
1090 2788 1194 2867 longa,
1215 2777 1265 2868 qui
1279 2790 1358 2852 idem

59 2889 276 2969 amphimacrus
297 2886 472 2947 nominatur.

16 3029 45 3069 as
144 3005 352 3068 Antibacchias
373 3022 475 3065 versus
497 3005 682 3068 huiusmodi
703 3014 759 3080 cst,

223 3106 319 3166 mariti
339 3105 415 3167 beati
436 3124 574 3186 paremus
593 3114 725 3187 nepotes.

55 3209 145 3270 huius
159 3206 261 3293 ‘facilis
283 3207 416 3287 partitio,
440 3224 507 3268 cum
531 3207 658 3268 suemus
679 3207 785 3287 pedem
804 3208 901 3287 ipsum
923 3216 1059 3269 constare
1081 3227 1117 3271 ex
1135 3209 1216 3273 brevi
1239 3220 1269 3273 ct
1287 3212 1359 3275 dua·

57 3310 113 3372 bus
133 3308 238 3387 longis.

143 3424 338 3487 Bacchiacum
360 3432 486 3487 metrum
508 3433 553 3486 cst
575 3423 642 3498 tale,

16 3563 43 3603 ³0
224 3526 334 3587 lactare
354 3527 499 3590 baccharc
521 3537 678 3607 praesente
699 3526 858 3586 Frontone.

55 3633 114 3693 hoc
139 3627 209 3690 mihi
236 3627 350 3689 ridetur
376 3627 470 3706 magis
497 3627 676 3709 adprosam
700 3625 864 3689 convenire.
910 3634 939 3687 et
961 3644 1032 3688 sane
1053 3625 1155 3689 multis
1176 3625 1302 3707 pedihus
1325 3629 1355 3689 in

56 3730 189 3795 oratione
211 3730 336 3803 utimur,
368 3727 438 3789 licet
458 3729 539 3790 stulti
558 3725 563 3812 Ι
582 3737 687 3810 putent
707 3728 831 3791 dherum
860 3747 877 3788 a
905 3727 1028 3789 vinculis
1057 3726 1166 3809 pedum
1188 3745 1354 3790 sermonem

54 3851 162 3916 prosae
183 3850 250 3893 esse
268 3829 385 3892 debere.

126 4053 158 4104 ll
176 4053 295 4105 mimalia
313 4055 338 4102 iu
358 4051 444 4102 secula
462 4060 565 4117 propter
583 4053 631 4101 iter
648 4050 710 4100 obiit
727 4065 745 4111 ς
762 4051 865 4102 anicula
881 4060 968 4101 teucro
984 4059 1090 4116 propter
1106 4052 1154 4102 iter
1171 4052 1234 4103 obiit
1249 4053 1285 4102 Η.
1297 4053 1354 4104 Ste·

51 4127 153 4191 pharius
168 4133 236 4188 poet.
256 4130 304 4175 oet.
323 4123 383 4172 but.
398 4122 492 4186 [ruyro.
507 4137 535 4184 p.
554 4119 615 4172 420.
639 4122 791 4186 properiter.
809 4120 922 4172 Catullus
940 4120 1052 4169 animula
1070 4121 1193 4171 miserula
1211 4121 1354 4188 properiter

54 4195 107 4244 abit
124 4195 223 4274 Nereius
237 4209 264 4273 ¹3:
282 4191 342 4242 517.
370 4190 404 4253 cs.
433 4190 576 4242 Terentiae.
605 4189 693 4243 Maron
713 4189 781 4241 1464
809 4189 880 4240 Mur.
908 4192 1033 4270 (scotoma.
1056 4206 1086 4254 p.
1111 4189 1200 4274 2546.ι
1212 4188 1283 4241 2536

51 4272 201 4384 6363ῗὲ
215 4258 1352 4396 tlttl‘tttttt'rhttttttr·.tt..⁹‘t.⁹¹⁰;.t‘;.‘.tl‡¹‘.ttt⁶²a⁸5.tt¹htt

50 4402 145 4452 radas
161 4400 271 4450 instat.
289 4400 345 4449 silo.
364 4399 387 4447 ll
406 4398 430 4457 l,
449 4395 500 4448 205
583 4398 615 4449 ta
633 4412 666 4446 ex
682 4400 772 4462 priore
787 4401 844 4448 loco
862 4413 908 4448 our.
926 4396 979 4447 AB
1062 4395 1093 4447 13
1112 4412 1169 4447 rece
1187 4398 1208 4447 it
1225 4395 1282 4447 AM

52 4485 128 4534 quern
147 4468 250 4533 (pridem
268 4469 295 4516 iu
311 4467 400 4517 ultima
417 4466 515 4528 syllaba
532 4467 632 4515 uarium
651 4466 839 4516 obseruandum
856 4479 914 4515 csse
930 4481 1008 4531 supra
1025 4480 1043 4521 ς
1113 4413 1187 4532 quiaff
1205 4467 1249 4530 qul
1267 4465 1353 4516 ΑΒΜ

120 4539 209 4587 uariae
227 4536 288 4586 AM
362 4534 395 4586 16
409 4533 515 4586 Caesius
533 4548 551 4591 ς
569 4535 662 4585 celsius
680 4535 766 4586 ΑΒΜ
779 4544 803 4585 et
820 4536 905 4586 codem
921 4534 1037 4601 Scioppii
1115 4535 1147 4586 17
1165 4534 1274 4585 Romani
1291 4534 1351 4585 Gal·

51 4608 84 4659 lis
101 4606 212 4656 deuictis
229 4614 290 4655 snut
307 4606 416 4655 uictores
434 4618 451 4660 ς
534 4603 635 4655 diuictis
653 4603 686 4652 Μ
765 4604 857 4656 tuille
877 4602 903 4653 A
986 4604 1020 4654 25
1036 4605 1093 4655 cius
1109 4603 1180 4654 modi
1197 4603 1283 4654 ΑΒΜ

50 4675 86 4727 26
103 4690 223 4741 paremus
238 4674 323 4724 ΑΒΜ
336 4681 453 4739 parentes
471 4690 494 4723 m
562 4672 597 4724 29
613 4672 781 4723 Bucchiucum
796 4700 832 4710 —
848 4672 882 4723 33
901 4673 994 4724 debera
1011 4691 1047 4724 ear
1061 4674 1109 4724 ‘rt
1127 4674 1265 4739 Sosipater
1282 4674 1348 4725 cao

48 4749 115 4796 risio
132 4746 165 4796 de
184 4743 301 4797 amerb*
319 4745 458 4806 adempsit
474 4743 580 4806 Rufinus
596 4743 629 4793 da
641 4750 713 4793 new.
729 4759 792 4795 conc·
807 4760 835 4807 p.
855 4741 924 4792 2719
1010 4742 1061 4794 talc
1082 4743 1187 4793 uaoeare
1211 4743 1349 4810 praecinge

49 4813 161 4863 lrontem
179 4826 197 4869 ς
275 4811 310 4862 60
328 4811 444 4862 frontone
461 4812 527 4862 Bam
546 4811 689 4863 frontonem
706 4811 739 4861 M
754 4810 914 4862 lerontouem
932 4811 958 4861 A
