3114 5348
608 299 690 360 aar.
716 294 856 360 Glblllbl.
885 296 1007 359 LlB.ll
1394 293 1456 355 169

1243 409 1403 463 pmcn

154 489 223 547 rus'
247 480 277 545 et
298 485 415 546 ‘omnia
437 485 621 564 propinavit'
641 485 727 546 simili
743 490 891 548 structura
910 483 1059 559 feruntur,
1079 484 1146 562 quia
1161 489 1264 544 natura
1280 482 1362 560 paria
1376 489 1455 556 snrrt,

156 587 287 665 quamvis
312 587 372 647 sint
394 586 539 666 positione
560 587 682 647 diversa.

167 720 170 729 v
242 689 334 766 Igitur
356 687 497 767 spondius
518 707 535 749 e
557 688 671 750 duabus
691 686 809 767 syllabis
826 686 922 765 longis
943 694 1029 767 aptus
1052 694 1098 748 est
1121 682 1280 770 [clausulae
1298 681 1355 770 vel]
1376 686 1457 748 clau·

158 789 247 863 salis,
277 788 416 867 qualibus,
438 789 564 850 manime
593 788 806 850 Demosthenes
834 788 937 862 utitur,
962 787 1055 863 „adea
1077 784 1129 846 καὶ
1155 780 1265 858 πάσαις
1289 783 1340 844 καὶ
1363 788 1455 846 πᾶσιν

131 880 259 966 chyam
304 889 392 949 habet
415 889 492 950 enhn
514 909 616 968 graves
640 910 730 953 sonos
751 891 899 967 finemque
928 906 1033 949 sensus
1063 896 1093 949 et
1120 888 1267 951 clausulae
1288 889 1387 949 firmas
1410 907 1457 950 se·

159 992 211 1052 des
235 990 402 1063 constituit,
422 997 456 1051 ut
475 991 536 1051 ‘rei
554 990 689 1071 pubhcae
711 969 872 1054 caucasea
893 993 999 1054 ‘arma
1015 989 1147 1069 sumpsi’
1173 997 1203 1051 et
1221 991 1306 1051 ‘esse
1326 1009 1379 1070 pro
1402 1010 1456 1051 no-

142 1091 233 1153 'bis'.
279 1091 393 1171 gravior
416 1101 462 1153 est
482 1101 580 1154 nutem
598 1091 685 1170 longa
705 1090 814 1170 syllaba
835 1088 1030 1171 praecedente
1049 1106 1136 1167 quam
1157 1088 1246 1150 brevi.
1279 1091 1363 1152 alitor
1378 1092 1454 1154 enim

160 1199 245 1253 sonat
273 1193 370 1253 ‘arma
400 1192 545 1271 sumpsi',
579 1192 663 1254 aliter
690 1193 775 1255 ‘esse
805 1210 859 1273 pro
888 1189 1000 1251 nobis’.
1045 1208 1117 1252 sane
1144 1189 1268 1253 interest
1295 1193 1360 1270 quis
1389 1211 1456 1254 eum

159 1312 213 1372 pes
231 1293 393 1354 antecedat
429 1311 497 1353 narn
513 1293 669 1356 trochaeus
687 1293 866 1374 praecunit,
883 1294 982 1379 ‘arma
1000 1292 1143 1372 sumpsi',
1166 1301 1355 1372 anapaestus,
1372 1294 1458 1355 ‘esse

121 1414 145 1453 ro
160 1413 214 1475 pro
229 1394 342 1455 nobis’.
376 1401 454 1456 amat
476 1403 506 1455 et
523 1395 669 1474 dactylum
690 1395 927 1467 antecedentem,
950 1400 983 1454 ut
1004 1392 1153 1456 ‘criminis
1168 1400 1284 1456 causa’.
1322 1396 1386 1477 ipsc
1402 1395 1457 1457 sihi

160 1496 304 1575 spondius
330 1495 406 1556 male
433 1497 629 1576 anteponitur.
680 1498 836 1559 trochaeus
865 1512 982 1576 quoqne
1008 1495 1038 1555 in
1067 1494 1196 1556 clausula
1223 1496 1300 1558 bene
1328 1497 1457 1577 ponitur,

160 1597 283 1658 maxime
303 1597 328 1658 si
351 1617 383 1658 se
404 1598 468 1677 ipse
489 1599 660 1678 praecedat,
689 1607 721 1660 ut
742 1602 825 1661 ‘acta
845 1617 895 1659 res
918 1601 981 1660 est’
1004 1604 1034 1659 et
1055 1596 1149 1659 ‘iusta
1172 1601 1287 1672 causa',
1317 1603 1346 1657 et
1366 1597 1460 1676 pyrri-

161 1698 261 1773 chius,
285 1701 377 1776 ‘cape
400 1700 493 1770 vota',
516 1707 545 1758 et
567 1701 708 1775 creticus,
733 1700 877 1781 ‘proditis
894 1699 982 1760 rebus
991 1703 1012 1773 ',
1036 1704 1065 1758 et
1080 1697 1319 1778 amphibrachys,
1342 1698 1458 1759 ‘srenite

159 1805 307 1872 meeum’,
330 1797 386 1858 nisi
406 1797 484 1874 qnod
506 1798 580 1858 baec
601 1798 731 1861 clausula
752 1801 781 1861 in
802 1801 948 1880 rythmum
972 1788 1070 1873 cadit,
1083 1804 1112 1858 et
1132 1806 1324 1878 anapaestus,
1349 1800 1461 1879 ‘impe-

123 1923 147 1962 ra
161 1909 210 1962 tus
241 1899 340 1960 lecit'.
394 1915 465 1958 sane
493 1899 714 1976 quotiensnon
741 1920 811 1982 pars
840 1900 980 1961 orationis
1007 1904 1197 1978 anapaestum
1229 1908 1258 1959 et
1289 1900 1460 1961 trochaeum

160 1999 322 2080 receperit,
345 1997 473 2060 mollem
502 2006 532 2059 et
559 2000 642 2077 quasi
670 2001 813 2063 lubricam
841 2007 1017 2061 structuram
1044 1997 1138 2072 dabit,
1171 2006 1204 2059 nt
1233 1997 1409 2078 archipirata
1432 2005 1462 2058 et

160 2102 384 2184 parricidarum.
430 2101 562 2178 quanam
588 2103 664 2164 enim
692 2103 770 2163 idem
797 2102 889 2185 pedes
919 2101 1078 2179 eademque
1100 2101 1160 2162 sint
1180 2111 1330 2180 tempora,
1363 2106 1460 2160 tamen

161 2203 212 2265 ubi
232 2204 307 2264 dnae
329 2210 399 2263 sunt
417 2209 516 2281 partes
538 2203 679 2265 orationis
704 2203 804 2264 nescio
828 2219 888 2280 quo
914 2202 1002 2264 modo
1027 2201 1057 2261 in
1087 2203 1239 2280 utriusque
1262 2200 1389 2261 conlinio
1414 2219 1460 2261 re·

163 2311 262 2366 tentus
288 2303 409 2384 spiritus
434 2323 469 2365 ac
493 2304 646 2365 restitutus
670 2304 764 2365 adfert
785 2303 931 2383 quandam
953 2301 1149 2383 conpositioni
1171 2302 1353 2377 firmitatem3
1380 2309 1411 2361 at
1431 2301 1460 2361 in

122 2421 149 2461 ao
163 2421 222 2465 una
243 2412 325 2484 parte
348 2404 488 2466 orationis
510 2424 669 2485 properare
691 2406 778 2467 verba
802 2415 832 2467 et
854 2405 993 2468 continua
1019 2403 1140 2484 spiritus
1155 2403 1311 2464 'celeritate
1337 2400 1394 2463 labi
1420 2402 1462 2462 vi-

161 2505 276 2566 dentur.
321 2508 364 2567 sic
384 2509 418 2567 lit
437 2513 471 2565 ut
489 2506 661 2567 trochaeum
682 2524 799 2585 quoque
822 2507 942 2569 mmetei
962 2506 1039 2568 bene
1061 2503 1224 2583 tribrachys
1245 2503 1405 2578 antecedit,
1430 2510 1462 2564 ut

162 2607 277 2667 ‘refero
299 2611 437 2668 causam'
466 2596 571 2669 ‘facite
593 2612 689 2683 rota’,
719 2616 817 2670 tamen
840 2608 870 2669 iu
894 2626 950 2668 nna
975 2615 1059 2688 parte
1084 2606 1225 2667 orationis
1245 2623 1319 2684 quae
1343 2605 1462 2666 totidem

163 2708 272 2786 pedum
292 2708 472 2787 totidemque
494 2708 533 2769 sit
546 2704 560 2793 Η
576 2717 741 2792 temporum
762 2709 880 2772 mollior
900 2726 935 2770 ac
959 2709 1065 2770 lluxior
1091 2713 1237 2769 structura
1265 2706 1403 2780 ducatur,
1431 2713 1463 2765 ut

164 2807 309 2869 facilitatis
331 2808 467 2887 agilitatis
489 2811 670 2873 temeritatis.
715 2811 830 2873 iambus
852 2829 969 2891 quoqne
991 2809 1132 2872 clausulis
1154 2816 1240 2889 aptus
1263 2816 1309 2868 est
1331 2807 1462 2888 spondeo
1488 2850 1493 2859 .

124 2927 151 2966 aa
166 2907 372 2985 antecedente,
408 2911 503 2973 ‘insta
526 2913 612 2987 llde',
647 2919 676 2973 et
704 2932 736 2974 se
764 2914 830 2994 ipso
851 2915 1075 2993 praecurrente,
1104 2910 1200 2972 ‘bona
1226 2909 1313 2985 side',
1342 2910 1462 2987 cretico,

163 3010 322 3086 ‘prospera
344 3012 428 3073 flde'.
975 3082 983 3097 Ι

249 3108 333 3168 Nunc
355 3111 519 3189 trisyllabos
549 3115 640 3194 pedes
664 3117 693 3176 in
719 3114 876 3193 trisyllabis
901 3113 1034 3194 partibus
1059 3112 1200 3174 orationis
1228 3112 1460 3175 consideremus.

165 3207 288 3286 singulis
308 3209 386 3269 enim
408 3214 539 3290 partibus
560 3216 701 3276 orationis
724 3215 856 3293 singulos
874 3215 965 3293 pedes
988 3213 1131 3274 dabimus.
1176 3211 1306 3289 dactylus
1328 3213 1358 3273 in
1381 3213 1462 3274 clan—

165 3310 228 3371 sula
249 3309 332 3370 fortis
354 3318 399 3371 est
420 3314 556 3378 trochaeo
579 3315 785 3389 antecedente,
809 3315 890 3375 ‘iure
913 3315 1066 3386 lecimus',
1088 3312 1251 3390 pyrrichio,
1282 3313 1366 3372 ‘esse
1389 3313 1462 3373 dici-

123 3431 150 3468 oo
164 3415 240 3485 tur',
264 3411 411 3492 spondeo,
432 3413 555 3477 ‘causas
570 3416 686 3477 audiat'
710 3416 805 3477 ‘cives
819 3415 962 3476 dicimus'
983 3413 1076 3473 ‘iuste
1093 3411 1246 3484 lecimus’,
1265 3419 1294 3470 et
1311 3412 1460 3486 trochaeo,

162 3515 248 3574 ‘'rota
270 3513 409 3583 lecerat’,
430 3520 459 3573 et
477 3514 589 3590 iambo,
611 3516 685 3576 ‘hdo
707 3515 840 3578 dicitur’.
865 3523 895 3576 et
908 3513 1071 3592 tribrachys
1088 3529 1205 3592 quoqne
1221 3511 1365 3588 dactylum
1385 3511 1461 3572 bene

163 3613 329 3694 praecedit,
362 3613 477 3675 ‘recole
504 3617 650 3690 nonrina’‚
688 3624 717 3679 et
745 3624 937 3697 anapaestus,
968 3619 1102 3695 ‘repetes
1135 3614 1269 3686 cetera';
1308 3611 1386 3672 unde
1416 3619 1461 3671 est

164 3714 347 3793 ‘gladium
370 3714 482 3776 nobis
503 3715 545 3776 ab
568 3717 662 3796 ipsis
684 3718 832 3799 porrigi
856 3717 1046 3797 legibus’;
1073 3724 1102 3777 et
1124 3712 1371 3794 palimbacchius,
1395 3716 1461 3774 ‘se-

164 3835 244 3898 pone
266 3818 390 3890 cetera',
420 3823 449 3876 et
469 3816 633 3890 molossus,
662 3817 843 3895 ‘quaerebas
866 3818 992 3879 dicere'.
1037 3817 1106 3878 lacit
1132 3815 1219 3876 ctiam
1240 3803 1403 3893 tribrachys
1424 3814 1460 3874 ad

121 3932 148 3972 aa
165 3915 328 3977 clausulam
349 3916 544 3995 praecedente
566 3917 689 3993 cretico,
722 3921 799 3982 utsi
822 3920 903 3982 dicas
934 3920 989 3980 ‘de
1015 3919 1121 3979 ceteris
1144 3917 1239 3995 agite'
1273 3916 1328 3977 ‘de
1349 3916 1462 3996 proelio

235 4088 248 4137 1
276 4089 387 4145 similig
410 4088 500 4137 similis
517 4088 601 4138 ΑΒΜ
687 4088 703 4139 3
727 4091 804 4155 igitur
822 4120 856 4128 —
875 4093 892 4143 8
909 4093 982 4143 nobis
1007 4094 1124 4157 adposito
1148 4093 1243 4143 nomine
1265 4089 1393 4141 Diomedis
1416 4106 1463 4140 ex-

161 4160 269 4223 scripsit
284 4159 390 4221 Rnfinaa
405 4174 435 4221 p.
455 4157 523 4206 2715
601 4159 617 4206 4
636 4158 792 4223 pasirepnsis
810 4163 977 4227 cepnlymmin
996 4161 1021 4209 Α
1040 4161 1197 4226 pasiepassis
1215 4159 1357 4225 pininymiu
1374 4158 1400 4207 B
1416 4171 1462 4225 pa-

163 4229 216 4276 sice
234 4227 382 4292 palynymin
396 4227 434 4276 M.
454 4227 580 4277 Derrroatle.
600 4229 632 4275 dc
650 4243 703 4277 ror.
721 4231 776 4278 init.
847 4234 863 4282 b
882 4232 968 4280 lirnms
987 4231 1061 4279 sedes
1074 4230 1179 4292 Rufinus
1199 4229 1285 4277 flrmas
1304 4227 1364 4276 edes
1381 4226 1466 4277 ΑΒΜ

163 4296 263 4345 brutam
281 4296 403 4352 sedems
492 4297 649 4360 dpnplicae
674 4295 705 4343 M
791 4313 868 4346 carisa
891 4301 996 4362 Rufinus
1020 4314 1112 4347 catrsae
1129 4298 1214 4348 ΑΒΜ
1296 4296 1463 4346 hanteeedat

163 4365 298 4415 Pahcbius
314 4367 480 4414 antecedebat
497 4365 584 4414 ABM
652 4365 684 4414 10
703 4380 795 4415 causae
813 4367 913 4418 ΑΒΜ·
933 4369 967 4431 af.
986 4369 1085 4429 Qreinttl.
1104 4369 1174 4416 Vllll
1192 4368 1218 4427 4,
1235 4367 1268 4416 ut
1343 4365 1371 4415 ll
1392 4375 1464 4414 ante-

162 4435 314 4500 proponitur
333 4435 384 4484 AB
395 4436 580 4499 antcppouitur
599 4433 630 4481 M
719 4434 749 4482 la
768 4435 868 4499 inpetus
886 4437 912 4485 B
930 4439 1024 4502 impetu
1041 4437 1101 4485 ΑΜ
1183 4435 1215 4486 to
1234 4435 1350 4499 reciperit
1369 4434 1393 4482 Α

166 4504 196 4553 17
216 4503 284 4552 idem
295 4504 327 4553 M
344 4504 369 4552 id
389 4515 426 4553 est
438 4505 488 4553 ΑΒ
560 4503 591 4553 18
609 4504 722 4557 duacena
741 4503 832 4551 dubiae
844 4503 931 4554 ΑΒΜ
999 4504 1168 4555 1911111111
1236 4505 1267 4553 al
1287 4512 1338 4552 tam
1356 4514 1381 4552 et
1399 4505 1463 4553 bene

162 4572 250 4622 ΑΒΜ
264 4574 401 4628 tametsiq
472 4573 926 4624 25111311ίῖαεειηΐιιείυκῑειΑΒΒΙ
997 4574 1071 4622 fldem
1085 4577 1176 4637 pretore
1193 4575 1286 4624 loeoB
1355 4574 1388 4622 27
1408 4589 1464 4623 ora·

163 4643 241 4692 tionis
260 4656 277 4697 ς
295 4642 438 4691 orationum
454 4643 536 4691 ΑΒΜ
624 4640 657 4690 28
677 4649 715 4689 cst
733 4641 847 4689 clausula
864 4641 938 4691 fortis
958 4640 1121 4690 aritecedrute
1140 4641 1301 4707 pyrrhichio,
1322 4644 1385 4692 benc
1402 4643 1464 4692 diei·

163 4721 241 4766 turs
328 4710 361 4760 211
380 4711 524 4776 pyrrichius
543 4711 629 4761 ABM
713 4706 745 4756 32
765 4718 788 4756 et
807 4725 852 4760 om.
871 4708 957 4759 ΑΒΜ
1032 4711 1065 4762 33
1084 4711 1196 4775 gladium
1215 4711 1241 4760 B
1259 4713 1380 4776 gaudium
1398 4712 1463 4763 ΑΜ.

163 4781 217 4831 cia.
231 4796 284 4845 pro
304 4780 361 4831 Mil.
381 4781 406 4841 3,
425 4780 442 4829 t)
513 4781 615 4845 porregl
633 4779 664 4828 Μ
679 4778 778 4843 pnrrigi
797 4779 822 4826 Α
892 4777 925 4828 34
944 4778 1080 4838 quaerebat
1100 4778 1184 4829 ΑΒΜ
1199 4782 1354 4844 quaerebant
1372 4795 1389 4839 ς
