3114 5356
108 363 113 372 ι
149 277 212 343 aaa
710 274 893 340 nrounnrs

200 389 462 525 Ρ1(1119118111ιιῑθιιι
485 469 633 525 structura
658 470 774 524 constat
799 463 922 542 rytlrrms
943 470 973 522 et
995 463 1118 542 pedibus
1139 473 1168 525 et
1191 467 1307 528 metris
1348 469 1444 547 rythmi

147 573 227 631 certa
244 564 428 626 dimensione
447 572 614 644 temporum
631 564 825 625 terminantur
846 569 876 623 et
896 581 950 643 pro
969 571 1071 625 nosne
1087 563 1209 626 arbitrio
1231 585 1315 630 nune
1334 568 1444 631 brevius

141 660 236 733 ¹artari
257 684 337 727 nune
357 667 475 746 longius
496 664 616 747 provehi
642 671 776 744 possunt.
822 663 913 744 pedes
940 665 1029 726 certis
1060 665 1236 745 syllabarum
1266 671 1444 751 temporibus

146 768 288 833 insistunt
314 785 370 829 nec
391 787 409 830 a
432 767 563 846 legitimo
589 766 686 846 spatio
711 783 849 845 umquam
877 755 1027 828 recedunt„
1072 774 1165 830 metra
1195 768 1276 833 sunt¹
1294 772 1443 834 vmbomn

146 869 241 950 spada
263 869 352 931 certis
374 869 482 950 pedum
503 866 687 948 temporibus
708 866 832 945 alligata.
877 868 931 929 sed
951 885 1048 946 neque
1069 871 1193 949 rythmis
1220 891 1321 952 neque
1349 875 1471 936 metrias·

147 977 293 1033 oratorem
315 970 356 1031 uti
379 970 478 1044 decet,
504 987 542 1031 ne
564 987 624 1030 non
646 968 744 1030 dicere
765 969 818 1030 sed
839 986 959 1029 carmen
978 986 1085 1031 canere
1106 971 1248 1034 videatur.
1295 975 1370 1038 adeo
1390 995 1444 1037 non

147 1072 255 1135 desum
272 1072 323 1150 qui
342 1070 516 1134 Ciceronem
536 1071 769 1151 reprehendant,
792 1070 922 1149 quodie
943 1070 1088 1151 principio
1111 1072 1301 1138 divinationis
1323 1085 1443 1139 nachon

147 1173 249 1235 lecerit
271 1172 438 1247 Sotadium,
466 1172 608 1251 ‘siquis
637 1179 820 1246 vestrum,
854 1172 1018 1247 iudices,
1048 1181 1110 1234 aut
1139 1193 1271 1237 eorum
1299 1176 1362 1255 qui
1386 1179 1444 1240 ad-

149 1281 273 1336 sunt':
297 1271 390 1336 ‘etsi
416 1291 550 1334 vereor
568 1270 743 1361 iudices’
767 1278 797 1331 et
817 1272 1084 1335 ‘animadverti
1111 1275 1281 1338 iudices’
1303 1276 1443 1359 principia

148 1393 215 1436 csse
235 1375 369 1451 Sotadia3
393 1375 473 1435 etin
495 1374 632 1435 Pisonem
653 1392 670 1433 a
692 1372 825 1434 himetm
847 1373 996 1454 coepisse,
1024 1364 1109 1456 ‘pro'
1127 1376 1179 1437 dii
1200 1377 1470 1455 inmortales,u

147 1474 208 1552 qui
234 1473 297 1534 hio
322 1474 461 1535 inluxit
487 1475 605 1549 dies';
631 1474 702 1534 item
720 1473 894 1535 inustionis
916 1474 1063 1536 secundae
1084 1476 1158 1537 libro
1180 1479 1278 1558 primo
1299 1481 1440 1543 sensnum

146 1592 265 1635 versum
287 1593 354 1636 esse
377 1573 468 1636 ‘illa
491 1594 579 1636 vero
600 1574 828 1653 expugnatio
851 1574 931 1635 lani
953 1577 1250 1656 antiquissimi'3
1274 1580 1439 1644 Sallustium

147 1693 264 1754 quoque
286 1675 315 1737 in
337 1673 481 1756 principio
501 1676 658 1754 iugurthae
677 1695 693 1737 a
713 1676 828 1755 rythmo
851 1674 994 1755 coepisse.
1039 1696 1139 1740 verum
1160 1680 1219 1741 hoc
1238 1689 1335 1743 toturn
1353 1702 1438 1761 genas

146 1776 385 1857 reprehensionis
410 1776 573 1839 eiusmodi
595 1785 710 1851 estut,
742 1777 766 1838 si
796 1776 1021 1839 calumniatores
1046 1777 1120 1840 istos
1150 1781 1322 1858 audiamus,
1353 1785 1439 1845 conti·

147 1879 325 1941 descendum
347 1880 401 1953 sit,
429 1879 497 1957 quia
518 1878 598 1940 nulla
619 1899 679 1941 non
702 1897 771 1960 pars
797 1878 937 1941 orationis
958 1879 988 1940 in
1010 1878 1136 1958 aliquam
1156 1883 1264 1960 rythmi
1288 1893 1339 1947 aut
1359 1886 1466 1947 metria

146 1980 276 2060 speciem
300 1990 398 2061 potest
423 1981 573 2060 tignuari·
595 1981 683 2060 igitur
710 1981 740 2041 in
769 1978 971 2042 conlocatione
1000 1981 1153 2043 rerbomm
1183 1985 1298 2065 aptiora
1326 1996 1357 2049 et
1383 1996 1437 2048 hm

146 2082 241 2143 ordini
261 2101 347 2161 quam
366 2083 476 2145 viribus
498 2083 689 2162 congruentia
709 2083 883 2143 contrahere
905 2083 1064 2157 debemus,
1092 2083 1135 2145 sio
1156 2093 1256 2147 tamen
1277 2095 1310 2148 ut
1329 2088 1436 2168 potiora

82 2234 88 2246 .
145 2183 206 2244 sint
225 2183 304 2244 utilia
327 2185 399 2246 dure
424 2185 518 2246 locata
543 2183 706 2264 conpositis
722 2182 883 2246 inutilibus.
929 2200 1054 2261 eumque
1077 2185 1107 2245 in
1130 2187 1209 2247 omni
1229 2196 1315 2267 parte
1336 2190 1436 2250 oratio

145 2284 192 2345 nis
214 2303 248 2345 ea
270 2286 357 2346 rerba
378 2286 523 2348 nectenda
545 2286 604 2347 sint
622 2303 697 2363 quae
720 2284 859 2346 structius
875 2285 1034 2365 quadrent,
1056 2294 1124 2347 tunc
1139 2289 1301 2368 praecipue
1315 2291 1346 2351 in
1363 2288 1436 2351 rlau·

144 2384 217 2447 sulis
239 2385 365 2464 dignitas
386 2388 441 2449 ista
462 2386 604 2448 seruanda
627 2394 687 2458 est,
708 2385 738 2445 in
755 2386 863 2464 quibus
882 2394 943 2447 tam
962 2386 1086 2449 dicentis
1102 2406 1189 2466 quam
1209 2390 1358 2452 audientis
1375 2409 1466 2452 sen-u

143 2505 195 2547 sus
215 2495 303 2566 atque
324 2489 446 2550 intentio
471 2489 659 2562 terminatum
680 2487 750 2548 dum
770 2488 858 2548 modo
880 2485 1023 2567 principia
1044 2487 1155 2564 lenius,
1179 2492 1310 2554 narratio
1331 2493 1435 2574 simpli·

144 2587 224 2663 cius,
245 2599 416 2668 argumenta
440 2590 587 2663 ornatius,
610 2587 718 2671 epilogi
740 2588 862 2649 etlusius
881 2587 1075 2667 proferantur.

230 2743 288 2802 Sed
313 2743 380 2821 quia
402 2763 461 2803 non
484 2742 620 2803 omnibus
644 2739 695 2800 sed
715 2739 891 2817 quibusdam
912 2741 1037 2820 pedibus
1060 2743 1115 2804 sibi
1137 2749 1369 2824 congruentibus
1390 2750 1435 2809 de

144 2851 245 2903 center
266 2843 388 2903 struitur
410 2841 517 2915 oratio,
540 2843 691 2903 sciendum
714 2849 759 2902 est
781 2840 905 2901 maxime
926 2841 1120 2923 trispedicos
1143 2846 1271 2908 ordinari
1294 2850 1434 2913 clausulas

142 2962 267 3021 quorum
292 2951 423 3023 tempora
442 2941 573 3021 longiora
593 2952 669 3004 sunt.
697 2944 749 3004 sed
771 2945 991 3005 meminerimus
1014 2946 1053 3006 ita
1076 2966 1131 3006 nos
1154 2947 1190 3005 de
1211 2948 1309 3027 longis
1332 2964 1361 3012 et
1375 2952 1464 3013 bross

144 3042 227 3103 ribus
254 3045 434 3124 temporibus
453 3044 603 3106 locuturos
627 3052 658 3103 ut
680 3053 782 3105 aratura
806 3053 934 3118 tantum,
956 3065 1015 3106 non
1039 3046 1126 3106 etiam
1149 3048 1314 3126 positione,
1338 3053 1434 3131 longas

143 3152 193 3203 aut
210 3144 313 3205 breves
330 3146 454 3226 syllabas
470 3145 642 3207 iudicemus.
677 3165 772 3224 neque
791 3145 869 3206 enim
885 3147 920 3206 de
938 3154 1032 3208 metro
1048 3149 1212 3225 optinentur,
1233 3159 1263 3211 ut
1278 3157 1435 3216 necessitas

143 3253 276 3306 naturam
294 3257 415 3322 cogatur
429 3248 544 3321 imitari,
569 3247 620 3308 sed
643 3247 679 3308 de
702 3266 790 3341 prosa
812 3247 944 3308 oratione
967 3256 1116 3321 tractatur,
1139 3267 1213 3327 quae
1233 3259 1292 3312 tatu
1317 3248 1433 3337 solubili

35 3428 39 3437 Ι
142 3353 171 3405 et
193 3346 283 3406 libero
306 3357 350 3408 est
368 3358 485 3427 tamque
507 3349 643 3410 urrinibus
665 3349 779 3409 (licendi
803 3348 908 3429 opibus
936 3350 1077 3410 instructa
1110 3360 1140 3410 ut
1164 3371 1222 3410 uon
1246 3356 1356 3416 servire
1378 3376 1435 3417 ver·

139 3447 185 3508 bis
215 3448 265 3508 setl
295 3449 438 3529 imperare
470 3451 608 3512 violentur.
653 3452 709 3511 hoc
736 3451 809 3511 adeo
834 3471 931 3512 verum
955 3459 1000 3511 est
1024 3460 1055 3513 ut
1081 3453 1110 3512 iu
1132 3463 1279 3515 structura
1308 3457 1465 3517 similiteru

141 3558 240 3611 currat
261 3551 349 3611 ‘iusta
363 3551 566 3631 reprohensio'
590 3561 619 3613 et
638 3552 726 3613 ‘iusta
744 3553 897 3625 uideatur',
921 3553 1051 3630 quamtis
1073 3553 1290 3633 ‘repreliensio'
1315 3559 1434 3638 primam

141 3651 279 3730 syllabam
299 3651 445 3732 positione
467 3652 583 3729 longam
605 3653 710 3713 habeat
732 3661 852 3733 propter
874 3653 947 3712 diros
969 3666 1165 3716 consonantes
1189 3673 1264 3732 quae
1289 3668 1434 3729 secuntur,

143 3753 298 3814 ‘rideatur'
321 3763 417 3814 autem
440 3754 550 3834 primas
574 3754 646 3814 eluas
668 3754 794 3832 syllabas
818 3755 921 3815 lueres
942 3755 1056 3816 habeat.
1102 3759 1172 3818 item
1193 3759 1304 3820 ‘omnia
1326 3759 1437 3822 locutu-

207 3997 324 4061 7quodl
345 4015 445 4064 syriaque
463 4000 523 4050 Au
543 4015 669 4063 syriamque
687 4000 713 4048 B
737 4003 780 4063 qui
801 4015 817 4057 ς
910 4005 1073 4056 divinationis
1092 4010 1226 4058 ‚Scrrrteniua
1243 4014 1270 4060 in
1295 4013 1434 4064 Ter-ration.

139 4066 227 4117 Μιιιιι·Ι
246 4086 273 4132 p.
295 4069 346 4118 276
363 4078 386 4118 et
402 4072 579 4120 Larlurranuus
596 4072 649 4119 iud.
670 4074 728 4120 lert.
749 4071 862 4121 Beroliu.
882 4073 931 4123 bib.
952 4092 976 4123 u.
999 4075 1066 4127 1849
1083 4094 1109 4141 p.
1129 4078 1145 4127 3
1170 4079 1305 4130 diuisiouis
1326 4083 1349 4131 A
1374 4085 1435 4135 ‹liui-

137 4139 223 4189 sioues
240 4138 266 4187 B
284 4138 410 4187 diuisione
431 4139 464 4186 Μ
477 4140 594 4188 diationis
614 4153 638 4194 ς.
659 4140 711 4189 Cir.
729 4141 779 4190 dio.
807 4142 924 4192 iathar.
947 4144 958 4192 l
1055 4145 1072 4191 9
1096 4147 1160 4212 etsi]
1186 4150 1237 4200 Cic.
1263 4168 1313 4214 pro
1337 4152 1395 4206 litt,
1423 4155 1432 4203 l

207 4208 367 4256 arrimatuerti
386 4209 419 4257 B.
441 4210 492 4258 Cic.
510 4226 560 4272 pro
579 4209 674 4258 Clurut.
697 4209 708 4257 l
793 4209 823 4257 19
839 4212 864 4258 ἰιι
883 4213 998 4275 pisonem
1015 4215 1075 4263 ΒΜ
1090 4216 1114 4262 ἰιι
1135 4219 1287 4282 positionem
1308 4223 1332 4270 A
1351 4223 1435 4273 111.Ρί-

137 4291 226 4325 sonem
245 4290 261 4332 ς
281 4277 306 4323 in
325 4275 353 4326 L.
373 4279 492 4326 Pisonum
512 4279 649 4327 Caesarius
736 4281 834 4343 rupisse
853 4281 904 4328 AB
920 4283 1033 4347 caepisse
1056 4284 1086 4331 Μ
1174 4287 1203 4335 11
1225 4291 1282 4352 quis
1303 4291 1436 4342 Cnesrrriru

206 4346 269 4394 libro
288 4344 380 4410 primo]
404 4347 442 4404 19,
461 4347 495 4396 50
583 4348 614 4396 12
638 4346 715 4412 plraui
739 4347 798 4396 ΒΜ
820 4350 879 4413 pani
899 4350 923 4398 A
1010 4353 1157 4403 saliuntium
1181 4373 1281 4422 quoque
1300 4361 1325 4408 A
1349 4361 1434 4410 sulrrsti

136 4428 196 4462 uero
216 4430 318 4478 quoque
336 4416 362 4464 B
445 4416 477 4466 14
502 4418 565 4466 istos
584 4417 718 4465 audiamus
737 4417 797 4466 ΑΜ
817 4420 866 4467 isto
892 4421 1018 4470 credimus
1037 4423 1062 4471 B
1147 4429 1363 4478 coriticisoenduru
1383 4428 1439 4480 ΑΜ

206 4482 238 4532 15
256 4485 288 4531 sit
307 4484 367 4532 ΒΜ
381 4493 420 4533 est
438 4486 463 4533 A
550 4484 582 4533 lu
597 4487 622 4533 iu
642 4486 807 4534 collocatione
827 4501 843 4543 ς
866 4489 891 4536 in
910 4491 1053 4539 conlatione
1072 4493 1105 4541 Μ
1126 4496 1150 4542 in
1171 4495 1304 4546 collatione
1322 4500 1348 4548 A
1366 4502 1434 4563 iquo-

135 4551 229 4601 latione
248 4553 282 4601 B.
302 4551 336 4614 es.
354 4554 454 4614 Quintil.
476 4555 545 4602 l'llll
562 4556 588 4609 t,
606 4554 641 4604 58
712 4554 745 4604 tu
763 4556 880 4619 curruque]
899 4573 999 4622 quoque
1014 4560 1099 4610 ΑΒΜ
1115 4579 1180 4626 ‹yune
1198 4566 1238 4616 ed.
1258 4569 1340 4631 prino.
1361 4583 1434 4632 quum

135 4621 175 4670 ed.
195 4620 301 4671 aderens.
321 4639 345 4671 a.
367 4621 434 4671 latu
453 4623 656 4686 quiaBusclrins
746 4625 777 4674 19
796 4629 965 4684 εῐιιιιῑιιιίες
1052 4630 1087 4679 ‘20
1107 4632 1164 4696 istu]
1186 4635 1219 4682 itu
1237 4636 1323 4686 ΑΒΜ
1403 4639 1433 4685 ‘ll

136 4686 240 4738 laisum.
260 4690 345 4739 ΑΒΜ
424 4692 457 4740 25
477 4693 671 4742 memineramus
692 4693 775 4743 ΑΒΜ
862 4695 896 4745 39
915 4697 1030 4746 uiolentur
1047 4713 1063 4755 ς
1083 4702 1216 4751 uideamur
1234 4704 1317 4753 ΑΒΜ
1402 4703 1434 4755 32

137 4766 277 4817 sequuntur
293 4758 318 4806 A
1258 4796 1262 4805 ·
