3114 5356
600 304 808 366 PRAEFATIO
1306 327 1351 368 sur

64 492 91 586 in
113 489 233 579 quibus
254 491 400 556 maxime
411 487 583 552 Diomedis
604 486 850 553 observationes
873 496 1047 552 versantur
1060 488 1276 573 quaesivisse.
1322 501 1355 557 et

63 593 208 679 quoniam
237 592 280 657 de
312 590 377 655 illis
403 612 486 678 quae
514 587 613 653 Probi
639 592 769 655 nomine
786 591 990 655 -recentiores
1016 593 1222 674 grammatici
1251 594 1353 658 citant

63 715 152 781 saepe
173 692 361 758 dubitatum
386 714 459 756 esse
477 688 576 754 video
583 739 592 773 ,
616 701 725 754 utrum
749 713 788 754 ea
808 691 854 755 M.
872 689 1004 755 Valerio
1022 691 1130 756 Probo
1151 694 1286 782 Berytio
1311 716 1354 757 an

62 795 230 883 posteriori
253 793 384 858 cuidem
406 794 487 858 artis
507 793 739 876 grammaticae
762 793 910 878 scriptori
933 791 1107 857 tribuenda
1127 795 1207 877 sint,
1232 796 1354 860 rectius

59 898 222 983 aliquanto
240 917 338 982 quam
360 892 460 979 vulgo
473 892 544 957 fieri
567 893 650 958 solet
664 916 704 958 ea
726 893 767 957 de
788 915 823 957 re
839 915 882 957 ex
897 891 1068 958 Diomedis
1088 895 1251 982 excerptis
1270 894 1353 959 iudi-

58 999 120 1062 cari
142 1018 242 1083 posse
262 994 402 1059 confido.
446 995 565 1058 etenim
588 994 675 1081 quod
693 994 868 1059 Suetonius
890 996 926 1058 in
944 997 1014 1059 vita
1029 995 1129 1060 Probi
1144 1004 1257 1060 narrat
1278 1017 1352 1062 eum

58 1099 171 1164 ‘multa
192 1096 397 1184 exemplaria
418 1104 585 1160 contrecta
607 1095 781 1160 emendare
803 1118 842 1161 ac
856 1096 1059 1181 distinguere
1072 1104 1104 1160 et
1119 1096 1277 1162 adnotare
1299 1121 1354 1163 cu·
1461 1086 1466 1098 ’

56 1204 201 1283 rasisse,
226 1198 287 1264 soli
308 1197 386 1262 huie
407 1219 467 1261 nec
489 1196 548 1260 ulli
569 1206 740 1283 praeterea
760 1201 989 1283 grammatices
1010 1200 1097 1284 parti
1116 1199 1293 1284 deditum’,
1315 1224 1354 1267 eo

56 1303 242 1377 testimonio
254 1299 340 1364 docti
353 1297 485 1384 quidam
501 1296 649 1362 homines
671 1300 717 1362 ita
735 1300 831 1365 abusi
851 1310 942 1385 sunt,
965 1309 1001 1366 ut
1010 1300 1170 1388 quidquid
1187 1300 1231 1364 ad
1248 1324 1354 1387 gram·

56 1405 208 1468 msticam
235 1400 414 1467 doctrinam
442 1401 621 1485 pertineret
651 1422 671 1463 a
698 1401 799 1467 Probi
826 1403 944 1467 studiis
970 1401 1113 1467 alienum
1140 1424 1214 1468 esse
1241 1407 1353 1470 existi·

56 1515 182 1573 marens
203 1513 303 1589 atque
324 1500 406 1565 illud
422 1502 529 1587 ipsum
551 1510 616 1565 tam
637 1524 733 1589 quam
752 1525 898 1567 normam
910 1514 1080 1593 ponerent,
1101 1525 1165 1593 qua
1176 1506 1256 1591 quid
1266 1516 1355 1571 recte

55 1607 96 1672 sd
121 1629 198 1671 eum
221 1601 338 1668 referri
365 1623 462 1687 posse
487 1600 656 1667 videretur
681 1603 872 1670 iudicarent.
918 1629 982 1694 quo
1005 1606 1128 1670 factum
1155 1616 1264 1671 estut
1291 1609 1354 1672 sin-

55 1709 162 1795 gulari
190 1706 427 1785 inconstantia,
458 1703 534 1768 dum
557 1701 639 1766 nihil
660 1705 809 1769 relictum
832 1728 904 1795 esse
927 1707 967 1773 de
990 1708 1138 1800 doctrina
1160 1707 1353 1774 nobilissimi

57 1808 261 1894 grammatici
277 1815 475 1892 queruntur,
498 1826 538 1867 ea
552 1805 624 1887 ipsa
640 1827 724 1891 quae
746 1808 779 1871 in
801 1821 979 1895 conspectu
1000 1811 1143 1874 omnium
1158 1812 1265 1896 posita
1279 1821 1356 1876 sunt

57 1909 98 1974 sb
120 1931 160 1974 eo
178 1906 417 1973 abiudicarent.
450 1905 584 1970 videant
606 1917 712 1970 autem
732 1931 773 1973 ne
798 1912 894 1974 nimis
913 1902 1062 1996 angustis
1083 1910 1202 1975 finibus
1223 1933 1353 1996 operam

58 2022 91 2075 et
111 2010 223 2075 studia
244 2007 344 2073 Probi
367 2014 548 2071 coerceant.
599 2028 732 2094 nempe,
754 2012 838 2075 sicut
860 2034 1021 2076 summum
1041 2013 1189 2075 criticum
1209 2012 1355 2097 decebat,

59 2112 112 2178 ille
133 2110 316 2197 etreliqua
335 2108 416 2172 artis
437 2107 655 2172 instrumenta
673 2109 848 2197 diligenter
871 2112 1155 2199 circumspiciebat
1178 2123 1210 2177 et
1231 2136 1354 2178 morem

59 2213 191 2280 dicendi
205 2220 357 2277 accurate
375 2208 586 2292 observabat,
608 2221 646 2274 ut
665 2221 755 2278 certo
774 2213 986 2280 fundamento
1002 2215 1036 2277 in
1049 2215 1164 2277 'critica
1175 2227 1245 2279 arte
1263 2216 1355 2280 facti-

60 2318 158 2383 tanda
185 2325 343 2381 uteretur.
386 2311 464 2376 hinc
494 2320 572 2375 nats
605 2301 677 2377 esse
706 2315 838 2380 videtur
869 2316 927 2381 illa
949 2323 1033 2380 ‘non
1061 2314 1237 2381 mediocris
1270 2316 1355 2381 silva

60 2420 323 2485 observationum
346 2413 505 2478 sermonis
528 2417 681 2502 entiqui',
706 2438 802 2503 quom
824 2418 867 2483 ab
880 2441 917 2484 eo
933 2418 1080 2482 relictam
1097 2436 1169 2479 esse
1183 2414 1356 2483 Suetonius

61 2529 205 2586 testatur.
249 2519 283 2582 in
317 2539 355 2579 eo
383 2515 484 2600 igitur
516 2519 648 2601 negotio
673 2540 772 2605 quam
807 2519 967 2583 rationem
996 2518 1124 2583 Probus
1151 2527 1282 2582 secutus
1312 2521 1355 2584 sit

61 2625 178 2710 optime
201 2644 244 2686 ex
266 2616 437 2683 Diomedis
460 2619 625 2704 excerptis
644 2619 785 2707 perspici
810 2639 905 2704 posse
927 2620 1017 2702 dico,
1041 2618 1304 2706 quandoquidem
1327 2625 1354 2687 is

62 2728 106 2790 its
125 2723 376 2790 observationes
396 2719 497 2784 Probi
521 2724 686 2806 expressit
707 2711 743 2784 ut
769 2722 827 2785 vix
848 2722 1023 2809 quiequam
1052 2719 1184 2786 aliunde
1207 2719 1354 2786 additum

62 2850 131 2891 esse
153 2825 316 2891 videatur.
360 2819 502 2908 plurima
523 2821 610 2883 enim
636 2821 787 2908 exempla
808 2824 927 2911 quibus
950 2846 1029 2887 usus
1056 2831 1106 2887 est
1134 2845 1176 2886 ex
1198 2824 1355 2912 antiquis-

62 2929 150 2993 simis
167 2927 274 3015 poetis
296 2932 329 2987 et
348 2921 530 3003 historicis,
553 2921 596 2986 ad
611 2945 692 3009 quos
708 2923 763 2988 ille
781 2927 923 2989 maxime
938 2947 1070 3012 operam
1083 2945 1175 2988 suam
1193 2927 1357 3012 pertinere

61 3029 209 3109 volebat,
232 3026 340 3114 petita,
356 3034 448 3106 sunt,
477 3045 583 3110 pauca
604 3045 646 3087 ex
667 3026 847 3090 recentiore
869 3028 1027 3092 memoria
1053 3028 1263 3113 interposita,
1286 3028 1356 3092 nul-

61 3129 107 3194 lus
134 3129 277 3216 deniqne
299 3127 438 3210 scriptor
463 3126 580 3189 citatus
603 3134 654 3188 est
681 3126 736 3211 qui
758 3124 859 3191 Probi
882 3138 988 3193 aetate
1010 3128 1147 3193 inferior
1167 3137 1269 3210 esset,
1301 3152 1356 3193 cx-

62 3241 150 3316 oeptn
179 3228 312 3317 quidem
339 3248 404 3290 uno
431 3224 609 3310 Suetonio,
639 3226 730 3289 cuius
755 3226 856 3291 semel
877 3231 999 3295 mentio
1019 3230 1109 3294 facta
1130 3237 1179 3292 est
1205 3232 1282 3312 365,
1310 3235 1358 3315 19,

67 3335 254 3410 Tranquillus
280 3349 394 3407 quoqne
421 3333 467 3391 ists
489 3333 659 3391 adsentiens
687 3336 718 3391 in
744 3334 841 3393 libello
869 3352 931 3394 sno.
975 3331 1033 3395 sed
1056 3339 1181 3394 tantum
1201 3329 1295 3395 abest
1316 3342 1353 3397 ut

64 3454 124 3496 uno
134 3431 286 3517 exemplo
301 3428 383 3493 fides
397 3430 602 3516 antiquitatis
617 3429 833 3495 labefactetur
847 3440 884 3494 nt
905 3434 1025 3496 certius
1045 3433 1143 3495 etiam
1155 3430 1354 3518 reliquorum

65 3535 150 3618 origo
177 3531 428 3596 demonstretur.
473 3554 549 3595 nam
581 3533 652 3618 ipsa
680 3530 783 3596 verba
812 3531 931 3618 quibus
960 3534 993 3594 in
1021 3553 1059 3596 eo
1086 3533 1273 3598 testimonio
1301 3535 1355 3598 ad·
1403 3588 1406 3592 ,

66 3632 193 3698 terendo
223 3636 456 3717 grammaticus
484 3655 564 3697 usus
585 3641 645 3697 ¹est
668 3632 845 3698 ostendunt
870 3632 953 3699 illud
981 3656 1022 3697 ox
1053 3632 1165 3698 libello
1196 3632 1354 3718 Suetonii,
1469 3613 1476 3641 ⁵

66 3757 153 3820 quem
176 3733 330 3800 Diomedi
352 3744 464 3800 notum
488 3735 593 3799 fuisse
610 3742 725 3821 postea
748 3733 952 3817 docebimus,
982 3736 1088 3821 ipsum
1116 3733 1283 3800 addidisse
1311 3738 1355 3803 ad

65 3838 315 3903 confirmandam
350 3838 450 3903 Probi
478 3838 752 3903 observationem.
796 3846 966 3924 praeterea
999 3857 1078 3901 vero
1112 3835 1195 3901 nihil
1222 3839 1355 3903 invenio

65 3940 145 4025 quod
166 3963 232 4005 non
255 3962 327 4004 esse
349 3962 368 4003 a
389 3940 497 4005 Probo
518 3938 700 4028 profectum
720 3948 808 4003 certo
832 3938 954 4002 indicio
969 3945 1111 4020 constet,
1135 3939 1199 4003 nisi
1221 3941 1295 4026 quis
1318 3962 1357 4003 ea

65 4064 140 4128 quae
153 4041 196 4106 de
204 4041 304 4106 Plinii
320 4044 483 4107 sententia
492 4041 639 4106 breviter
650 4039 806 4104 adnotata
820 4048 895 4104 sunt
905 4041 1026 4123 368,10
1039 4060 1060 4103 a
1072 4039 1234 4105 Diomede
1243 4039 1357 4104 addita

64 4165 128 4207 csse
143 4143 323 4207 existimat.
358 4166 555 4233 quamquam
568 4141 711 4224 Probus,
734 4164 829 4229 quem
844 4141 887 4206 ad
900 4141 1080 4206 Domitiani
1101 4147 1243 4207 aetatem
1254 4143 1356 4206 vitam

63 4246 255 4331 produxisse
274 4253 399 4309 eertum
415 4255 481 4328 est,
505 4244 605 4308 Plinii
623 4242 725 4307 libros
748 4243 859 4328 legere
879 4244 995 4330 potuit.
1040 4245 1231 4309 recentioris
1246 4252 1355 4306 autem

64 4349 174 4412 aetatis
197 4348 374 4432 scriptores
396 4369 533 4434 quorum
559 4344 661 4410 verba
680 4344 836 4430 'adposita
866 4354 942 4409 sunt
970 4366 1034 4431 quo
1062 4345 1199 4409 consilio
1225 4344 1353 4409 Probus

63 4448 245 4515 adhibuerit
278 4447 443 4514 luculento
476 4447 626 4534 exemplo
654 4445 832 4510 ostendunt
857 4446 938 4511 haec
972 4467 1054 4533 qnae
1090 4445 1132 4508 de
1160 4444 1353 4530 Pomponio,

62 4550 264 4617 Neronianae
290 4554 406 4614 aetatis
429 4561 540 4638 poeta,
574 4550 695 4635 scripta
719 4556 795 4610 sunt
815 4549 894 4629 371,
919 4549 976 4629 18,
996 4552 1052 4610 sed
1070 4553 1184 4610 novitus
1204 4551 1355 4612 brevitatis

61 4675 146 4719 mass
163 4665 277 4720 cuncto
296 4660 478 4732 permiscuit.
522 4659 632 4732 qnippe
648 4657 750 4714 sencio
763 4656 862 4714 sancii
873 4653 1041 4726 faciebant,
1064 4658 1097 4710 at
1110 4653 1289 4729 Pomponius
1311 4656 1355 4713 ed

66 4758 230 4822 mamam.
276 4753 427 4818 similiter
449 4776 489 4818 ea
511 4775 595 4840 quae
617 4774 660 4815 ex
677 4751 821 4816 Senecae
844 4750 885 4816 de
908 4748 1027 4814 officiis
1049 4745 1142 4813 libris
1165 4752 1238 4833 366,
1263 4756 1300 4815 14
1321 4760 1353 4814 et

62 4877 98 4920 sx
124 4858 268 4925 Fabiani
296 4876 470 4921 causarum
498 4854 582 4919 libro
609 4855 706 4918 tertio
734 4855 813 4934 375,
841 4853 882 4915 22
907 4847 1043 4939 protulit
1066 4871 1105 4915 so
1132 4851 1269 4918 consilio
1295 4853 1352 4920 ad-
