3114 5356
88 144 93 153 ·
149 113 212 177 254
593 140 600 153 ·
709 118 872 183 CllAlllSIl

198 232 284 288 nasu.
298 231 361 275 aer.
1009 240 1017 260 ·
1129 257 1134 265 -
1220 250 1242 292 ρ.
1260 237 1305 281 aaa.
1319 238 1345 281 n
1358 237 1383 281 1.

147 312 177 364 et
198 303 358 366 secundam
387 321 552 385 personam
596 312 664 367 mm
684 306 768 369 tertia
789 326 915 388 persons
940 315 1054 369 tantum
1078 307 1246 385 exauditur,
1277 310 1359 391 quod
1377 310 1439 375 ulie

146 404 211 466 loco
242 404 357 485 plenius
389 404 597 468 adnotavimus.
641 408 738 470 omnis
767 407 854 469 verba
880 425 955 486 quae
986 409 1146 488 inunguntur
1172 411 1334 476 incusatiro
1363 432 1438 477 cana

146 507 249 569 eadem
276 507 306 568 ia
332 507 479 589 passivum
508 517 705 581 revertuntur,
743 511 822 573 velut
847 510 935 571 credo
961 519 1004 585 te,
1041 510 1133 573 doceo
1163 520 1207 588 te,
1246 515 1371 597 neglego
1394 525 1434 579 te.

145 609 254 671 iaciunt
268 606 282 695 l}
297 611 374 672 enim
396 611 500 672 credor
516 611 624 673 doceor
644 612 790 691 neglegon.
827 612 967 691 siquando
987 620 1085 674 autem
1106 612 1162 675 alio
1184 635 1255 677 casu
1277 619 1441 697 iungantur

145 720 266 791 excepto
285 713 463 790 incusante,
497 721 567 775 tunc
593 732 626 774 ex
655 733 721 775 sese
748 732 850 794 parere
877 714 1022 794 passivum
1052 734 1111 775 non
1132 728 1273 796 possunt,
1308 720 1369 782 sed.
1381 739 1466 802 pern

145 813 260 875 tertiam
282 834 439 895 personam
458 816 601 896 passivam
624 816 870 895 significationem?
884 816 1062 896 exprimunt,
1083 817 1159 880 velut
1180 840 1214 881 ex
1237 839 1272 882 eo
1294 823 1374 901 quod
1390 832 1442 885 est

92 995 97 1003 .
145 934 238 977 noceo
267 915 318 977 tibi
347 928 470 981 nocetur
495 918 566 979 milri
596 925 663 978 ate
684 917 767 994 lacit;
798 918 835 979 do
855 916 923 992 tibi,
951 919 1036 980 datur
1056 921 1126 985 milii
1148 940 1165 982 a
1186 930 1240 999 te;'
1259 922 1356 987 obicio
1372 925 1437 997 uni,

144 1016 270 1078 obicitur
293 1019 363 1081 mini
386 1041 402 1083 a
427 1030 465 1082 te.
509 1039 596 1081 nemo
624 1019 702 1080 enun
730 1019 799 1081 dicit
826 1021 879 1081 dor
906 1039 1015 1082 noceor
1040 1020 1158 1082 obicior.
1202 1024 1256 1084 sed
1283 1026 1316 1086 C.
1344 1025 1438 1087 lulius

146 1116 294 1181 Romanus
314 1139 347 1182 ea
364 1123 452 1184 verba
472 1123 608 1184 idiomata
624 1121 786 1202 appellavit.
820 1141 893 1200 quae
912 1123 1039 1185 dativum
1061 1123 1219 1203 recipiunt,
1242 1124 1322 1188 velut
1341 1146 1432 1189 noceo

144 1221 211 1296 tibi,
230 1224 352 1286 consulo
375 1225 441 1299 tibi,
466 1244 553 1306 parco
575 1223 644 1295 uni,
665 1224 802 1303 provideo
824 1225 893 1299 uni,
914 1226 1024 1305 impero
1055 1226 1122 1299 tibi,
1153 1225 1303 1306 passivum
1323 1228 1462 1290 iaciunttt

145 1323 277 1385 similiter
294 1345 347 1405 per
370 1325 505 1385 ditinum.
519 1350 523 1359 ·
537 1325 660 1403 diciipus
681 1324 758 1385 enim
780 1335 901 1388 nocetur
921 1327 1003 1401 milri,
1022 1327 1184 1388 consulitur
1203 1328 1286 1404 mihi,
1309 1329 1428 1411 impera·

107 1438 113 1449 ‘
145 1432 192 1486 tur
218 1426 304 1501 milri,
335 1426 460 1489 obicitur
481 1427 552 1488 milri
578 1434 607 1487 ct
633 1425 747 1488 similia.
790 1430 862 1489 liaeo
889 1429 1034 1508 passivam
1064 1437 1197 1491 linituram
1222 1448 1283 1491 non
1308 1431 1425 1506 habent,

144 1535 289 1603 emerim,
312 1529 387 1591 sicut
405 1549 493 1610 supra
515 1529 693 1603 notavimus,
714 1528 773 1590 linc
793 1529 884 1591 modo
898 1538 1010 1591 tantum
1026 1530 1215 1592 declinantur.
1253 1532 1423 1611 nemo-enim

143 1628 213 1689 dicit
235 1649 344 1693 noceor
364 1650 471 1713 parcur
489 1631 633 1711 imperor:
661 1630 730 1692 dum
755 1630 824 1693 illud
845 1643 940 1694 tamen
960 1632 1087 1694 sciamus
1116 1632 1202 1693 etiam
1232 1633 1263 1694 in
1285 1631 1434 1720 infinitivis·

143 1731 279 1794 omnilius
301 1735 405 1796 cadere
424 1734 523 1813 utique
541 1734 685 1814 passivam
706 1733 959 1813 significationem,
985 1745 1101 1814 praeter
1123 1726 1157 1796 ea
1187 1736 1277 1798 verba
1301 1756 1375 1816 quae
1398 1735 1450 1795 ian

143 1831 336 1897 declinatione
356 1836 447 1899 activa
467 1844 579 1898 tantum
599 1844 669 1924 siunt
695 1843 724 1896 et
751 1836 899 1898 intellectu
927 1836 1056 1916 possin,
1085 1835 1121 1897 de
1143 1837 1250 1916 (pallius
1268 1857 1358 1918 supra
1378 1856 1422 1899 ne
1455 1866 1460 1877 ·

143 1935 281 2011 tatianus,
301 1947 334 2000 ut
356 1959 445 2001 veneo
467 1938 569 2018 vapulo
590 1938 686 2000 ardeo.
1414 2000 1418 2007 .

228 2040 302 2100 Sunt
324 2043 465 2119 quaedam
493 2040 579 2102 verba
599 2040 629 2099 in
655 2038 760 2117 quibus
788 2046 898 2099 tantum
930 2039 1099 2119 imperativo
1130 2040 1216 2100 innodo
1251 2040 1421 2103 declinamus

141 2139 171 2200 in
194 2144 321 2205 secunda
345 2162 469 2224 persona
492 2141 677 2221 singulariter
699 2148 728 2201 et
747 2139 910 2220 pluraliter,
933 2140 1001 2200 item
1024 2141 1163 2201 inlinitivo
1186 2141 1274 2201 niodo
1293 2160 1422 2222 praesen·

142 2241 179 2305 tis
195 2252 307 2305 tautum
323 2245 472 2325 temporis.
501 2254 530 2306 et
552 2252 621 2304 sunt
640 2243 713 2302 llaec
733 2242 806 2315 duo,
828 2262 879 2303 uve
895 2243 987 2316 salue,
1011 2252 1039 2303 et
1059 2242 1242 2305 declinantur
1256 2245 1313 2306 huc
1327 2246 1450 2308 modom·

141 2343 309 2426 imperativo
337 2348 423 2408 inodo
451 2365 502 2407 ave
533 2354 630 2419 arete,
662 2345 759 2406 lutuno
791 2355 873 2407 aveto
902 2354 931 2406 tu
965 2355 1047 2406 aveto
1075 2346 1140 2421 ille;
1176 2345 1317 2407 infinitivo
1343 2346 1421 2408 modo

41 2500 47 2512 .
141 2448 305 2528 praesentis
333 2449 472 2529 temporis
500 2467 584 2508 acore
616 2456 644 2507 te
665 2447 729 2507 nolo
752 2455 781 2507 ot
802 2467 853 2508 uos
882 2456 911 2508 et
938 2446 1011 2507 illos.
1056 2447 1125 2507 ilem
1151 2447 1321 2527 imperativo
1343 2449 1422 2510 modo

141 2550 219 2610 salve
250 2549 373 2622 salvete,
406 2551 502 2610 luturo
532 2549 640 2609 salveto
675 2556 706 2609 tu
740 2546 847 2609 salveto
881 2548 945 2624 ille;
984 2549 1123 2609 infinitivo
1149 2549 1235 2610 modo
1267 2549 1421 2630 praesentis

141 2651 280 2731 temporis
308 2651 417 2711 salvere
444 2658 472 2710 te
494 2650 557 2710 volo
573 2660 609 2726 *et
629 2670 679 2711 nos
706 2658 735 2710 et
758 2647 833 2710 illos.
879 2648 965 2710 habet
987 2659 1016 2711 et
1037 2649 1204 2712 adverbium
1222 2651 1280 2713 hoc
1301 2655 1421 2725 verbum,

140 2770 207 2813 cnm
230 2752 353 2813 dicimus
375 2751 469 2825 salve,
489 2751 618 2813 ‘satisne
640 2751 717 2813 salve
739 2760 783 2813 est
802 2749 918 2811 domi?'
1430 2763 1449 2805 a

224 2854 266 2914 Ex
294 2853 449 2933 praedietis
484 2862 581 2914 autem
620 2854 714 2916 verbis
744 2851 988 2933 impersonalibus
1019 2855 1142 2934 eneirrpli
1169 2856 1261 2932 gratia
1287 2859 1420 2936 quaedam

138 2955 347 3017 declinabimus
378 2955 429 3017 sic.
474 2957 594 3018 secundi
627 2957 736 3018 ordinis
768 2954 875 3015 linitiva
906 2954 1050 3015 instantis.
1095 2957 1184 3035 pudet
1211 2977 1258 3019 mc
1285 2968 1313 3020 te
1337 2961 1420 3027 illum,

138 3058 288 3138 inperfecti
317 3058 445 3139 pudebat
464 3077 516 3130 ,nno
545 3066 572 3120 te
601 3058 697 3131 illum,
737 3056 857 3138 perlecti
877 3056 979 3135 puduit
1001 3076 1049 3117 nae
1078 3067 1104 3118 te
1127 3059 1224 3134 illum,
1260 3063 1420 3142 plusquam·

138 3161 257 3239 perlecti
277 3158 281 3245 Ι
301 3161 444 3241 puduerat
471 3179 517 3220 me
546 3160 696 3236 teilliano,
733 3159 820 3221 luturi
850 3159 969 3237 pmlelnit
998 3178 1044 3219 irie
1071 3169 1097 3218 te
1126 3160 1217 3221 illum.
1261 3163 1419 3243 imperativa

138 3261 271 3324 instantis
298 3263 406 3344 pudeat
431 3284 487 3325 ine.
532 3265 658 3344 optativa
685 3261 819 3324 instantis
846 3269 873 3319 et
903 3261 1054 3339 inperfecti
1084 3263 1190 3322 utinam
1217 3266 1343 3345 ponderet
1369 3282 1447 3333 mea

207 3509 218 3557 1
239 3509 287 3558 alio
306 3507 377 3574 loeo]
396 3526 424 3572 p.
446 3508 495 3560 1³9
581 3509 722 3560 ttineusati
739 3524 826 3559 casum
845 3507 869 3557 N
895 3508 920 3555 in
940 3508 1113 3555 accusationum
1132 3522 1218 3558 casum
1235 3511 1261 3558 P
1349 3512 1420 3576 dpa-

136 3592 191 3626 rare
209 3578 233 3625 P
312 3584 329 3630 8
348 3581 451 3630 obicior.
471 3578 513 3628 Sic
533 3578 640 3629 albanus
659 3595 689 3628 ea
706 3580 732 3627 N
746 3579 851 3628 obicior.
868 3576 1021 3642 Sigaluauus
1038 3577 1126 3626 eadem
1146 3577 1177 3628 P.
1196 3579 1312 3632 (incursari
1324 3586 1420 3644 poterut

134 3655 212 3697 astrum
230 3649 364 3699 Geminiani
380 3666 413 3698 an
432 3650 459 3702 O.
478 3648 537 3698 Iulii
553 3649 657 3698 Itomuai
672 3665 756 3699 nornen
772 3647 946 3698 restituendum
964 3653 1044 3701 esset,
1063 3647 1177 3711 equidem
1195 3647 1258 3707 lanc,
1276 3652 1345 3715 qaod
1357 3659 1380 3701 et
1395 3665 1420 3698 re

134 3718 352 3768 eoairnncndcdatnr
369 3728 394 3769 et
410 3721 517 3783 propius
535 3719 624 3768 adesse
642 3718 786 3769 initiabatur.
805 3718 922 3780 praetuli.
951 3718 983 3765 de
1001 3717 1093 3766 Albino
1112 3719 1228 3781 copitnoit
1243 3721 1421 3770 Linidernnnnus

155 3801 164 3823 ·
203 3790 220 3839 tt
238 3786 374 3855 recipiunt]
395 3791 498 3854 capiunt
517 3788 541 3837 P
620 3788 652 3837 10
671 3789 766 3852 impero
787 3789 841 3837 tibi.
862 3787 965 3852 pessino
984 3802 1005 3835 ω
1024 3788 1167 3851 inoperetiui
1188 3790 1322 3852 pussiuuna
1339 3790 1364 3839 P
1378 3791 1420 3839 im·

134 3857 240 3920 peratiui
260 3858 330 3922 passi
348 3858 375 3906 N
455 3860 487 3909 12
506 3872 555 3906 nou
573 3873 619 3911 om.
639 3857 696 3921 NP,
715 3859 775 3909 odd.
791 3857 923 3907 Diomedes
937 3871 966 3919 p.
987 3856 1037 3907 301
1121 3855 1218 3908 1311oe
1237 3859 1313 3910 modo
1332 3868 1418 3910 tantum

134 3926 292 3976 declinamur
308 3928 440 3979 Diomedes
461 3936 558 3978 tantuma
578 3943 628 3978 non
647 3927 682 3987 (ιῑ
699 3927 741 3983 Ν)
758 3927 914 3977 declinantur
931 3925 982 3973 NP
1005 3934 1099 3974 tantum
1119 3927 1144 3974 iu
1163 3928 1236 3976 tertio
1255 3944 1366 3994 persona
1380 3929 1421 3979 de·

134 3996 256 4045 elinantur
273 3998 405 4048 Fabricius
488 3998 521 4049 14
539 3999 563 4047 in
583 4014 627 4048 ona
646 3996 678 4057 N,
700 3997 758 4045 add.
778 3997 804 4046 P
881 3997 912 4045 15
931 3995 1016 4056 utique
1030 3995 1161 4045 Diomedes
1178 4007 1209 4046 -ut
1234 4014 1285 4063 qup
1312 4000 1362 4049 NP

136 4083 186 4131 quio
211 4068 235 4115 in
261 4068 429 4117 declinatione
451 4075 546 4117 tantum
569 4070 652 4117 aetina
676 4080 724 4115 non
749 4066 913 4116 declinantur.
936 4063 1014 4113 Nemo
1037 4066 1102 4113 enim
1127 4066 1188 4114 dicit
1211 4083 1305 4118 noceor
1327 4084 1421 4136 parcet.

134 4137 198 4184 Sum
216 4146 240 4185 et
260 4138 387 4187 intellectu
405 4139 430 4186 P
509 4138 541 4189 10
557 4134 645 4202 supra]
664 4151 692 4198 p.
712 4136 761 4185 140
843 4136 874 4186 18
889 4133 952 4184 Sunt
971 4160 1003 4168 -
1023 4135 1055 4182 25
1075 4135 1143 4183 domi
1161 4136 1242 4186 Ilion.
1258 4154 1285 4202 p.
1306 4138 1359 4192 340

135 4206 168 4255 20
187 4205 249 4255 haee
269 4223 303 4256 .u.
323 4207 388 4256 hatte
411 4207 482 4256 saline
507 4217 531 4257 et
556 4206 713 4256 declinantur
736 4205 783 4253 lroo
801 4207 875 4255 modo
893 4204 1033 4269 inperatiuo
1048 4204 1194 4254 modoPln
1215 4208 1255 4256 ll.
1275 4209 1331 4276 imp
1347 4207 1424 4261 moll

203 4277 234 4326 21
254 4277 320 4326 lionae
338 4277 442 4341 tenuere,
460 4275 754 4341 iterareliquussormnr
770 4273 887 4325 blittero
904 4277 1013 4336 scriptae
1030 4272 1121 4323 hadent
1140 4275 1189 4324 NP
1264 4279 1299 4330 25
1318 4280 1423 4330 dicimus

136 4345 242 4395 saluisse
260 4347 356 4398 saloost
374 4348 442 4398 domi
453 4348 479 4396 N
492 4348 600 4397 dicimus
617 4345 725 4396 saluisse
744 4343 809 4392 salui
829 4344 974 4404 (nelsaluo)
993 4354 1017 4392 et
1035 4345 1048 4392 ὗ
1067 4325 1133 4393 donn
1146 4346 1170 4393 P
1183 4345 1293 4397 dicimus
1311 4349 1381 4408 salue
1399 4350 1423 4399 id

134 4423 172 4462 est
189 4416 262 4465 saltis
279 4419 332 4480 (ael
349 4418 424 4480 satis)
442 4417 513 4466 solue
531 4416 632 4466 domiue
648 4416 746 4465 codices
758 4415 882 4465 Ilionaedis
901 4416 1019 4475 dicimus,
1035 4409 1104 4461 Satin
1119 4415 1200 4475 salue,
1217 4418 1289 4467 salue
1307 4433 1346 4470 est
1358 4420 1423 4470 domi

136 4484 267 4534 dubricius
284 4487 392 4535 dicinms
410 4489 504 4536 sentisne
522 4485 620 4542 salnest
635 4486 703 4534 donini
721 4484 912 4534 Lindenmnnns.
936 4485 968 4533 de
990 4482 1059 4532 salve
1083 4485 1198 4535 unlnerdii
1220 4489 1275 4537 loco
1289 4492 1425 4552 poetandi.

133 4555 174 4601 :eit
193 4556 304 4604 Ilonmus
322 4558 346 4605 in
370 4556 426 4605 Ten.
443 4556 554 4605 Enniuelt.
573 4556 594 4602 V
614 4553 736 4617 515),ss
823 4554 856 4604 20
876 4556 1000 4616 quaedum
1019 4552 1045 4600 P
1059 4569 1123 4615 quine
1140 4554 1166 4602 N
1248 4559 1282 4606 ’20
1301 4562 1425 4625 puduerat

136 4654 175 4688 aare
193 4625 354 4704 lut—pudebit
372 4640 395 4688 N
413 4642 517 4705 puderet
536 4640 641 4706 pudebit
659 4642 683 4689 P
749 4638 783 4690 00
801 4641 907 4705 puderet
925 4656 964 4690 nae
982 4640 1083 4706 panderit
1102 4640 1216 4704 pandisset
1237 4643 1259 4690 P
