3114 5356
201 277 263 342 262
771 274 935 340 cnaatstt

252 408 276 450 ρ.
291 395 332 437 ssa
348 394 371 436 r.
1284 401 1308 442 p.
1324 386 1372 430 rac
1389 385 1418 429 ss
1430 385 1455 429 r.

204 466 280 529 meio
301 464 387 539 mixi,
408 460 517 546 verro‘l
536 463 626 538 verri,
648 471 735 524 necto
756 460 859 534 nexui,
881 460 977 521 vincio
997 460 1090 534 rinn,
1120 468 1207 538 pecto
1229 459 1312 539 pexi,
1334 458 1442 520 incedo
1462 461 1499 521 in·

204 566 298 642 cessi,
331 567 393 627 lero
411 564 481 638 tuli,
516 582 583 624 sero
602 563 678 637 seri,
708 581 798 640 urgeo
821 559 898 635 ursi,
926 569 991 621 tero
1010 562 1105 637 texui,
1134 568 1259 638 torqueo
1281 561 1373 635 torsi,
1404 562 1499 624 scindo

206 666 295 743 scidi,
323 666 453 746 prandeo
474 662 594 745 prandi,
624 663 690 723 sino
712 661 781 739 sivi;
813 660 888 722 tollo
907 662 1028 736 sustuli,
1056 663 1176 724 contero
1195 660 1321 735 contuli,
1349 663 1422 726 ludo
1440 663 1499 737 lusi,

207 770 317 831 denseo
333 769 434 843 densi,
453 766 562 846 incipio
582 765 679 845 incepi
701 763 802 844 coepi,
824 771 926 842 prosto
941 763 1072 842 prostiti,
1095 782 1195 841 mergo
1211 763 1316 838 mersi,
1340 782 1415 827 eruo
1433 767 1499 836 erni,

206 872 308 949 frango
331 870 419 947 fregi,
441 869 542 931 desino
563 867 651 941 desii,
671 865 785 930 cambio
807 864 934 943 compsi,
957 865 1064 925 haereo
1086 863 1183 936 haesi,
1202 863 1304 925 haurio
1325 865 1428 939 lrausi‚
1448 868 1519 928 lar-s

206 972 253 1033 cio
269 968 354 1044 tarsi,
377 977 478 1049 satago
501 970 607 1048 sategi,
621 962 685 1045 ‘ago
708 967 769 1045 egi,
796 966 861 1026 dico
883 964 956 1038 dixi,
983 965 1049 1026 volo
1067 964 1144 1026 volui
1166 964 1272 1038 volari,
1295 975 1420 1029 contero
1437 989 1499 1031 cou-

207 1071 290 1144 triri,
311 1089 413 1151 promo
434 1071 583 1151 prompsi,
607 1069 751 1130 adsuesco
773 1067 908 1140 adsuevi,
930 1065 1015 1126 callio
1034 1065 1174 1127 calfactus
1194 1084 1275 1140 sum,
1297 1068 1426 1131 madetis
1446 1088 1500 1131 ma

207 1174 339 1234 deiectus
355 1192 430 1248 sum,
453 1174 559 1257 tepefio
574 1171 737 1250 tepefactus
755 1187 830 1243 sum,
853 1169 1018 1249 expergefio
1034 1168 1254 1247 expergefactus
1272 1186 1351 1244 sum,
1373 1188 1440 1232 sum
1455 1170 1500 1242 tui,

207 1282 271 1336 tero
292 1274 373 1348 trivi,
395 1273 476 1335 disco
498 1271 603 1344 didici,
626 1277 726 1331 sterno
747 1271 850 1344 stravi,
873 1288 1024 1348 concoquo
1040 1269 1176 1343 corpori,
1200 1268 1287 1330 allido
1308 1268 1400 1346 allisi,
1422 1271 1501 1332 obsto

208 1374 324 1449 obstiti,
347 1394 449 1437 cresco
468 1373 561 1448 crevi,
584 1389 658 1432 cano
676 1369 784 1444 accim,
814 1390 905 1450 pergo
928 1371 1058 1452 perrexi,
1081 1378 1164 1432 tueor
1184 1370 1275 1431 tuitus
1299 1386 1384 1447 sum,
1404 1389 1532 1433 rescoru

207 1485 311 1556 pastus
333 1494 414 1549 sum,
441 1474 534 1536 audeo
553 1492 642 1536 ausus
665 1488 741 1531 sum.

293 1573 475 1636 Admonendi
497 1582 594 1635 tamen
619 1590 721 1634 sumus
742 1570 895 1651 participia
918 1572 948 1632 in
976 1575 1076 1635 activis
1101 1573 1250 1653 praeteriti
1276 1574 1421 1653 temporis
1448 1593 1502 1635 non

208 1697 290 1751 esse,
314 1686 347 1739 ut
368 1676 479 1737 Graece
501 1676 625 1737 dicimus
652 1665 779 1750 φιλήσας
806 1665 942 1748 ποιήσας.
986 1676 1168 1756 recipiuntur
1189 1683 1287 1736 autom
1309 1676 1503 1757 inpositione

209 1779 325 1861 passiva
354 1798 388 1840 ea
417 1795 492 1855 quae
519 1797 578 1838 non
607 1774 717 1836 habent
742 1772 889 1854 passivam
917 1773 1157 1852 declinationem,
1192 1777 1269 1838 sicut
1295 1775 1374 1856 apud
1394 1785 1503 1838 veteres

117 1878 122 1893 ⁶
208 1881 407 1953 inveniuntur,
427 1886 460 1939 ut
482 1879 603 1939 iuratus.
647 1896 707 1938 non
728 1877 805 1937 enim
826 1875 950 1938 dicimus
972 1877 1060 1939 iuror.
1105 1879 1238 1940 similiter
1260 1886 1290 1939 et
1308 1897 1440 1958 pransus
1460 1897 1535 1942 ceo

209 1989 296 2043 natus
318 1989 405 2061 potus
427 1980 579 2041 iniuratus.
623 1979 696 2040 hacc
719 1977 813 2051 enim,
841 1978 980 2055 quoniam
1007 1988 1075 2041 sunt
1097 1981 1188 2041 activa
1211 1988 1241 2041 et
1266 1998 1326 2042 non
1347 1983 1503 2062 patiuntur,

208 2083 390 2161 recipiuntur
408 2081 524 2161 passivo
543 2081 641 2141 modo.
676 2081 729 2143 sed
751 2080 823 2141 hacc
846 2080 876 2139 in
898 2081 1003 2141 ceteris
1025 2082 1120 2143 verbis
1143 2089 1172 2141 et
1194 2081 1357 2163 participiis
1375 2083 1435 2145 dici
1450 2102 1505 2144 non

209 2192 343 2263 possunt.
388 2181 505 2261 quidam
526 2183 623 2243 autcni
643 2182 745 2244 dicunt
767 2201 890 2243 occasus
912 2185 972 2257 sol,
1003 2176 1095 2255 δύνας
1114 2173 1131 2241 ὁ
1150 2174 1241 2259 ἥλιος.

240 2270 244 2278 ’
296 2285 367 2349 item
396 2284 425 2344 in
451 2285 575 2364 passivis
602 2284 754 2365 participia
775 2283 940 2364 praesentis
968 2284 1108 2365 temporis
1137 2305 1196 2346 non
1225 2293 1309 2361 sunt3
1347 2287 1508 2350 abutuntur

209 2393 307 2448 autem
329 2394 442 2448 veteres
464 2387 558 2447 activo
580 2405 634 2466 pro
655 2386 788 2465 passivo,
811 2393 845 2447 ut
865 2384 943 2464 apud
965 2385 1121 2463 Vergilium
1520 2411 1543 2452 ω

907 2487 1142 2566 genibusque
1167 2487 1343 2550 volutans

373 2588 572 2662 haerebam

209 2688 292 2750 deest
307 2707 354 2760 se,
378 2695 408 2747 ut
427 2689 465 2748 sit
483 2689 615 2749 volutans
635 2706 683 2760 se,
707 2677 893 2761 κυλιόμενοςι
916 2689 1194 2770 ‘praecipitans
1217 2694 1336 2756 traxit
1356 2697 1512 2771 omnia’;

208 2790 291 2851 deest
314 2809 373 2863 se„
387 2797 418 2849 nt
440 2791 478 2850 sit
500 2790 695 2870 praecipitans
716 2808 762 2861 se,
785 2782 1098 2867 κατακρημνιζόμενος,

942 2898 956 2925 0

295 2966 355 3036 t'tll
391 2974 440 3035 DE
464 2974 730 3046 Qt'tttrnrrttvs
751 2974 876 3037 LATINI
899 2979 1089 3041 SERlllONlS
1111 2982 1161 3041 ET
1182 2982 1424 3045 Tuttrottfflvs
1524 3001 1548 3040 aa

294 3092 455 3163 Qualitates
477 3079 627 3155 sermonis
642 3094 738 3155 Latini
760 3095 955 3171 certissimas,
984 3099 1090 3176 ‹prrilms
1119 3109 1250 3179 tempora
1280 3103 1418 3182 copmata
1448 3124 1512 3165 ser-

208 3212 295 3254 mone
314 3201 523 3268 conectuntur,
546 3194 618 3256 istas
638 3196 820 3276 accepimus,
843 3199 982 3260 finitivam
1003 3201 1159 3279 optativam
1182 3202 1416 3278 subiunctivanr,
1437 3223 1512 3283 quas

212 3410 245 3460 111
282 3411 308 3458 N
321 3415 347 3456 111
365 3415 427 3466 Μ
463 3413 523 3459 item
542 3410 569 3458 in
586 3409 697 3474 passicis

279 3648 290 3697 l
313 3650 375 3697 mixi
396 3650 420 3696 P
437 3648 499 3696 mixi
520 3647 548 3695 N
614 3647 698 3696 uinoio
715 3643 720 3712 Ι
737 3648 808 3695 uinxi
825 3663 873 3712 pec
878 3684 1024 3698 ........
1032 3651 1093 3698 cedo
1108 3651 1134 3698 N
1148 3655 1259 3705 corrosis
1277 3651 1440 3715 tiroandensis,
1459 3656 1516 3703 uin-

209 3720 249 3767 oio
268 3719 340 3767 uinxi
357 3725 430 3782 pecto
449 3717 528 3782 pexni
546 3713 637 3763 incedo
656 3730 677 3764 ω
705 3719 778 3766 rrinco
796 3718 869 3766 uinxi
891 3726 963 3782 pecto
981 3721 1042 3783 pexi
1061 3720 1151 3769 incedo
1175 3721 1206 3774 Ρ,
1239 3731 1312 3786 pecto
1332 3724 1412 3786 pexui
1428 3727 1516 3785 posuit

210 3787 339 3839 clariano
356 3803 385 3849 p.
404 3787 464 3846 217,
485 3793 557 3850 pecto
576 3784 638 3848 pexi
653 3800 681 3846 p.
698 3785 749 3836 218
820 3788 835 3836 2
854 3802 951 3853 urgueo
969 3791 1021 3838 ursi
1040 3789 1065 3837 N
1080 3805 1158 3854 urgeo
1177 3792 1234 3856 argi
1256 3792 1277 3840 P
1363 3790 1513 3856 3prandeo

208 3857 301 3921 prandi
320 3858 341 3905 si
349 3892 423 3905 .....
430 3858 449 3904 ie
465 3854 527 3903 tollo
546 3853 572 3900 N
587 3856 698 3902 corrosis
717 3855 872 3914 menadranis,
891 3858 1003 3921 prandeo
1022 3859 1112 3922 prandi
1133 3859 1189 3906 sino
1208 3861 1257 3908 siui
1276 3860 1337 3909 tollo
1357 3859 1382 3908 P
1451 3860 1514 3912 ludo

210 3925 272 3975 lassi
293 3927 315 3973 P
384 3928 400 3974 4
419 3924 513 3989 incipio
531 3921 608 3986 incipi
627 3923 682 3987 cepi
701 3932 787 3987 prosto
808 3927 911 3988 prostati
931 3927 955 3974 P
1030 3929 1045 3976 5
1064 3926 1153 3992 frango
1176 3928 1259 3994 irarrgi
1278 3930 1367 3978 desino
1387 3930 1473 3981 desini
1492 3934 1517 3980 P

280 3996 295 4044 7
327 3994 433 4043 madedo
458 3991 609 4041 malefactus
632 4006 688 4040 snm
712 3992 797 4041 teretia
821 3994 957 4045 tereiactus
982 4011 1039 4045 sum
1063 3998 1211 4062 expergesso
1236 3998 1435 4064 expergefactus
1456 4016 1514 4051 sum

209 4062 247 4112 lui
265 4063 414 4113 Pmadello
433 4060 590 4111 madefactus
608 4075 736 4110 sumsum
757 4061 793 4109 lui
811 4062 837 4109 N
917 4063 1080 4127 doancoquo
1099 4067 1126 4114 N
1141 4083 1252 4117 concoco
1269 4070 1294 4117 P
1353 4077 1449 4132 ,opsto
1468 4086 1514 4137 op.

208 4134 267 4182 steti
285 4135 310 4181 P
380 4134 409 4182 ll
430 4132 512 4180 audeo
529 4144 607 4179 narsus
624 4145 680 4178 sum
699 4130 726 4179 N
741 4131 817 4179 audio
836 4132 924 4182 audiui
945 4136 970 4182 Ρ
1038 4135 1069 4183 12
1087 4135 1298 4187 Admonendi—
1317 4140 1352 4189 24
1371 4151 1513 4202 κατακρη-

207 4194 373 4265 μνιζόμενος
396 4202 476 4251 Diem.
497 4215 527 4262 p.
548 4198 599 4250 396
617 4216 656 4265 sq.
744 4201 877 4265 participia
896 4203 921 4252 P
937 4204 1150 4269 participialiaN
1235 4205 1266 4256 13
1293 4216 1513 4271 prancanomcac

905 4281 917 4307 fl

208 4323 367 4387 accipiuntur
382 4322 406 4370 P
474 4320 507 4369 lt
525 4319 631 4384 passius
649 4333 678 4367 ca
695 4333 761 4380 quoe
775 4320 799 4368 P
814 4322 921 4405 passiup
940 4337 1005 4386 quae
1023 4322 1050 4370 N
1124 4324 1156 4373 17
1176 4326 1334 4390 recipiuntur
1351 4342 1398 4376 orn.
1417 4328 1444 4376 P

208 4425 255 4474 sed
267 4440 311 4475 om.
323 4425 355 4483 N,
367 4423 463 4475 adar
534 4421 565 4472 18
584 4429 695 4470 etcasus
715 4421 752 4470 sol
771 4421 796 4469 N
814 4426 981 4476 etcussusP
1053 4439 1149 4474 urarac
1169 4443 1183 4473 o
1200 4426 1277 4478 lmroc
1297 4428 1321 4476 P
1390 4427 1424 4479 20
1444 4433 1514 4497 apud

206 4493 363 4559 Vergilium]
381 4495 444 4543 Aen.
465 4491 567 4543 111607
650 4490 684 4542 23
705 4490 824 4554 uolutans
842 4507 870 4540 se
887 4486 1053 4558 evtso'psvos
1072 4495 1246 4558 Diomedem.
1266 4496 1317 4546 397
1336 4498 1472 4550 uolutans.
1483 4538 1507 4551 ..

212 4579 296 4613 ...se
316 4576 478 4614 rrarcueuoc
499 4562 523 4609 Ρ
539 4560 655 4609 uolutans
673 4575 701 4609 se
719 4560 744 4608 N
830 4565 907 4611 traxit
925 4563 1001 4624 (tacuit
1017 4567 1051 4628 P)
1071 4565 1156 4614 omnia
1174 4563 1223 4611 NP
1241 4566 1307 4615 traxi
1325 4581 1426 4618 mecum
1448 4573 1512 4622 Dio-

205 4632 302 4682 medes:
320 4634 354 4695 of.
379 4635 458 4695 Verg.
478 4631 543 4679 Aen.
564 4630 599 4678 Vl
618 4630 667 4681 351
756 4630 790 4679 24
812 4630 883 4680 deest
905 4635 971 4682 enim
993 4635 1119 4699 pcipitens
1140 4647 1168 4682 se
1190 4635 1472 4691 rarasrursnraorsenoc
1490 4642 1514 4692 P

208 4701 280 4750 deest
298 4718 326 4752 se
345 4710 372 4751 ut
390 4702 424 4751 sit
441 4701 613 4764 praecipitans
634 4714 662 4747 se
679 4698 704 4746 N
726 4699 797 4748 deest
815 4716 854 4749 me
872 4712 899 4750 ut
917 4703 951 4751 sit
968 4704 1137 4768 praecipitans
1156 4716 1196 4751 me
1212 4701 1512 4773 κατακρημνιζόμενος

207 4768 339 4820 Diomedes
407 4770 440 4819 25
459 4782 492 4816 ns
511 4764 703 4832 ovnsrrsrrnvs]
724 4768 805 4820 Bion.
822 4785 850 4832 p.
865 4770 916 4821 383
929 4787 986 4836 sqq.
1059 4773 1091 4822 27
1110 4773 1251 4836 accipimus
1269 4775 1294 4823 P
