3114 5356
217 305 277 370 122
781 262 943 367 curuisu

265 437 288 476 p.
301 423 336 465 ur.
350 421 377 464 ω
392 420 416 479 P,
1123 470 1127 475 ,
1350 432 1372 474 p.
1387 418 1454 462 701.

150 554 156 565 ,
213 495 307 558 varias
335 493 396 554 viss
420 492 548 566 ducunt,
576 498 609 553 ut
635 509 701 552 aere
725 488 863 571 accipitre
883 519 902 556 e
932 488 1099 569 exquibus
1124 489 1206 568 siqua
1228 491 1373 554 solentin
1396 511 1507 556 nomen

214 597 342 661 hominis
363 595 504 671 transire,
527 613 587 657 uon
609 601 679 657 sunt
698 591 794 654 dubia.
977 660 983 671 ‚

298 697 476 773 Alexander,
497 697 524 759 si
544 696 619 759 ratio
639 695 732 775 placet
754 712 841 772 quam
863 695 917 757 sub
937 694 1066 757 Euandri
1087 695 1206 756 nomine
1221 693 1447 777 disputavimus.
1462 696 1477 782 Η

298 804 374 880 Ager
398 817 615 889 quicqueusu,
641 815 700 858 uon
724 796 836 858 ratione
864 795 977 858 dicium
1022 815 1095 876 quse
1122 797 1194 859 mihi
1218 797 1290 860 ratio
1318 799 1364 862 vix
1390 802 1507 866 videtur

215 903 388 967 adhibenda.
1519 928 1532 969 5

298 1005 404 1068 Aurelii
432 1005 582 1086 genetivus
610 1020 669 1064 non
696 1006 808 1063 tantum
832 1001 939 1064 crescit
957 1019 1024 1064 cum
1049 1001 1240 1077 nominativo,
1264 1004 1316 1064 sed
1340 1013 1374 1067 ut
1392 1026 1447 1088 par
1469 1007 1507 1069 sit

216 1109 311 1171 dauvo
333 1107 430 1183 casui,
454 1114 485 1169 ut
507 1105 618 1168 Plinius
636 1102 740 1165 eodem
762 1100 835 1163 lihro
857 1103 966 1166 scribit

299 1212 406 1272 Amans
425 1208 591 1271 amantium.
636 1224 672 1268 ns
691 1204 770 1266 finito
792 1204 909 1266 nomina
932 1204 1071 1285 singulari
1086 1206 1263 1268 nominativo
1285 1209 1418 1287 genetivo
1440 1211 1507 1291 plu-

215 1311 269 1376 rali
286 1312 346 1374 ium
364 1310 507 1393 recipiant
525 1327 649 1372 necesse
669 1315 722 1368 est.
766 1307 863 1386 itaque
881 1307 1035 1369 Terentius

423 1412 627 1474 amantium
653 1412 731 1472 irae
759 1409 894 1471 amoris
918 1407 1129 1488 integratio
1151 1417 1217 1476 est

216 1526 364 1579 amantum
384 1513 541 1589 Caecilius,
565 1521 598 1576 ut
618 1514 703 1575 etiam
725 1511 832 1573 Plinius
856 1518 952 1585 notat,

545 1624 723 1696 quantum
744 1623 930 1675 amantum
954 1614 989 1675 in
1010 1614 1133 1676 Attica
1153 1618 1237 1676 est'

300 1718 444 1800 dplustre.
489 1718 618 1779 emnium
642 1716 792 1779 nominum
819 1734 893 1794 quae
915 1725 984 1778 suut
1004 1717 1099 1779 neutri
1122 1717 1238 1796 generis
1264 1726 1294 1778 et
1315 1720 1343 1780 in
1367 1740 1384 1780 e
1404 1721 1506 1782 termi-

216 1830 323 1886 nantur
348 1821 392 1884 ait
413 1819 525 1882 Plinius
548 1822 701 1883 Caesarem
723 1819 814 1882 scisse
839 1817 957 1880 eosdem
977 1836 1042 1880 esse
1063 1819 1202 1882 ablativos
1227 1821 1328 1899 quisles
1357 1829 1427 1883 sunt
1455 1823 1506 1884 da·

215 1927 265 1989 tivi
287 1925 458 2004 singulares.
918 1948 921 1954 ·
1518 1942 1542 1985 u

202 2012 209 2029 ⁸
299 2030 338 2090 dr
359 2027 462 2089 litteris
481 2024 599 2087 uomina
618 2024 758 2086 neutralia
780 2022 931 2085 terminata
944 2022 1014 2084 item
1036 2041 1095 2084 non
1114 2025 1210 2086 minus
1231 2025 1270 2086 ait
1292 2025 1415 2099 Caesar,
1437 2026 1504 2104 ouria

216 2131 311 2194 dativo
333 2138 362 2191 et
385 2129 508 2191 ablativo
530 2129 592 2211 pari
611 2129 674 2190 iure
698 2128 869 2204 funguntur,
892 2130 924 2184 ut
944 2122 1021 2184 idem
1044 2124 1155 2188 Plinius
1176 2126 1286 2188 scribit.

300 2231 512 2294 architectonis
535 2231 659 2292 Titinius
680 2229 711 2315 ip
734 2226 846 2302 Setina,
1327 2210 1330 2216 ⁵

615 2332 617 2336 ’
710 2330 1192 2392 incensuserchiteoteuis.

300 2436 372 2516 Algu
394 2434 514 2497 Plautus
535 2435 565 2497 in
587 2434 734 2507 Rudente,

379 2546 416 2598 tu
437 2537 494 2597 vel
517 2536 607 2597 suda
629 2535 685 2596 vel
708 2534 785 2616 peri
808 2534 899 2612 algu.

300 2640 350 2702 dri
373 2639 475 2701 Cicero
498 2637 533 2697 de
556 2637 699 2716 auguriis,
721 2634 911 2697 ‘omuibus
934 2637 990 2698 uvi
1015 2637 1189 2698 incerta'.

300 2740 383 2803 linui
406 2739 502 2812 Maro,

792 2838 955 2899 secundo
978 2838 1113 2900 defluit
1134 2842 1238 2902 anilii.

217 2946 266 3008 oui
287 2943 397 3005 Plinius
418 2938 520 3001 eodem
540 2938 613 3000 libro
637 2940 691 3000 ‘ab
711 2939 854 3019 antiquis’
874 2941 983 3019 iuquit,
1007 2945 1098 3020 ‘quos
1119 2930 1206 3005 Volero
1228 2947 1430 3025 reprehendit,
1454 2949 1505 3009 oh·
1519 2964 1544 3007 π

218 3042 342 3106 servatio
363 3042 458 3104 omnis
480 3040 527 3103 illa
549 3040 682 3103 damnate
701 3050 761 3117 est,
784 3061 843 3104 non
861 3043 977 3123 quidem
996 3045 1025 3105 in
1046 3052 1149 3106 totum.
1194 3046 1318 3110 dicimus
1340 3050 1435 3124 enim,
1462 3052 1507 3112 iu-

217 3146 292 3226 quit,
318 3144 353 3205 ah
380 3144 437 3206 hoc
459 3143 552 3204 canali
575 3143 622 3204 siti
643 3145 715 3206 tussi
741 3145 822 3206 ielrii.
866 3146 975 3208 maiore
1003 3155 1100 3211 tnnien
1120 3167 1155 3208 en
1175 3158 1258 3229 parte
1279 3153 1372 3212 tonna
1395 3161 1507 3213 mutata

217 3258 270 3313 est
317 3249 352 3309 ab
380 3248 436 3310 hoc
465 3247 541 3308 enim
569 3265 641 3308 cane
666 3245 735 3307 orbe
761 3247 887 3309 carbone
914 3256 994 3310 turre
1021 3249 1095 3311 lalcc
1120 3250 1186 3329 igne
1214 3260 1294 3313 veste
1322 3257 1379 3314 tine
1405 3264 1507 3316 monto

216 3353 296 3413 fonte
323 3358 413 3430 ponte
439 3349 549 3430 strigile
577 3355 671 3427 tegete
700 3367 750 3409 ave
778 3369 844 3411 asse
871 3370 922 3411 axe
949 3370 1021 3411 nave
1044 3353 1138 3413 classe
1165 3352 1298 3415 dicimus.
1343 3375 1377 3416 ac
1397 3376 1435 3417 ne
1458 3357 1507 3418 illa

216 3453 332 3532 quidem
357 3452 430 3513 ratio
455 3459 571 3532 receptu
601 3458 647 3512 est
672 3470 765 3530 quam.
785 3452 817 3512 G.
846 3451 954 3513 Caesar·
976 3453 1060 3532 ponit
1084 3455 1113 3515 in
1141 3455 1303 3531 leniiuinis,
1328 3465 1359 3518 ut
1383 3460 1549 3549 puppimgo

400 3580 549 3588 --ο-

215 3642 250 3693 ⁶28
268 3671 302 3681 —
320 3642 354 3693 30
372 3642 398 3691 N

302 3730 412 3780 carbone
435 3735 503 3776 turre
529 3725 595 3776 iulee
619 3727 678 3792 igne
701 3734 770 3776 ueste
792 3726 841 3776 llue
864 3732 947 3775 monte
968 3723 1036 3775 leuto
1054 3735 1130 3792 ponte
1148 3729 1238 3794 strigle
1256 3737 1339 3796 tegete
1354 3749 1402 3783 aue

246 3858 251 3873 ,
302 3831 360 3866 usse
379 3830 427 3864 axe
441 3828 507 3862 naue
522 3813 604 3862 clusse
620 3813 675 3863 dun—³
693 3828 722 3862 uc
736 3828 767 3862 ne
779 3812 823 3863 illa
838 3812 914 3876 quide
930 3814 993 3862 tutio
1012 3818 1140 3881 receptae
1157 3819 1207 3879 quid
1218 3817 1237 3866 G
1248 3830 1337 3867 caesar
1355 3822 1428 3884 pouit

303 3897 871 3966 iufemininisutpuppinrrestimpuluimhdl
880 3900 1473 3959 modoerabucunidicemuserabu.iun...ren

287 4040 384 4089 Versus
401 4055 449 4088 uon
462 4040 590 4101 pleniores
607 4055 678 4104 quum
693 4056 756 4089 nunc
768 4048 824 4090 suut
839 4042 898 4106 legit
908 4042 1010 4090 Pierius
1078 4043 1111 4093 23
1120 4042 1227 4108 strigile,
1241 4051 1406 4111 tegeteeusse
1416 4062 1438 4095 ω

214 4109 249 4162 30
259 4111 331 4176 pouit
345 4111 369 4158 in
382 4122 416 4158 m:
429 4109 543 4172 fortusse
556 4117 580 4159 et
590 4110 616 4158 iu
626 4108 673 4159 doc
689 4117 715 4159 et
732 4114 757 4161 io
773 4111 941 4174 praecedente
957 4127 1030 4161 uersu
1045 4121 1154 4176 praeter
1171 4129 1203 4162 eo
1220 4131 1285 4178 praue
1303 4115 1360 4164 ririlu'
1374 4131 1424 4166 uon
1443 4121 1509 4169 sotis

214 4188 284 4230 certo
293 4181 467 4242 adporuerunt
475 4181 597 4244 quaedum
603 4182 734 4243 perierunt
786 4179 843 4244 123,
857 4181 869 4230 l
882 4192 906 4231 et
919 4182 950 4232 ub
963 4181 1011 4230 lroc
1020 4183 1087 4244 coiri,
1096 4190 1119 4232 ot
1129 4184 1160 4233 ab
1171 4183 1219 4232 lroe
1232 4200 1302 4238 uene.
1317 4186 1477 4252 Aeuigmntis
1486 4205 1507 4239 ω

287 4353 299 4402 l
324 4354 438 4401 lucernum
459 4367 510 4415 pua
532 4352 647 4415 emeroplu
666 4351 770 4403 ollrrtiui
791 4357 800 4404 ἰ
820 4355 905 4403 littero
921 4355 1046 4404 renouari
1068 4353 1158 4404 deusto
1182 4371 1237 4405 esse
1255 4356 1369 4406 videniur
1384 4358 1508 4410 indicari:

214 4423 250 4487 es.
269 4421 366 4472 Ciceris.
381 4436 409 4484 p.
427 4419 480 4471 '100
503 4437 525 4474 o.
545 4421 643 4471 celebre
728 4424 745 4473 9
761 4421 905 4488 Terentius]
923 4423 1006 4477 Andr.
1027 4425 1063 4474 lil
1083 4422 1114 4487 3,
1132 4423 1166 4475 23
1255 4425 1287 4476 10
1305 4428 1470 4495 reintegratio
1486 4445 1508 4479 ω

288 4491 318 4540 12
336 4491 362 4540 iu
380 4491 464 4541 Attice
481 4490 630 4542 Ribbeckius
647 4505 706 4540 conr.
727 4492 785 4543 Lot.
805 4496 851 4546 rel.
870 4509 895 4556 p.
912 4495 946 4546 65
965 4494 989 4542 iu
1007 4494 1088 4543 ostica
1107 4494 1132 4542 N
1149 4495 1174 4543 iu
1191 4495 1280 4546 riutios
1296 4512 1317 4546 ω
1395 4498 1428 4550 ltl
1446 4501 1506 4549 item

215 4560 385 4626 Nipperdeius
403 4560 477 4612 Caes.
493 4562 587 4627 fragm.
601 4577 630 4624 p.
647 4561 699 4614 756
716 4561 784 4612 idem
802 4563 828 4612 N
909 4564 940 4614 18
958 4564 1072 4614 titinnius
1090 4563 1116 4613 N
1195 4564 1282 4615 Setina
1299 4567 1434 4619 swatrtcrm
1451 4585 1509 4619 seu·

190 4630 267 4681 ains
282 4629 309 4678 N
392 4629 425 4680 ltl
445 4632 470 4681 in
493 4646 584 4682 census
600 4629 776 4682 architectoois
794 4633 959 4684 Neulu'rclu'us
977 4636 1009 4684 de
1029 4632 1085 4697 sub.
1104 4643 1153 4699 top.
1174 4635 1244 4689 Iloua.
1265 4652 1292 4699 p.
1312 4636 1363 4687 134
1392 4638 1508 4689 infensus

214 4698 377 4750 architectoni
392 4700 430 4749 H.
448 4700 590 4765 Stephanus
603 4701 696 4766 [repra.
713 4709 780 4765 poet.
801 4703 862 4752 Lot.
878 4718 906 4766 p.
924 4703 976 4754 2110
1001 4704 1119 4753 incensus
1137 4703 1301 4756 arelritectoui
1316 4706 1425 4758 Botlius
1439 4717 1508 4772 poet.

213 4783 280 4818 scen.
300 4769 361 4818 Lat.
379 4771 401 4819 V
420 4772 437 4820 2
452 4787 480 4834 p.
497 4771 531 4823 us
613 4771 648 4823 20
665 4773 691 4820 iu
709 4771 834 4838 Rudente]
856 4774 878 4822 ll
896 4774 970 4831 224
1051 4774 1085 4824 ‘22
1102 4774 1219 4824 omrribus
1237 4777 1342 4826 memb:
1361 4772 1397 4826 Ν·
1475 4778 1508 4830 23

215 4836 400 4904 Nuroneorp.
418 4841 519 4892 111447
595 4842 629 4894 30
646 4843 728 4908 puppi
745 4844 804 4893 resti
823 4841 891 4908 pelui
909 4842 1080 4906 Nipperdeius
1097 4845 1170 4897 Coeo.
1188 4844 1282 4912 fragm.
1300 4862 1328 4910 p.
1348 4847 1415 4914 765,
1443 4849 1509 4915 qued
