3114 5356
605 375 851 439 ΑΒΤ.(;1111111
876 377 948 440 tm.
971 377 1012 440 lll
1393 378 1457 442 teo

208 488 322 544 amn
1256 494 1403 538 ,mnu

324 560 509 640 depresso
531 560 700 642 incipiat
721 562 792 622 iam
814 571 889 623 tum
911 561 999 623 mibi
1020 568 1151 624 taurus
1173 507 1308 628 arairo.

157 672 205 725 est
236 662 314 723 enim
342 680 445 723 versus
474 662 588 740 integer
617 670 647 723 et
674 662 755 724 nullo
789 663 856 724 vitio
888 663 1112 725 contaminatus.
1164 664 1281 742 iniuges
1308 672 1377 728 sunt
1408 667 1457 744 qui

157 764 238 826 nulla
260 762 473 824 coniunctionis
495 762 604 842 syllaba
633 762 822 842 copulantur,
853 781 927 842 quos
951 763 1053 825 Graeci
1075 756 1252 837 ἀσυνδέτους
1276 775 1456 846 nuncupant,

158 866 235 928 sicut
934 882 938 890 ·

129 993 143 1032 5
320 971 463 1024 tectum
482 971 698 1043 augustum,
720 961 873 1040 ingens,
903 976 1051 1026 centum
1073 967 1236 1029 sublime
1255 965 1455 1040 columnis,

157 1069 225 1148 sine
249 1083 335 1126 nexu.
380 1064 479 1127 nullus
505 1065 583 1126 enim
609 1061 825 1125 coniunctionis
852 1083 945 1127 nexus
970 1075 1116 1130 occursat.
1160 1067 1357 1147 aequiformes
1386 1076 1457 1129 sunt

156 1168 204 1246 qui
225 1187 284 1228 non
307 1165 460 1244 conposita
479 1165 532 1226 sed
554 1163 679 1244 simplici
700 1165 791 1240 ligura
809 1172 1008 1242 ostentantur,
1031 1175 1063 1228 nt

322 1267 412 1327 urbe
434 1266 505 1327 luit
526 1265 658 1338 media,
679 1265 885 1328 Laurentis
907 1268 1010 1346 regia
1030 1269 1116 1329 Pici.

156 1386 302 1446 nusquam
323 1367 372 1427 hic
393 1369 471 1429 enim
494 1369 568 1429 duae
590 1373 690 1447 partes
712 1364 853 1428 orationis
871 1375 1036 1428 nectuntur.
1073 1368 1294 1449 quinquipertes
1315 1378 1384 1433 sunt
1406 1371 1456 1448 qui

116 1491 142 1532 ro
156 1471 286 1551 quinque
307 1476 406 1549 partes
429 1467 571 1530 orationis
591 1465 700 1527 liberas
720 1465 889 1545 possident,
911 1474 943 1527 ut

322 1589 385 1630 ora
408 1570 610 1633 citatorum
633 1587 748 1632 cursu
770 1568 936 1630 detorsit
958 1586 1145 1648 equorum.

154 1671 324 1752 partipcdes
350 1678 421 1733 sunt
449 1672 498 1748 quui
528 1669 560 1730 in
592 1671 716 1750 singulis
745 1670 870 1751 pedibus
899 1669 1030 1749 singulas
1060 1670 1200 1732 orationis
1230 1677 1330 1750 partes
1359 1671 1457 1751 adsig-

156 1780 243 1847 nant,
265 1779 298 1832 ut

322 1871 487 1933 miscent
510 1870 585 1932 lida
609 1870 768 1933 flumina
791 1871 950 1932 candida
973 1870 1161 1950 sanguine
1182 1889 1326 1950 sparso.

115 1994 140 2035 u
155 1973 302 2036 fistulares
327 1980 397 2034 sunt
422 1973 471 2051 qui
497 1972 637 2052 paulatim
664 1972 855 2035 adcrescente
880 1973 973 2054 partis
999 1959 1139 2034 orationis
1161 1990 1284 2034 numero
1308 1973 1345 2036 ab
1368 1974 1453 2037 unica

156 2075 264 2157 syllaba
286 2074 387 2155 plures
405 2075 536 2152 adusque
562 2073 725 2148 ducuntur,
744 2082 777 2136 ut
795 2075 969 2138 Homericus
990 2074 1039 2136 ille
1060 2074 1198 2148 declarat,

322 2159 345 2235 oi
363 2167 488 2254 μάκαρ
506 2164 695 2252 Ἀτρείδη,
722 2175 965 2255 μοιρηγενές,
986 2166 1244 2253 ὀλβιόδαιμον.

155 2270 300 2355 aeq'uidici
323 2286 392 2339 sunt
415 2278 464 2356 qui
486 2275 609 2355 singulis
630 2275 882 2356 propositionibus
903 2277 1060 2339 antithetas
1080 2284 1223 2355 apparant
1244 2275 1402 2351 dictiones,
1423 2286 1456 2339 ut

322 2376 403 2439 alba
426 2378 589 2457 ligustra
613 2376 768 2452 cadunt,
790 2379 966 2440 vaccinia
987 2377 1096 2455 nigra
1118 2377 1306 2456 leguntur.

115 2505 142 2543 ro
156 2478 230 2539 albis
251 2477 329 2538 enim
348 2479 430 2557 nigra
452 2477 606 2561 opposuit,
627 2477 759 2557 ligustris
777 2485 875 2540 autem
896 2478 1024 2541 vaccinia
1046 2478 1146 2540 tribuit
1170 2487 1199 2540 et
1220 2480 1392 2542 cadentibus
1414 2481 1455 2540 le-

155 2578 252 2658 genda
277 2578 447 2658 adsignavit.
497 2588 606 2663 teretes
633 2588 702 2642 sunt
731 2580 780 2661 qui
808 2579 964 2642 volubilem
992 2573 1026 2642 et'
1050 2580 1256 2642 cohaerentem
1282 2580 1455 2644 continuant

154 2680 327 2754 dictionem,
349 2690 381 2742 ut
799 2667 804 2674 ’

322 2790 425 2844 torva
447 2781 690 2843 Mimalloniis
716 2781 882 2843 inllatur
903 2779 998 2844 tibia
1019 2781 1173 2845 bombis.

154 2903 279 2950 sonores
306 2894 374 2947 sunt
396 2885 445 2963 qui
468 2883 613 2964 crepitant
636 2881 876 2964 pronuntiatione
897 2884 1014 2962 fragosa
1043 2891 1073 2946 et
1098 2884 1274 2946 exultantem
1295 2885 1454 2949 informant

116 2986 329 3060 edictionem,
353 2995 384 3047 ut
413 3048 416 3053 ,
1041 3045 1044 3052 ,
1355 2985 1361 2993 ’

320 3096 356 3148 at
376 3087 464 3149 tuba
486 3083 697 3148 terribilem
719 3085 885 3160 sonitum
906 3086 1041 3165 procul
1061 3104 1147 3147 aere
1171 3105 1312 3150 canoro

323 3186 517 3266 increpuit
1110 3189 1120 3207 ⁸

156 3298 186 3352 et

323 3389 627 3469 quadripedante
650 3396 795 3467 putrem
816 3386 942 3449 sonitu
965 3388 1087 3464 quatit
1116 3389 1249 3468 ungula
1279 3409 1454 3472 campum.

115 3516 142 3557 oo
157 3490 272 3553 vocales
295 3498 364 3552 suut
387 3491 436 3570 qui
459 3491 516 3552 alte
534 3489 675 3571 producta
697 3487 862 3550 elocutione
884 3487 1057 3548 sonantibus
1081 3488 1186 3551 litteris
1209 3490 1373 3552 universam
1394 3491 1456 3552 dic-

156 3594 266 3655 tionem
288 3591 459 3666 inlustrant,
480 3601 513 3653 ut
536 3599 581 3652 est
603 3589 674 3652 illud
696 3588 903 3664 Paconianum,
924 3589 930 3671 1

228 3755 240 3805 l
262 3753 396 3820 depresso]
419 3755 682 3820 Verp.9eor9.145
770 3753 944 3818 ducundetus
961 3754 1047 3805 ΑΒΜ
1130 3750 1266 3818 btectum]
1291 3756 1370 3821 Verp.
1387 3755 1453 3807 Aeo.

155 3827 202 3875 Vll
223 3824 274 3875 170
342 3823 455 3875 dnullis
472 3823 532 3872 BM
599 3822 705 3890 Burbu]
731 3825 809 3888 Verp.
826 3823 893 3876 Aen.
912 3824 959 3875 Vll
980 3824 1026 3874 171
1109 3823 1336 3889 llquiuquipertea
1353 3835 1412 3875 sunt
1429 3825 1456 3875 B

156 3895 270 3959 quinque
288 3901 374 3958 partes
393 3902 453 3942 sunt
471 3893 531 3941 AM
624 3893 653 3944 11
679 3891 739 3959 ora]
769 3894 847 3959 Verp.
872 3893 937 3945 Aen.
967 3893 1015 3944 llll
1037 3891 1089 3944 373
1187 3893 1220 3942 14
1241 3890 1308 3958 lida]
1333 3893 1408 3944 foede
1432 3911 1456 3944 m

156 3964 208 4012 iido
224 3963 357 4013 Patrobios
441 3962 473 4011 15
492 3961 612 4010 fistularis
628 3961 687 4012 BM
766 3962 940 4013 inducuntur
959 3977 976 4020 ς
994 3963 1112 4012 dicuntur
1130 3961 1215 4011 ΑΒΜ
1293 3961 1452 4027 Homericus]

153 4030 295 4083 larisa
365 4030 397 4080 17
416 4045 533 4080 omaeara
552 4030 617 4079 tride
636 4031 761 4097 mirigene
780 4032 969 4083 solbioedemon
988 4031 1022 4080 M
1036 4046 1155 4081 omacura
1173 4032 1373 4099 tridemyrigeue
1391 4032 1455 4083 sclbi

155 4116 187 4150 eo
205 4099 331 4151 demonA
349 4114 406 4149 oma
424 4116 454 4148 ca
472 4099 536 4148 tride
554 4100 692 4166 mirigenes
710 4101 779 4151 olibi.
796 4115 827 4150 aa
845 4101 972 4152 demonB
1043 4099 1075 4151 18
1093 4100 1265 4164 aequidietiA
1334 4101 1453 4152 dictionis

156 4169 333 4220 uthictioni
347 4170 412 4218 sicut
421 4169 455 4218 M
514 4166 622 4233 lllulba]
639 4171 717 4234 Verp.
726 4170 806 4221 bucol.
817 4170 843 4229 2,
852 4171 884 4220 18
942 4171 1054 4219 buccinia
1064 4167 1151 4221 ΑΒΜ
1206 4169 1457 4220 ²0baceininABM

208 4237 243 4289 23
254 4247 337 4288 torma
349 4237 410 4287 lumi
422 4237 549 4287 madentis
566 4253 635 4288 corr.
652 4246 725 4288 toruo
735 4238 863 4289 molientis
873 4240 912 4289 M.
926 4240 959 4301 os.
971 4241 1046 4289 Pers.
1062 4239 1085 4296 1,
1097 4239 1131 4290 29
1144 4248 1217 4290 torva
1227 4238 1395 4289 Mimalloneis
1409 4240 1455 4287 im-

153 4306 256 4373 plerunt
269 4320 363 4356 cornua
376 4308 475 4357 bombis
545 4306 697 4357 mimallonis
706 4307 733 4357 Β
807 4309 841 4357 at
851 4309 1054 4373 pronuntiatione
1072 4304 1208 4373 tragosar
1222 4308 1453 4372 pronuntiationem

153 4378 286 4442 fragosam
304 4374 391 4426 ΑΒΜ
467 4375 501 4426 26
518 4375 552 4424 cd
568 4375 635 4425 BM.
658 4377 737 4440 Verp.
752 4377 818 4427 Aeo.
841 4376 979 4427 1111115113
1057 4376 1163 4426 terribili
1180 4376 1301 4432 sonitus
1384 4377 1454 4426 soni·

151 4455 196 4496 tus
214 4445 240 4494 B
310 4445 344 4494 27
359 4443 525 4495 increbuitB
594 4445 629 4495 29
647 4443 857 4511 quadripedante]
880 4447 958 4510 Verp.
977 4444 1044 4494 Aea.
1064 4444 1123 4494 Vlll
1140 4444 1193 4496 596
1273 4444 1309 4497 31)
1325 4445 1377 4494 alte
1393 4459 1454 4511 prc-

153 4515 245 4564 dnctaa
264 4514 405 4578 (producte
426 4514 468 4576 Α)
487 4513 613 4564 locutione
629 4513 680 4562 ΑΒ
700 4514 752 4563 alte
769 4515 893 4578 producta
908 4515 1055 4578 loquutione
1075 4512 1108 4562 M
1192 4513 1224 4565 31
1251 4514 1315 4564 illud
1333 4513 1368 4564 M
1383 4515 1454 4563 illum

153 4583 208 4634 ΑΒ
313 4583 485 4632 Paconianum
503 4583 555 4632 Eoo
578 4582 676 4633 Oceano
699 4585 805 4634 contem
822 4584 948 4646 Hauptius
972 4582 1080 4648 paeonio
1104 4597 1155 4632 nou
1177 4597 1234 4632 meo
1257 4598 1352 4634 oceano
1371 4582 1456 4633 ΑΒΜ

153 4653 258 4702 Pacuuii
283 4667 384 4701 omnem
408 4665 457 4701 non
483 4666 539 4701 meo
557 4665 657 4702 -oceauo
681 4665 707 4706 s.
740 4653 805 4702 ande
830 4655 895 4703 inter
912 4654 1018 4702 Pacuvii
1032 4651 1177 4715 srapmentu
1196 4668 1285 4703 ceraue
1301 4655 1399 4717 recepit
1415 4655 1451 4704 H.

152 4723 297 4786 saepiatur
312 4721 406 4785 srnpm.
425 4731 492 4786 poet.
511 4728 559 4772 oet.
578 4723 637 4771 Lat.
655 4737 682 4785 p.
701 4720 767 4778 eom
789 4723 928 4772 Macronis
945 4721 1053 4771 Atacini
1067 4721 1269 4786 etoroprapluae
1280 4730 1391 4786 proptu·
1408 4739 1454 4772 ar-

150 4793 262 4855 menti
280 4791 461 4840 statutudinem
479 4791 565 4841 tritam
580 4790 697 4855 Scotiper
714 4793 791 4840 coar.
810 4797 858 4841 oet.
873 4798 944 4855 poet.
964 4805 994 4854 p.
1013 4789 1081 4850 tto,
1113 4805 1183 4854 qoem
1204 4794 1286 4842 arcad
1308 4798 1367 4843 aaut
1382 4791 1453 4841 Bar-

152 4875 258 4909 monnus
273 4860 529 4923 ambol.hat.11p.
551 4859 602 4912 336
620 4869 645 4910 et
669 4858 861 4922 Wernadorllus
876 4867 945 4924 poet.
963 4861 1024 4911 Lac
1043 4860 1101 4909 auio.
1120 4857 1144 4907 V
1157 4874 1186 4923 p.
1208 4858 1285 4912 tado.
1315 4860 1452 4913 Οαωανίυσ
