3114 5356
541 311 668 373 lusnr.
692 310 799 373 nutu.
821 310 893 372 ΗΒ.
914 310 941 372 11
1324 312 1382 373 169

148 424 343 482 ...ιιι-ιιι).
1177 428 1329 483 penest.

96 510 188 563 teneo
216 508 314 560 tenes:
345 500 421 561 tertii
442 500 553 562 ordinis
575 510 618 560 est
642 497 756 560 verbum
782 499 864 562 cuius
889 498 1016 563 secunda
1040 518 1165 581 persona
1195 501 1294 578 peris
1317 521 1381 564 cor·
1438 485 1443 493 ’

96 610 215 685 reptem
240 600 427 676 terminatum,
452 611 485 663 nt
509 621 564 681 ago
587 602 661 681 agis:
696 602 787 681 quarti
810 600 920 663 ordinis
942 608 987 663 est
1008 600 1129 663 verbum
1149 599 1234 663 cuins
1252 605 1381 666 secunda

98 720 230 784 persona
249 701 401 781 productis
422 704 448 765 is
469 704 573 766 litteris
593 704 768 779 tenninatnr,
798 703 877 764 velut
893 702 993 764 munio
1015 703 1120 765 munis
1165 703 1263 783 itaque
1283 706 1382 768 omnia

99 804 191 866 verba
210 822 288 883 quae
310 805 440 868 eiusdem
464 807 573 869 ordinis
597 816 676 867 erunt
700 805 822 868 similem
846 804 933 867 etiam
958 805 1182 873 declinationem
1203 805 1325 880 babent,
1353 817 1382 870 et

70 907 168 999 rideo
188 907 261 968 satis
281 916 327 970 est
349 926 384 969 ex
406 927 521 987 quoqne
545 909 642 971 ordine
662 909 868 986 cuiuscumque
889 907 967 968 verbi
991 916 1048 969 tam
1071 905 1154 967 activi
1170 925 1258 986 quam
1273 910 1381 989 passivi

97 1010 326 1072 declinationem
359 1030 413 1091 per
445 1011 542 1071 omnia
574 1019 695 1092 tempora
725 1019 754 1072 ct
781 1009 885 1095 modos
914 1008 1037 1089 exempli
1069 1007 1161 1088 gratia
1191 1009 1381 1090 perscribere.

97 1131 169 1174 nam
189 1111 270 1173 modi
291 1112 446 1174 verborum
473 1111 533 1174 sive
561 1113 705 1191 ‹pualitttes
727 1120 795 1174 sunt
818 1112 962 1191 quinque,
987 1111 1220 1191 pronuntiativus
1243 1133 1295 1175 seu
1317 1114 1382 1176 nni·

98 1215 192 1287 tivus,
220 1214 425 1295 imperativus,
458 1216 615 1296 optativus,
648 1215 843 1279 subiunctivus
877 1234 930 1276 seu
961 1213 1179 1288 coniunctivus,
1213 1215 1380 1278 infinitivus.

95 1316 285 1380 declinantur
306 1324 403 1379 autem
423 1318 480 1380 boc
500 1317 594 1379 modo.
844 1398 851 1409 ι
1396 1321 1401 1332 “

59 1479 85 1521 t⁰
728 1452 753 1513 X

501 1574 657 1616 oecmvnno
677 1574 759 1616 v’nnnr
780 1574 891 1618 onnmrs
912 1573 988 1616 rnrin

186 1659 314 1720 Verbum
336 1659 476 1720 finitivum
498 1658 604 1721 ordinis
630 1657 712 1737 primi
736 1657 862 1719 activum
890 1652 937 1739 [et
961 1653 1127 1741 passivum]
1157 1659 1296 1739 temporis
1323 1656 1384 1739 ἰιιΙΙ-

97 1763 206 1825 stantis
234 1761 348 1822 muneri
369 1751 529 1840 'singidaris
558 1781 618 1822 amo
653 1780 732 1822 amas
765 1766 842 1819 amat
873 1768 902 1820 et
932 1759 1082 1841 pluraliter
1115 1779 1247 1822 maurus
1280 1760 1384 1822 amatis

98 1872 214 1940 amant,
242 1863 390 1945 praeteriti
412 1864 560 1943 inperfecti
581 1863 708 1924 amabam
730 1861 849 1922 amahus
870 1861 999 1936 amabat,
1029 1863 1150 1942 perfecti
1173 1862 1279 1934 amavi,
1303 1863 1384 1942 plus·

58 1991 85 2034 ra
99 1965 314 2049 quamperfecti
332 1984 508 2039 amaveram,
529 1965 612 2027 futuri
634 1964 745 2025 amabo.
790 1963 957 2044 imperativo
980 1965 1115 2026 instantis
1137 1983 1201 2024 ama
1223 1972 1313 2038 amet,
1338 1966 1384 2026 fu·

98 2071 158 2132 turi
178 2077 275 2130 amato
300 2076 329 2128 tn
352 2075 448 2128 aniate
463 2067 519 2128 ille.
561 2068 681 2147 optativo
699 2067 843 2127 tisefontis
864 2073 894 2127 et
912 2066 1060 2147 praeteriti
1078 2066 1229 2146 inperfecti
1252 2074 1285 2128 ut
1305 2085 1384 2128 ama·

99 2192 180 2244 rem,
204 2169 326 2252 perfecti
346 2177 377 2230 ut
397 2171 563 2244 amaverim,
582 2169 855 2250 plusquamperfecti
876 2176 908 2230 nt
925 2168 1106 2277 amavissv,
1129 2169 1217 2230 futuri
1232 2177 1263 2230 ut
1279 2188 1382 2231 amem.

97 2273 284 2335 sirbiunetiva
300 2270 434 2332 instantis
449 2289 513 2331 curn
528 2291 632 2344 ament,
648 2272 796 2352 praeteriti
813 2270 978 2350 inperfecti
994 2289 1060 2332 cuni
1076 2289 1219 2344 amarem,
1236 2272 1382 2351 praeteriti

97 2375 222 2458 perfecti
244 2393 311 2437 cum
334 2373 502 2448 amaverim,
523 2372 795 2454 plusquamperfecti
810 2393 876 2437 enm
892 2373 1078 2448 amavissem,
1105 2375 1194 2435 futuri
1217 2393 1283 2435 cum
1304 2392 1383 2436 ama·

53 2498 85 2537 m
98 2495 179 2537 vero.
200 2474 205 2557 Ι
225 2474 336 2536 infinita
352 2475 485 2537 instantis
500 2478 632 2558 temporis
648 2496 759 2551 autore,
775 2477 922 2557 praeteriti
937 2495 1068 2551 amasse,
1085 2475 1172 2538 futuri
1188 2484 1316 2537 amatum
1331 2476 1382 2547 ire,

96 2584 279 2640 amaturum
301 2595 377 2639 esse.
422 2579 567 2660 participia
589 2580 723 2641 instantis
747 2599 864 2654 arrrens,
894 2581 982 2641 futuri
1006 2589 1162 2642 amaturus.
1207 2577 1311 2659 supina
1338 2578 1383 2640 vel

96 2681 235 2743 adverbia
258 2680 373 2742 amandi
397 2681 514 2742 amando
540 2681 701 2743 amandino.
746 2681 860 2763 passiva
882 2681 1016 2743 instantis
1038 2681 1177 2762 temporis
1200 2700 1282 2742 amor
1304 2700 1384 2742 ama·
1462 2680 1465 2685 ’

95 2786 284 2852 risamatur
312 2781 460 2863 pluraliter
485 2803 612 2846 amamur
633 2785 767 2846 amamini
786 2764 934 2858 amariter,
957 2783 1071 2864 passiva
1093 2783 1245 2865 inperfecti
1266 2781 1385 2847 amabar

97 2884 246 2948 amaberis
268 2884 432 2958 amabatur,
468 2886 575 2966 passiva
600 2888 722 2968 perfecti
751 2896 864 2949 amatus
885 2906 951 2948 sum
977 2885 1041 2965 fui,
1074 2886 1187 2967 passiva
1216 2885 1384 2965 plusquam·

53 3013 84 3055 π
97 2988 224 3070 perfecti
249 2995 362 3048 amatus
384 3007 462 3049 eram
480 2970 616 3077 fuerunt,
647 2993 760 3072 passiva
790 2991 877 3052 futuri
904 2990 1032 3052 amabor.
1076 2988 1191 3068 passiva
1217 2984 1385 3067 imperativa

97 3090 238 3152 instantis
262 3109 359 3151 amare
381 3099 502 3164 ametur,
530 3094 616 3154 futuri
641 3103 754 3154 ornator
780 3090 925 3178 [unietur].
970 3092 1095 3172 optativa
1126 3089 1261 3152 instantis
1290 3097 1319 3149 et
1341 3089 1385 3149 in·

97 3190 223 3273 perfecti
246 3198 277 3253 ut
299 3210 426 3265 anrarer,
455 3193 571 3274 perfecti
593 3202 624 3255 ut
642 3203 765 3285 amatus.
778 3194 832 3255 sim
864 3190 928 3279 [et]
960 3193 1079 3264 fuerim,
1109 3191 1385 3272 plusquamperfeeti

97 3302 135 3354 nt
162 3303 275 3355 amatus
304 3312 399 3354 essem
426 3295 560 3371 fuissem,
594 3296 681 3358 futuri
711 3305 741 3357 nt
769 3316 858 3357 amer.
902 3294 1083 3356 snlviuoctiva
1108 3294 1243 3355 instantis
1271 3293 1386 3373 passiva

97 3415 169 3456 eum
192 3414 288 3469 amer,
308 3397 453 3474 praeteriti
472 3398 619 3477 inperfecti
641 3418 706 3460 cunr
727 3418 854 3470 amarer,
883 3396 1003 3479 perfecti
1025 3413 1091 3455 cum
1114 3404 1226 3457 amatus
1247 3395 1303 3457 siin
1324 3396 1386 3457 fue·

52 3530 82 3570 ³0
96 3499 171 3571 rim,
194 3493 207 3581 ΙΙ
229 3496 499 3578 plusquamperfect
526 3518 591 3561 cum
621 3510 733 3563 auratus
767 3521 862 3562 essem
890 3499 1025 3571 fuissem,
1062 3497 1151 3558 futuri
1179 3516 1245 3558 eum
1274 3506 1386 3560 amatus

96 3619 151 3661 ero
171 3601 262 3660 fuero.
311 3598 424 3679 passiva
448 3600 553 3661 infinita
575 3601 710 3663 instantis
731 3602 837 3674 amari,
854 3584 1011 3681 ¹praeteriti
1033 3608 1160 3661 amatum
1188 3617 1270 3673 esse,
1299 3601 1386 3660 futuri

98 3710 229 3762 amotum
252 3700 296 3761 iri.
335 3701 483 3783 participia
503 3703 649 3782 praeteriti
673 3705 780 3785 passivi
804 3711 932 3777 amatus,
960 3703 1048 3764 futuri
1076 3701 1226 3764 amandus.
1272 3702 1386 3782 passiva

97 3801 296 3882 inpersonalia
318 3811 443 3864 amatum
464 3814 566 3866 amatu.
612 3806 765 3887 appellatio
785 3806 906 3881 amatio;
934 3824 1041 3867 nomen
1064 3812 1191 3880 amator;
1219 3802 1386 3864 adverbium
1463 3844 1471 3861 .

98 3903 272 3965 amabiliter.

55 4031 84 4072 aa
186 4005 265 4084 Ergo
285 4007 313 4067 in
335 4007 429 4088 primo
452 4010 564 4083 ordine,
587 4011 626 4071 ita
648 4019 680 4072 ut
702 4013 884 4092 praedictum
906 4020 965 4085 est,
987 4010 1144 4072 secundam
1164 4018 1320 4088 personam
1333 4026 1387 4088 per

97 4126 132 4168 as
154 4107 325 4170 observabis
347 4111 473 4185 finitam,
494 4122 523 4174 nt
546 4132 611 4174 amo
629 4132 723 4188 amas,
743 4132 817 4192 quac
840 4132 855 4173 a
879 4113 974 4175 littera
989 4133 1042 4193 per
1059 4120 1147 4174 totam
1163 4109 1386 4171 declinationem

96 4209 192 4270 media
214 4209 375 4309 invenitur,
399 4215 484 4275 futuri
505 4217 628 4296 primam
650 4235 806 4298 personam
827 4235 880 4295 per
902 4215 956 4290 bo,
982 4222 1014 4276 ut
1034 4214 1152 4287 amabo,
1181 4211 1306 4291 optativa
1329 4229 1385 4283 em,

95 4312 281 4373 coniunctiva
304 4334 345 4375 ro.
388 4316 573 4396 imperativus
594 4318 699 4380 modus
724 4338 740 4379 a
764 4319 886 4380 litteram
909 4316 997 4378 habet
1024 4315 1171 4377 subtracta
1192 4336 1223 4385 s,
1250 4321 1283 4372 ut
1305 4329 1386 4384 ama;

95 4414 143 4476 rui
166 4416 290 4496 inpones
309 4435 340 4477 re
360 4417 470 4480 litteras
491 4429 517 4480 et
541 4421 629 4482 facies
651 4421 837 4493 infinitivum,
860 4430 890 4481 ut
913 4420 1037 4499 amares

151 4640 163 4689 l
183 4649 263 4690 utnon
281 4649 424 4706 correptum
442 4659 475 4692 on
494 4652 633 4708 correptum
646 4649 713 4693 esset
724 4641 840 4692 inNnon
850 4641 970 4706 adparuit
1000 4656 1007 4667 ·
1032 4634 1187 4689 deiusmodi
1201 4633 1297 4685 ordinis
1311 4632 1337 4682 N

94 4710 292 4773 neriusquen
346 4710 377 4761 tu
388 4714 536 4761 instantiset
547 4730 592 4765 our.
606 4714 631 4762 N
689 4711 962 4778 rennuentem
1015 4704 1239 4759 20inflnita-22
1251 4703 1385 4754 amandum

95 4799 141 4832 nno
154 4783 345 4833 loeoovmseoin
358 4783 539 4845 rnorpiueodd.
553 4784 579 4831 N
637 4785 667 4835 21
683 4779 989 4832 amaturumesseom.N
1042 4768 1298 4827 &adverbialiterfl
1352 4772 1386 4821 ²4

96 4854 134 4903 fni
153 4866 197 4899 om.
218 4850 243 4899 N
306 4853 339 4902 25
359 4852 454 4916 fperom
472 4868 516 4904 om.
538 4852 563 4900 N
622 4853 657 4906 39
675 4867 769 4906 amere.
792 4852 896 4918 explicit
912 4847 1046 4901 declinatio
1065 4845 1136 4894 uerbi
1152 4844 1228 4908 primi
1248 4841 1344 4893 ordinis
1362 4839 1388 4889 N
