3114 5356
134 347 198 389 xurv
689 324 896 386 PRAEFATIO

136 520 168 575 et
193 509 407 595 neglegenter
429 508 626 593 exprimeret
648 517 681 572 et
707 516 829 572 temore
848 509 1027 592 corrigeret
1048 505 1102 574 vel
1124 512 1306 574 correctum
1326 509 1368 574 ab

135 615 191 700 qui
219 620 316 677 antea
339 608 416 673 huic
449 611 496 672 rei
524 630 654 695 operam
683 609 842 673 dederant
867 607 1019 690 baberet,
1047 607 1221 673 admodum
1250 610 1384 676 diversa

134 715 251 802 priscis
288 709 531 796 exemplaribus
565 709 654 774 facta
681 718 730 774 111
767 711 926 798 principis
959 709 1112 774 editionis
1142 713 1317 800 scriptura.
1360 736 1387 778 es

135 825 250 902 postea
271 812 498 899 repetiverunt
518 811 715 899 quicumque
739 813 852 898 quinto
872 811 998 876 decimo
1012 811 1143 875 saeculo
1163 810 1251 877 hune
1272 836 1386 900 gramn

135 918 236 981 ticum
261 912 444 979 ediderunt.
489 933 595 998 neque
617 915 776 999 proximis
798 912 892 976 annis
916 913 1083 999 sequentis
1105 912 1244 997 saeculi,
1281 936 1385 1001 quam*

136 1039 234 1104 saepe
254 1013 432 1079 Diomedes
461 1011 568 1077 editus
598 1016 653 1096 sit,
680 1016 854 1102 quiequam
884 1013 972 1099 quod
999 1015 1129 1079 maioris
1153 1016 1318 1104 ,momenti
1347 1039 1382 1081 es

136 1126 295 1184 mutatum
318 1137 391 1181 esse
417 1115 541 1179 inveni.
585 1114 758 1200 magnifice
786 1112 826 1177 de
849 1135 949 1201 opera
972 1136 1032 1179 sua
1052 1115 1217 1202 pollicitus
1239 1125 1290 1182 est
1313 1116 1383 1183 Ioa

135 1241 206 1284 nes
227 1217 391 1300 Rivius,
414 1217 470 1304 qui
487 1214 591 1280 multa
609 1215 777 1302 praefatus
800 1214 840 1279 de
861 1215 1025 1280 mendosis
1042 1217 1294 1314 depravatisque
1313 1217 1383 1283 cudi

135 1325 197 1389 bus
216 1331 250 1386 et
263 1320 305 1384 de
319 1316 512 1383 difficillimo
535 1317 731 1382 emendandi
750 1314 858 1382 officio
880 1315 923 1380 ab
944 1319 1059 1382 amieis
1081 1319 1145 1382 sibi
1166 1319 1308 1407 inposito
1325 1319 1382 1385 Ver

136 1425 193 1488 tiis
210 1445 241 1486 a.
264 1423 341 1486 1511
358 1400 554 1482 Diomedem
570 1416 685 1481 edidit.
725 1415 783 1482 sed
800 1438 842 1480 ne
857 1418 885 1480 is
910 1418 1040 1503 quidem
1062 1421 1126 1484 nisi
1143 1423 1175 1485 in
1197 1422 1312 1508 paucis
1326 1421 1381 1507 iis<¹

138 1523 314 1590 levissimis
338 1520 436 1609 rebus
464 1519 671 1606 aptioribus
699 1518 858 1605 exemplis
886 1519 1038 1602 recessit,
1063 1520 1219 1608 pleraque
1250 1530 1360 1586 autem

137 1625 292 1713 repetivit
310 1630 347 1687 nt
365 1622 424 1686 vix
451 1620 561 1708 paullo
583 1620 768 1682 accuratius
788 1618 872 1683 lecta
898 1642 970 1684 esse
990 1622 1156 1709 adpareat.
1202 1622 1301 1687 simili
1324 1630 1378 1688 stu

138 1749 173 1791 se
202 1725 363 1790 continuit
384 1721 563 1786 Ioannes
595 1718 879 1784 Theodericus
907 1719 1179 1805 Bellovacus,
1211 1725 1304 1788 cuius
1333 1745 1378 1811 op

137 1826 301 1892 emendati
324 1823 547 1911 ‘grammatici
570 1822 715 1887 illustres
737 1820 928 1885 duodecim'
949 1821 1028 1886 editi
1050 1834 1125 1887 sunt
1150 1825 1184 1887 in
1207 1824 1341 1889 officina
1359 1826 1378 1888 l

138 1930 334 1994 censione
349 1926 487 1989 Parisiis
508 1946 538 1988 a.
565 1927 655 1987 1516.
703 1924 735 1985 in
757 1922 877 2009 quibus
898 1922 932 1986 in
952 1922 1114 1989 Diomede
1132 1926 1250 1991 menda
1272 1926 1377 2014 quaed

137 2033 281 2118 priorum
304 2027 545 2112 exemplorum,
578 2046 661 2112 qnae
682 2024 814 2110 quidem
842 2022 933 2087 facili
963 2025 1095 2109 negotio
1123 2027 1245 2113 corrigi
1270 2016 1376 2116 potera

137 2130 279 2212 sublata,
312 2150 417 2216 pauca
445 2129 542 2192 etiam
570 2126 722 2191 licentius
751 2127 911 2189 inmutata
942 2133 1026 2188 sunt.
1071 2147 1189 2191 novam
1207 2131 1375 2195 recension

137 2232 281 2297 instituit
322 2230 582 2294 Hermannus
623 2225 828 2290 Buschius
874 2226 1118 2313 Pasiphilus
1152 2228 1374 2297 Monasterien

137 2335 230 2400 cuius
260 2353 340 2396 usus
368 2323 439 2396 sum¹
465 2330 608 2395 editione
629 2330 747 2412 altera,
785 2350 868 2414 quae
896 2327 1050 2393 Coloniae
1079 2351 1108 2393 a.
1142 2334 1223 2397 1523
1251 2332 1340 2397 11111
1366 2355 1373 2395 1

136 2438 293 2522 priorem,
323 2454 406 2519 quae
434 2454 464 2495 a.
499 2432 578 2494 1516
606 2430 696 2493 11111
720 2451 800 2493 esse
816 2430 950 2512 dieitur,
979 2452 1043 2493 non
1067 2432 1148 2496 vidi.
1193 2454 1268 2497 nam
1296 2455 1371 2497 cum

136 2536 301 2624 prioribus
331 2531 572 2619 exemplaribus
601 2535 647 2596 ita
675 2529 833 2618 pleraque
855 2531 1034 2618 depravata
1061 2542 1171 2597 essent
1195 2542 1231 2598 11
1260 2531 1365 2598 multa

136 2638 249 2723 tellegi
270 2623 402 2702 omnino
415 2656 480 2698 non
497 2642 641 2718 possent,
662 2631 839 2714 Buschius,
858 2630 892 2695 id
912 2653 1014 2694 unum
1031 2645 1163 2699 secutus
1178 2645 1214 2699 ut
1233 2632 1301 2718 legi
1322 2633 1369 2698 ali

137 2739 233 2803 modo
256 2759 295 2801 ea
317 2756 401 2822 quae
423 2734 598 2798 1111111111
618 2741 768 2819 possent,
792 2731 932 2820 plurima
948 2753 1007 2797 suo
1028 2734 1188 2799 arbitratu
1207 2738 1354 2819 novavit,

136 2841 224 2902 iutus
246 2840 281 2901 in
304 2836 441 2900 Graecis
457 2836 613 2915 maxime,
635 2841 671 2896 ut
691 2832 819 2915 scribit,
842 2833 951 2897 studio
966 2833 1105 2900 Arnoldi
1126 2826 1344 2901 Vesaliensisss

137 2941 229 3002 inre
253 2946 376 3025 quanta
406 2937 540 3001 licentia
561 2957 640 2999 usus
663 2935 706 2998 sit
729 2957 771 2998 ex
804 2934 961 3020 hisquae
984 2935 1025 2999 de
1052 2936 1159 3001 studio
1183 2959 1242 3002 suo
1264 2936 1367 3026 praefi

137 3041 318 3105 existimari
339 3038 430 3120 licet,
462 3036 538 3101 ‘sed
568 3036 651 3100 adeo
674 3035 893 3124 deprauatum
917 3037 1065 3102 omnibus
1093 3060 1176 3126 pene
1197 3039 1278 3103 locis
1302 3038 1366 3103 offe

138 3149 175 3204 ut
194 3150 377 3227 susceptam
399 3140 432 3203 in
456 3161 493 3204 eo
515 3139 734 3224 prouinciam,
763 3159 827 3202 non
853 3139 954 3202 semel
973 3139 1139 3220 deserere,
1163 3148 1262 3226 atque
1284 3139 1365 3203 omit

138 3243 328 3328 cogitarem,
373 3243 493 3328 passim
512 3243 598 3304 enim
620 3261 686 3303 non
708 3238 798 3303 labes
816 3239 996 3326 quaedam,
1018 3250 1076 3303 aut
1091 3240 1228 3305 mendae
1244 3246 1365 3311 tantun

138 3342 305 3426 sidebant,
328 3342 386 3407 sed
404 3352 554 3429 portenta
570 3343 706 3428 potius,
725 3350 757 3403 ct
773 3351 932 3423 monstra,
959 3364 1018 3404 nec
1036 3362 1074 3404 ea
1089 3340 1220 3426 quidem
1237 3341 1363 3406 11111111

138 3442 330 3529 pungenda,
353 3443 411 3508 sed
434 3441 535 3507 solius
550 3443 693 3507 uindicis
716 3441 811 3506 claua
826 3442 979 3508 Herculis
1003 3442 1232 3528 repurganda,
1254 3451 1353 3528 atque

138 3543 266 3607 lenda’.
311 3545 353 3607 in¹
371 3543 485 3608 eadem
500 3546 556 3607 111
572 3544 685 3629 paucis
708 3546 803 3608 annis
827 3553 902 3631 post
921 3544 1064 3630 perstitit
1085 3544 1262 3608 Ioannes
1283 3542 1361 3608 Cae

135 3645 239 3724 rius,
265 3645 360 3708 cuius
384 3666 483 3730 opera
503 3652 667 3710 correctus
689 3653 805 3732 quater
832 3644 937 3709 editus
964 3655 1015 3709 est
1037 3644 1230 3727 Diomedes,
1252 3645 1360 3731 Hagar

138 3766 168 3807 a.
193 3746 292 3826 1526,
323 3744 478 3809 Coloniae
501 3768 531 3809 1.
558 3749 692 3812 l533et
716 3750 812 3828 1536,
840 3745 972 3832 Lipsiae
994 3768 1024 3809 a.
1056 3750 1146 3809 1541.
1191 3769 1252 3832 ego
1276 3769 1359 3832 usur⁴

138 3844 314 3909 editionem
336 3847 562 3912 (loloniensem
584 3849 734 3933 priorem.
780 3849 851 3934 pari
869 3855 976 3911 autem
999 3848 1136 3912 consilio
1150 3869 1228 3912 usus
1243 3857 1341 3936 atque

138 3967 213 4008 eum
234 3943 398 4011 Buschius
429 3970 495 4012 uon
522 3949 625 4013 solum
655 3969 739 4034 quae
760 3948 801 4012 ab
827 3949 883 4013 illo
905 3957 1026 4013 novata
1054 3957 1147 4013 erant
1167 3950 1305 4013 retinuit
1326 3971 1357 4013 11

138 4046 197 4111 111
226 4048 323 4110 etiam
352 4047 418 4110 alia
439 4071 523 4134 quae
552 4046 731 4112 intellectui
760 4049 889 4114 obstare
912 4050 1108 4114 videbantur
1137 4051 1290 4114 correxit.
1335 4072 1356 4136 q

137 4170 210 4212 cum
237 4148 308 4212 eius
348 4139 455 4213 studio
480 4150 544 4212 ism
577 4150 678 4213 multo
711 4149 842 4236 politior
861 4149 1007 4236 prodiret
1028 4152 1233 4237 grammatici
1263 4148 1355 4236 scrip

137 4260 174 4313 ut
196 4248 260 4335 legi
275 4258 373 4335 atque
389 4249 536 4335 intellegi
557 4249 665 4314 omnia
686 4250 783 4315 facile
805 4261 954 4340 possent,
977 4254 1094 4316 mirum
1117 4273 1183 4316 non
1203 4251 1354 4338 estquod

138 4372 238 4435 gnam
259 4348 346 4436 apud
367 4359 514 4435 posteros
531 4350 650 4414 famam
673 4351 848 4416 adsecutus
872 4361 937 4436 cst3
964 4355 1069 4439 magis
1090 4356 1206 4417 mirum
1223 4349 1324 4427 illud,
1347 4376 1353 4413 1

137 4460 250 4517 nostra
288 4452 446 4516 memoria
487 4453 635 4538 speciosa
671 4453 806 4516 inventa
838 4454 942 4518 doctis
985 4454 1170 4519 hominibus
1212 4454 1352 4538 inposuc:

138 4536 334 4641 quamquam
357 4574 438 4617 sano
468 4552 588 4616 iudicio
617 4574 695 4616 usus
718 4554 795 4618 olim
818 4555 859 4620 G.
886 4556 912 4618 l.
934 4554 1073 4620 Vossius
1097 4556 1137 4620 de
1162 4555 1237 4635 bist.
1260 4553 1335 4616 Lat.

138 4652 295 4718 audacem
329 4656 426 4718 nimis
452 4653 623 4717 Diomedis
650 4655 914 4740 interpolatorem
951 4679 1025 4720 eum
1050 4656 1183 4720 dixerit.
1228 4677 1304 4718 nam
1337 4677 1351 4719 1

139 4754 269 4838 scriptis
291 4753 383 4820 libris
396 4755 572 4821 Caesarius
596 4776 662 4818 non
680 4758 784 4840 magis
800 4779 897 4843 quam
919 4759 1091 4845 quisquam
1113 4759 1259 4842 priorum
1278 4779 1350 4822 usur

140 4852 315 4917 salutarem
334 4878 464 4944 operam
487 4856 620 4921 taudem
643 4855 797 4921 Diomedi
818 4858 929 4923 attulit
950 4858 1176 4925 Putschius
1199 4860 1257 4946 qui
1277 4881 1348 4924 com
