3114 5356
138 278 200 340 340
697 273 881 335 ulutlEttls

138 391 439 528 sivieffeciiniitionis
456 469 687 541 usurpaverunt,
716 469 751 522 ut
773 459 886 522 Tullius
908 458 938 519 in
965 457 1089 537 dialogis
1113 460 1151 520 de
1178 478 1213 521 re
1241 459 1364 541 publica
1387 461 1436 522 ni·

138 567 225 641 tito,
248 582 315 627 cum
335 563 414 624 nitor
434 561 472 623 sit
495 560 601 642 positio
625 560 712 622 verbi.

645 766 683 808 llll
704 765 837 808 tim'l'll't)
857 764 935 807 nouo

224 868 363 947 Sequitur
382 866 528 946 optativus
545 867 667 941 modus,
700 884 788 944 quem
810 871 873 924 tum
895 862 1014 946 demum
1033 884 1227 946 usurpamus,
1256 886 1326 930 cum
1348 867 1434 949 preci-

137 972 194 1033 lrus
212 967 397 1050 exposcimus
418 987 434 1028 a
453 967 515 1042 dis3
544 967 621 1028 unde
643 967 680 1028 ab
700 966 829 1046 optando
848 964 994 1044 optativus
1013 965 1108 1027 dictus
1127 974 1182 1027 est.
1229 976 1302 1031 sunt
1320 971 1370 1049 quii
1390 989 1451 1033 ens

116 1072 260 1143 ,cludunt
289 1088 325 1130 er
351 1070 409 1129 lroc
434 1067 522 1128 modo
550 1087 692 1148 praesens
719 1075 847 1146 tempus.
891 1085 1016 1129 necesse
1043 1075 1089 1130 est
1110 1069 1189 1130 enim
1213 1071 1349 1134 omnium
1370 1090 1433 1133 coe

138 1192 228 1235 sensu
249 1170 279 1231 in
302 1172 432 1232 laturum
455 1180 599 1249 optemus.
644 1188 703 1228 non
731 1166 803 1228 nulli
826 1186 895 1229 vero
917 1168 1087 1243 admittunt,
1112 1169 1191 1248 quod
1215 1171 1306 1234 nimis
1328 1158 1433 1234 ridetm

137 1271 312 1345 absurdum,
341 1272 479 1349 quoniam
503 1289 589 1339 nemo
610 1276 692 1348 optat
712 1266 788 1346 quod
811 1267 913 1343 habet,
939 1269 992 1330 scd
1012 1277 1045 1331 ut
1066 1271 1181 1332 habeat.
1227 1273 1388 1336 identidem
1406 1275 1432 1336 lri

138 1375 188 1454 qui
210 1373 366 1434 admittunt
386 1372 415 1432 in
435 1360 604 1449 ambiguum
624 1367 737 1428 ducunt
758 1378 874 1450 tempus
895 1371 1039 1446 mmmm,
1067 1371 1114 1432 cui
1142 1371 1238 1433 simile
1260 1375 1375 1437 faciunt
1393 1377 1432 1438 in-

138 1483 221 1536 stans
243 1468 384 1551 dillcendo
406 1471 517 1531 utinam
539 1472 634 1547 legam
657 1469 768 1529 utinam
796 1470 916 1545 faciam,
944 1490 999 1550 pro
1027 1470 1147 1532 instanti
1175 1481 1205 1534 et
1233 1476 1334 1538 lutum
1361 1476 1458 1539 idacio

137 1579 330 1652 usurpantes,
354 1590 409 1631 nec
430 1571 597 1650 respiciunt
612 1579 752 1647 quantum
774 1571 931 1632 discrimen
951 1572 990 1632 sit
1010 1572 1087 1632 inter
1100 1573 1174 1634 haec
1189 1582 1341 1656 tempora,
1363 1596 1430 1658 quae

139 1673 323 1739 uniformiter
344 1691 432 1752 prave
454 1671 609 1734 declinant.
645 1671 764 1732 denen
785 1674 878 1748 enim,
905 1692 972 1733 cum
991 1673 1050 1735 sint
1069 1674 1146 1735 inter
1166 1695 1199 1735 se
1219 1676 1309 1756 longe
1328 1680 1430 1743 disere

136 1775 235 1857 pautia
258 1793 362 1848 sensu,
388 1772 582 1833 declinatione
604 1792 720 1853 quoque
740 1772 905 1835 dissentire.
950 1774 1058 1835 rectius
1087 1794 1157 1853 ergo
1180 1776 1230 1837 alii
1249 1780 1363 1855 iecere,
1387 1782 1430 1860 qui

136 1877 174 1939 ob
194 1875 411 1954 ambiguitatem
432 1874 595 1953 inperfecto
615 1876 701 1937 etiarn
727 1875 840 1935 instans
861 1874 1031 1950 iunxerunt,
1059 1885 1092 1938 ut
1115 1877 1153 1938 sit
1174 1878 1253 1939 idem
1271 1881 1386 1944 instans
1405 1892 1430 1943 et

136 1980 345 2059 inperfectum,
368 1984 401 2037 ut
422 1975 533 2035 utinam
554 1977 690 2038 lacerem.
735 1976 864 2037 exoritur
884 1977 954 2036 item
976 1975 1067 2037 altera
1089 1978 1236 2055 qtraestio‚
1268 2000 1328 2060 quo
1349 1992 1457 2064 pactos

137 2081 293 2162 praeterita
322 2088 453 2158 tempora
477 2079 653 2139 inserantur.
698 2077 747 2156 qui
776 2078 855 2137 enirn
879 2085 978 2158 potest
1002 2077 1156 2156 quisquam
1185 2080 1215 2141 in
1246 2086 1429 2162 praeteritum

137 2180 260 2262 optars‘.l
302 2181 355 2242 sed
383 2181 455 2241 haec
477 2180 609 2258 quaestio
630 2198 690 2239 non
717 2178 844 2239 absurda
867 2177 995 2252 videtur,
1024 2179 1169 2240 adseritur
1197 2190 1295 2245 tamen
1322 2188 1430 2248 ratione

137 2284 258 2355 idonea,¹
294 2290 325 2343 ut
345 2301 405 2342 non
425 2281 560 2341 inmerito
588 2281 696 2349 inserta
723 2281 797 2341 haec
824 2288 956 2359 tempora
982 2279 1140 2340 videantur.
1186 2301 1331 2367 persaepe
1358 2288 1428 2348 enim

137 2392 273 2462 optamus
303 2402 362 2443 non
388 2383 476 2443 modo
503 2389 534 2441 ut
561 2380 721 2442 habeamus
746 2380 823 2459 quod
851 2381 985 2459 cupimus
1017 2400 1117 2442 rerum
1146 2383 1233 2445 etiam
1266 2387 1429 2450 incusantes

138 2487 246 2547 lactum
266 2486 302 2545 de
325 2483 513 2562 quibusdam,
537 2499 612 2559 quae
632 2482 768 2560 quoniam
789 2501 849 2543 non
872 2480 1076 2556 habuerimus,
1098 2482 1129 2542 in
1151 2493 1305 2564 posterum
1326 2488 1457 2549 haberes

138 2603 196 2645 non
218 2603 376 2665 possumus
399 2583 632 2661 caecidimus,
664 2583 748 2661 quasi
769 2584 879 2643 utinam
904 2572 1088 2663 scripsissem
1110 2592 1141 2644 ut
1163 2588 1355 2665 proficerem,
1378 2592 1429 2652 uti·

137 2706 205 2747 narn
223 2687 369 2747 venissem
391 2693 423 2745 ut
445 2685 574 2746 audirem
597 2685 685 2756 llaec,
705 2692 735 2743 et
756 2684 803 2745 nis
825 2683 936 2745 similia.

621 2890 658 2932 ΠΕ
679 2890 857 2932 Si'Bli'NC'l'li'O
879 2889 956 2930 MODO

226 2967 431 3047 Subiunctiius
454 2989 513 3047 sire
536 2988 718 3050 adiunctivus
742 2990 806 3050 ideo
834 2990 944 3061 dietuS,
976 2989 1054 3066 quod
1076 3008 1130 3067 per
1154 3009 1185 3049 se
1209 3010 1268 3052 non
1293 2996 1431 3074 exprimat

43 3080 48 3090 ’
139 3106 273 3159 sensum,
298 3087 353 3146 nisi
373 3087 493 3174 insuper
515 3089 588 3149 alius
609 3090 733 3151 addatur
755 3110 852 3152 sorrno
875 3110 932 3168 quo
956 3092 1091 3169 superior
1111 3094 1237 3171 patefiat.
1285 3095 1430 3173 subiungit
1440 3114 1459 3151 n

139 3188 215 3249 eninr
239 3188 293 3248 sini
322 3189 366 3248 vel
393 3189 580 3268 subiungitur
604 3193 771 3252 necessario
797 3192 844 3252 alii
872 3192 1000 3252 sennoni
1027 3193 1084 3252 hoc
1111 3193 1215 3266 modo,
1242 3214 1310 3254 cum
1335 3194 1430 3256 dixero

136 3290 254 3362 addim,
283 3309 348 3350 cum
371 3292 468 3352 lecero
491 3293 633 3372 aspicies,
666 3302 695 3354 et
717 3293 836 3367 similia;
873 3292 950 3370 quod
973 3294 1003 3353 in
1029 3292 1221 3353 declinatione
1244 3296 1353 3358 linitiva
1375 3316 1430 3358 non

136 3390 333 3452 desideratur:
356 3402 385 3453 et
403 3394 474 3454 nihil
495 3395 592 3455 differt
621 3397 657 3455 ab
682 3396 809 3475 optativa
836 3393 893 3454 nisi
913 3401 1044 3473 tempore
1068 3403 1178 3455 tantum
1202 3397 1310 3457 luturo.
1356 3408 1385 3459 et
1404 3399 1430 3458 iu

136 3493 191 3553 hac
213 3492 395 3555 subiunctiva
417 3514 538 3556 nunrcro
561 3496 666 3577 plurali
692 3496 867 3557 uniformem
896 3495 1119 3557 declinationem
1147 3498 1269 3577 perlecti
1293 3508 1323 3559 et
1345 3498 1431 3560 luturi

136 3595 276 3675 temporis
304 3605 443 3657 accentus
472 3596 631 3676 distinguit
685 3598 849 3676 perlectum
876 3597 953 3656 enim
981 3605 1067 3657 acuto
1100 3607 1224 3659 accentu
1259 3600 1461 3671 declinamus

134 3698 264 3757 futurum
292 3697 545 3771 circumflectitur,
579 3699 662 3776 quasi
689 3700 820 3777 perlecto
850 3715 915 3757 curn
944 3697 1118 3772 diseamus,
1150 3699 1218 3760 item
1245 3703 1345 3762 luturo
1367 3720 1431 3763 eum

136 3798 302 3859 dixerimus.

509 3901 546 3941 ns
566 3900 713 3941 numnius
734 3902 794 3943 sna
816 3903 958 3944 rsnrsrvo
980 3903 1058 3945 uono

220 3997 398 4072 minutivae,
424 4000 474 4078 qui
497 3966 530 4060 cl
547 4009 707 4079 perpetuus
727 4002 857 4062 numeris
877 4011 906 4062 et
929 4004 1082 4082 personis,
1111 4002 1176 4063 ideo
1198 4003 1295 4065 uetus
1316 4003 1432 4065 infiniti-

135 4120 188 4162 vus
216 4119 250 4159 ex
278 4119 328 4174 eo,
356 4102 434 4178 quood
463 4120 565 4181 pamm
587 4101 721 4161 definitas
744 4101 832 4162 habet
850 4123 992 4182 personas
1014 4111 1043 4164 et
1064 4124 1212 4166 numeros.
1258 4106 1336 4165 idern
1355 4105 1461 4165 enims

136 4221 232 4263 sermo
259 4201 295 4260 de
324 4200 418 4260 tribus
439 4201 574 4279 personis
602 4210 631 4262 et
661 4202 775 4264 duobus
798 4203 927 4264 numeris
950 4215 1123 4284 usurpatur,
1153 4215 1184 4266 ut
1211 4225 1279 4265 curn
1308 4207 1431 4268 dicimus

136 4304 232 4363 lacere
251 4321 305 4381 ego
327 4310 357 4363 tu
380 4302 427 4361 ille
448 4301 513 4361 volo
536 4309 565 4362 et
587 4290 736 4379 volumus3
764 4305 841 4365 unde
863 4305 1112 4383 inpersonativum
1132 4307 1211 4366 hunc
1233 4324 1351 4385 quoque
1374 4326 1431 4367 non

137 4402 207 4465 nulli
234 4416 263 4463 et
282 4403 536 4481 insignificativum
557 4404 706 4480 diamant,
734 4407 872 4484 quioniam
893 4427 997 4486 pamm
1020 4408 1069 4470 tali
1088 4428 1223 4470 sermone
1245 4408 1362 4470 delinita
1387 4416 1430 4468 est

187 4557 199 4605 l
221 4559 350 4623 repuplica
371 4559 404 4606 ,ll
472 4557 488 4607 3
506 4573 537 4606 ns
557 4573 625 4607 uono
642 4572 766 4610 orrarreo
780 4562 865 4611 Anu
931 4564 947 4612 4
967 4563 1057 4612 modus
1076 4562 1205 4626 optatiuus
1217 4562 1278 4612 Bi!
1344 4562 1432 4612 dadis

136 4625 168 4675 M
184 4627 249 4676 odiis
268 4629 293 4677 B
312 4627 385 4676 addis
405 4627 429 4675 A
499 4627 515 4677 9
534 4629 574 4676 eui
592 4629 642 4678 AB
660 4645 716 4678 cum
736 4630 769 4678 M
843 4631 875 4680 10
893 4647 939 4697 pro
957 4632 1060 4682 instanti
1079 4639 1103 4678 et
1120 4631 1234 4688 rumice
1254 4647 1299 4695 pro
1318 4632 1432 4680 instantis

133 4702 158 4742 et
174 4692 251 4743 l‘uturi
273 4696 358 4746 Aaou
428 4696 461 4745 15
479 4695 538 4745 item
557 4697 607 4747 alte
626 4699 704 4748 surda
722 4699 824 4748 uidetur
842 4701 910 4764 (rell.
930 4700 990 4763 om.)
1010 4699 1041 4748 M
1119 4699 1150 4749 16
1169 4703 1314 4750 inserantur
1333 4715 1350 4755 ς
1366 4702 1432 4748 inse-

133 4771 224 4810 runtur
241 4764 291 4812 AB
360 4763 395 4814 35
413 4763 535 4814 dilllnitas
553 4767 579 4815 B
649 4777 673 4817 et
692 4783 811 4819 numeros
830 4784 847 4826 ς
866 4779 890 4818 et
908 4784 1041 4819 numerum
1052 4769 1139 4818 ΑΒΜ
1206 4769 1241 4820 38
1258 4768 1369 4818 diffinita
1383 4767 1432 4817 AB
