3114 5356
194 305 255 368 194
757 303 920 367 cflaulstl

190 421 369 575 magisni'gi'
383 419 434 554 ¹‘cui
464 492 558 554 danda
586 489 704 571 quidem
729 501 791 568 est,
823 492 877 553 aed
902 500 999 553 tamen
1023 492 1119 554 cautio
1147 433 1296 572 inpunitais
1310 420 1491 569 rpipprpndi'

191 595 353 659 differentia
372 593 509 656 morabor
529 593 644 673 ingenia
662 593 870 674 loquellarum,
899 594 977 673 quod
1005 594 1078 656 adeo
1107 594 1204 656 iudico
1231 594 1412 658 moderatius
1441 616 1492 659 ex·

191 699 391 779 sequendum,
424 705 458 759 ut
484 696 626 777 exemplis
650 695 727 757 idem
753 696 832 759 istud
855 695 1000 775 bonorum
1030 695 1069 757 sit
1100 694 1185 757 nobis
1214 696 1287 758 ratio
1320 697 1489 778 subrogata.

191 802 335 890 delinique
358 800 482 864 Sisenna
502 798 677 860 blilesiamm
703 798 778 861 libro
807 797 889 873 lllll,
922 796 1000 860 velut
1029 797 1126 860 sciens
1154 797 1288 877 regulae,
1323 798 1393 878 quia
1416 799 1489 861 solis

193 903 380 985 qualitatibus
402 912 432 964 et
452 900 662 981 quantitatibus
683 920 702 961 o
720 899 815 962 littera
837 898 1036 973 clauderetur,
1059 899 1098 961 ita
1113 900 1249 981 protulit,
1272 899 1367 961 ‘nisi
1387 918 1518 964 com-e

111 1020 116 1026 '
191 1006 323 1068 minus·
347 1002 573 1077 excidisset,
612 1002 743 1082 quanti
776 1000 930 1064 dantur?
967 1001 1081 1078 tanti,
1112 1001 1236 1080 inquit
1272 1000 1489 1083 Olumpias3

193 1106 303 1170 simul
325 1107 394 1168 boc
415 1104 544 1166 dicens
567 1101 736 1188 suavium
758 1101 896 1181 dedit'3
921 1111 953 1165 ut
968 1104 1080 1165 sedicet
1095 1103 1270 1165 subsonaret
1285 1103 1385 1182 quanti
1401 1104 1488 1184 preti.

194 1209 309 1271 tametsi
329 1227 396 1269 mox
413 1206 492 1268 idem
514 1204 644 1287 ‘proin
672 1203 756 1265 dato
785 1204 930 1284 aliquid
958 1204 1055 1283 quod
1076 1204 1171 1266 domi
1192 1204 1371 1266 babebis'
1393 1205 1490 1284 inquit

194 1311 310 1391 ‘quod
340 1309 410 1371 tibi
443 1327 515 1369 non
545 1324 675 1391 magno
707 1305 852 1367 stabit’.
902 1313 933 1366 et
967 1313 1063 1369 tamen
1091 1307 1202 1387 passim
1232 1307 1330 1385 magni
1361 1315 1391 1369 te
1420 1306 1490 1369 lacit

194 1412 320 1474 dicimus
347 1408 499 1484 etmulti,
532 1416 562 1470 et
595 1407 661 1487 quia
690 1425 902 1489 saepenumero
928 1408 1105 1470 contendere
1128 1427 1145 1469 a
1172 1407 1258 1470 nobis
1285 1427 1346 1470 non
1378 1409 1489 1471 desini·
1503 1433 1528 1474 n

194 1515 250 1591 tis,
272 1514 342 1575 licet
361 1509 493 1574 Statilius
511 1508 652 1571 Maximus
673 1508 709 1570 de
727 1509 924 1589 singularibus
947 1509 1024 1590 apud
1045 1510 1216 1572 Ciceronem
1243 1528 1360 1591 quoque
1383 1511 1489 1592 positia

195 1633 407 1699 saepenumero
429 1619 525 1687 notet,
550 1609 630 1672 utin
653 1611 758 1672 ceteris
780 1630 817 1672 an
841 1611 914 1674 ratio
935 1619 1032 1674 teneat
1054 1630 1188 1687 examen,
1218 1630 1272 1693 per
1291 1611 1410 1674 easdem
1429 1614 1489 1675 vias

195 1716 404 1800 pedetemptim
426 1713 525 1775 subire
550 1712 735 1787 conabimur,
759 1713 863 1793 quidve
890 1715 928 1776 sit
956 1732 1022 1808 cum
1045 1712 1148 1776 olllciis
1174 1723 1272 1776 rectae
1299 1716 1490 1778 constitutae-

196 1837 254 1900 que
269 1817 391 1880 ratienin
411 1816 516 1896 quidve
536 1814 671 1876 licentius
691 1814 839 1896 proditum
860 1816 1051 1896 requiramus
1096 1825 1124 1877 et
1145 1817 1227 1899 prius
1255 1816 1326 1878 illud
1354 1836 1490 1897 praever-

195 1922 277 1984 bium
300 1940 337 1982 an
359 1918 527 1981 adverbium
549 1916 606 1978 dici
631 1916 736 1980 debeat
760 1917 953 1999 disputemus.
997 1916 1155 1980 Suetonius
1175 1916 1282 1979 etenim
1301 1918 1489 1999 Tranquillus
1504 1938 1527 1980 n

197 2022 399 2106 praeverbium
420 2029 503 2103 putat
524 2019 581 2081 dici
602 2019 725 2096 debere,
752 2020 832 2100 quod
849 2028 932 2095 ante,
958 2020 1002 2081 vel
1029 2019 1210 2095 adverbium,
1240 2020 1316 2099 quod
1337 2029 1406 2102 post
1427 2040 1492 2083 ver·

197 2127 284 2201 bum,
310 2123 533 2207 appellationem
561 2121 647 2184 etiam
674 2140 840 2202 nomenque
860 2130 995 2202 ponatur.
1040 2123 1092 2184 sed
1119 2129 1151 2182 ut
1173 2121 1297 2184 lacilitas
1325 2122 1491 2202 legentibus

197 2228 274 2291 adsit
291 2248 350 2289 uon
372 2227 527 2306 requisitu,
552 2224 666 2306 placeat
694 2243 753 2286 non
777 2243 832 2306 por
857 2242 978 2304 sapores
1004 2224 1212 2305 specimenque
1237 2225 1328 2305 partis
1354 2226 1441 2288 istius
1462 2233 1493 2287 et

198 2338 367 2393 enumerata
394 2328 525 2391 membra
549 2326 672 2406 regulis*
687 2325 806 2405 alligata·
828 2327 879 2387 sed
907 2327 950 2388 ire
977 2346 1030 2407 pcr
1050 2327 1161 2389 litteras
1182 2325 1321 2402 maxime,
1352 2344 1420 2389 cum
1441 2325 1494 2388 ad·

197 2433 328 2495 verbium
356 2431 463 2506 Stoici,
495 2437 527 2492 ut
557 2429 628 2490 alias
655 2427 796 2503 diximus,
826 2428 989 2509 pandecten
1016 2436 1129 2490 vocent
1180 2447 1248 2490 nam
1274 2428 1372 2502 omnia
1397 2428 1430 2489 in
1459 2447 1532 2492 scae

199 2535 277 2617 capit
296 2535 380 2613 quasi
403 2531 508 2594 collata
529 2547 582 2609 per
603 2536 731 2590 saturam
753 2531 967 2692 concessqsibi
987 2548 1086 2592 rerum
1107 2528 1185 2590 varia
1207 2536 1360 2609 potestate.

283 2633 374 2694 Aliter
395 2651 449 2712 pro
471 2630 541 2691 alias
560 2626 715 2690 Sallustius
743 2629 864 2692 historia
913 2677 921 2705 ,
950 2633 1125 2694 ‘sanctus
1150 2631 1244 2703 alias
1270 2638 1307 2693 et
1336 2629 1493 2711 ingenie

198 2732 373 2807 validus',
402 2732 473 2794 item
500 2731 529 2792 in
559 2729 660 2790 eadem
692 2729 882 2793 ‘insanum
913 2731 1024 2794 aliter
1056 2753 1122 2795 sua
1160 2730 1349 2797 sententia
1379 2741 1494 2814 atque

200 2835 357 2901 aliarum
379 2833 592 2894 mulierum’
616 2827 660 2914 al
834 2844 837 2849 ’
1262 2886 1263 2891 ,

285 2938 420 2997 detritum
443 2952 503 3015 pro
522 2934 579 2995 cito
600 2932 680 2995 blare
703 2932 795 3008 vlttl,
1506 2953 1533 2995 ῃ

758 3044 834 3098 tum
856 3045 982 3099 cetera
1003 3039 1165 3100 reddent

364 3145 528 3201 actutum
553 3137 636 3219 pius
657 3140 799 3201 Aeneas
822 3148 932 3221 atquc
953 3143 1105 3221 integer
1126 3141 1206 3206 aevi

364 3241 558 3303 Ascanius.

286 3341 365 3404 Alias
386 3362 439 3423 pro
462 3342 546 3404 aliter
567 3343 720 3406 Terentius
741 3345 771 3406 in
793 3344 915 3421 Andria,
959 3398 965 3407 .

365 3444 453 3523 quid
472 3444 567 3507 alias
588 3444 712 3507 malim
733 3464 836 3526 quam
858 3448 970 3511 hodie
991 3451 1087 3512 istas
1107 3448 1195 3509 lieri
1218 3449 1392 3528 nuptias?
1507 3475 1533 3516 eo

201 3547 252 3611 ubi
276 3546 317 3607 Fl.
340 3548 435 3628 Caper
461 3547 497 3608 de
521 3547 786 3611 Latinitate‘non
813 3549 907 3611 ausim
940 3551 1093 3613 adsumere
1119 3571 1172 3631 pro
1203 3551 1287 3611 aliter
1313 3551 1379 3612 dici.
1425 3573 1492 3613 narn

201 3668 296 3730 neque
317 3668 479 3731 pronomen
502 3657 548 3710 est
568 3668 664 3728 neque
687 3652 854 3715 adverbium
878 3653 1046 3735 temporis'.
1090 3653 1142 3715 sed
1169 3654 1333 3734 proximum
1358 3670 1426 3712 vero
1449 3663 1495 3714 est

202 3761 235 3814 ut
255 3773 309 3834 pro
330 3753 415 3814 aliter
437 3752 546 3813 dictum
569 3771 635 3814 esse
657 3755 808 3818 fateamur.
1409 3758 1415 3765 '

256 3983 268 4032 l
277 3982 391 4046 sortasse
402 3981 541 4047 inpunitas,
550 3981 595 4031 aed
606 3990 689 4032 tamen
699 3986 783 4035 cautio
792 3985 933 4035 disserendi
1003 3986 1020 4036 b
1036 3987 1149 4051 sortasse
1160 3985 1208 4036 nisi
1226 3988 1368 4039 comminus
1382 3990 1491 4055 excipis.

204 4059 244 4102 set
257 4053 344 4114 quanti
416 4051 448 4101 ta
461 4060 518 4101 ante
530 4053 594 4101 ratio
605 4053 704 4103 tenebat
713 4057 818 4106 coniecit
826 4054 954 4105 launna.
962 4070 993 4115 e.,
1002 4071 1059 4106 cum
1070 4053 1111 4115 ari,
1122 4070 1170 4106 nun
1182 4071 1213 4106 au
1226 4059 1251 4106 in
1262 4060 1347 4110 codice
1359 4075 1416 4111 esee
1424 4061 1494 4125 sulse

201 4121 348 4172 adnotaaaet
365 4121 563 4172 burmannus:
581 4122 684 4185 antiqua
701 4125 765 4174 ratio
786 4133 869 4175 teneat
886 4126 942 4189 ipae
958 4126 1144 4177 Lindemanaaa
1213 4126 1244 4178 17
1257 4128 1493 4194 αρρεΙΙιιιίοΪαῠνί-

201 4193 254 4242 ciue
339 4190 374 4240 20
396 4190 467 4240 dim:
485 4191 625 4254 pandecten
642 4203 734 4243 nocent
757 4195 794 4256 N,
823 4195 867 4247 abi
886 4198 912 4246 in
933 4212 1012 4262 raurq.
1036 4197 1190 4260 adscriptum
1216 4205 1254 4248 eat
1278 4200 1416 4263 pandectes
1439 4201 1492 4263 esti.

201 4260 289 4311 omnia
303 4260 328 4309 ln
347 4275 375 4308 se
392 4261 460 4326 capit
545 4262 580 4312 ‘22
598 4260 669 4313 Com.
689 4264 740 4314 alia
759 4266 881 4316 adverbia
896 4267 929 4316 ab
947 4267 1042 4317 eisdem
1062 4267 1152 4318 litteris
1169 4267 1315 4333 incipientia
1333 4271 1493 4345 qlonreravit,

201 4330 277 4381 sicuti
295 4338 354 4379 sunt
373 4329 447 4380 aliter
463 4345 509 4395 pro
526 4331 605 4393 alias,
628 4331 693 4383 alias
716 4350 763 4400 pcc
779 4335 867 4397 aliter,
887 4344 998 4387 actutum
1016 4352 1062 4401 pro
1078 4338 1143 4397 cito,
1167 4336 1260 4388 abhinc
1285 4348 1411 4403 excerpta
1428 4339 1495 4390 Ber-

200 4401 303 4463 neast'a,
329 4415 394 4464 quae
411 4399 486 4462 fidem
505 4400 605 4465 sudant
625 4403 714 4454 iactum
737 4404 866 4456 amborum
882 4406 992 4458 ordinent
1015 4407 1161 4472 interposito
1176 4408 1297 4459 adverbio
1313 4418 1426 4460 actutum
1444 4426 1496 4460 etna

139 4510 147 4527 ,
201 4485 247 4521 rao
263 4470 377 4532 exemplo
391 4468 516 4519 turbatum
533 4487 588 4521 ease
605 4473 631 4520 in
649 4472 675 4522 N
756 4475 982 4527 salustiusbieter.
1002 4477 1054 4527 ΙΝ
1131 4487 1234 4529 sanctus
1256 4477 1330 4528 aliter
1354 4497 1384 4529 ω.
1415 4480 1496 4530 Sallu-

201 4541 267 4590 stins
290 4547 393 4591 sanctus
416 4539 467 4590 alia
487 4539 592 4592 Seruius
614 4543 640 4590 in
661 4544 740 4609 Verp.
760 4544 824 4596 Aen.
849 4547 883 4601 lll
904 4546 956 4597 594
1041 4547 1077 4596 24
1101 4551 1295 4609 nauspoatttone
1314 4551 1441 4600 titulorum
1464 4550 1495 4600 de

201 4625 252 4677 qen
268 4609 327 4662 dixi
339 4610 434 4674 sedwa
451 4611 622 4661 emendetur
640 4620 668 4662 ut
684 4615 709 4662 in
731 4615 813 4666 attero
829 4614 943 4666 Sallustii
961 4617 1104 4682 frequento
1126 4618 1249 4681 quaedam
1262 4620 1389 4682 perirent.
1421 4622 1495 4671 inter·

198 4683 342 4743 pretatione
358 4694 469 4730 maneum
483 4683 619 4731 orationem
632 4682 763 4734 sublevare
780 4685 876 4737 studuit
892 4685 1008 4737 Kritziua
1025 4686 1090 4737 Satt.
1109 4684 1196 4738 litator.
1212 4688 1306 4754 [repen.
1319 4704 1346 4752 p.
1359 4688 1393 4740 34
1462 4688 1495 4742 ‘25

202 4765 248 4814 pre
266 4765 311 4800 ora.
328 4749 353 4798 lt
421 4749 456 4801 26
471 4749 535 4799 Tum
551 4759 621 4801 etern
640 4752 679 4802 N:
701 4755 779 4819 Verp.
795 4755 858 4808 Aen.
879 4756 949 4805 Vlill
967 4756 1017 4806 aba
1087 4754 1121 4805 20
1140 4757 1164 4803 in
1186 4757 1294 4824 Andria]
1315 4760 1346 4808 ill
1365 4760 1392 4825 2,
1410 4759 1447 4812 49

202 4818 234 4870 cl
255 4819 292 4868 ΡΙ.
312 4820 431 4884 cepero
450 4819 484 4883 pl.
504 4834 581 4884 caper
598 4820 624 4870 Ν
