3114 5356
185 290 244 356 118
750 291 912 356 CllAlllSll

184 405 487 559 amazone-caper
516 477 626 540 Allecto
656 484 848 558 monoptoton
880 497 947 540 esse
980 476 1123 539 Valerium
1153 421 1295 540 Probunl'
1309 408 1427 561 llutlllcL
1442 484 1482 545 ait

189 581 281 667 [hanc
302 575 440 662 Allectol.
785 652 791 664 ,

269 682 466 763 Antiphonem
486 680 657 758 Terentius,
676 682 754 763 quod
777 683 894 763 quidem
914 687 1013 744 rectae
1033 681 1154 744 rationis
1173 690 1234 756 est,
1299 697 1302 703 ·

350 784 447 865 apud
467 781 717 864 Antiphonem
736 792 895 866 uterque
915 792 1035 846 mater
1055 791 1092 845 et
1112 774 1235 864 pater,

119 865 124 886 ι
185 895 218 951 ut
242 887 336 951 lconis
364 885 516 962 draconis,
543 885 658 948 leonem
679 886 845 951 draconem.
889 904 945 948 nec
967 886 1044 948 enim
1066 887 1261 950 nominativus
1284 888 1403 951 Graecis
1426 909 1507 970 pare

186 996 240 1054 esi.

269 1089 361 1153 Alcon
383 1088 501 1153 Alconis
524 1091 654 1170 adaeque
675 1091 754 1153 iacit.
798 1108 867 1152 nam
888 1097 918 1150 et
938 1089 1018 1152 llaro
1042 1089 1085 1153 sic
1105 1089 1269 1151 declinavit

195 1240 199 1250 .
269 1194 362 1272 Argo,
384 1194 463 1255 lianc
480 1195 557 1273 Argo
579 1192 668 1253 Varro
682 1190 856 1273 Menippeus
871 1191 901 1252 in
915 1193 976 1271 Age
990 1192 1089 1267 modo,
1105 1193 1217 1271 ‘Argo
1239 1193 1479 1256 citiremem’.

269 1294 371 1376 Apollo
398 1302 427 1356 et
453 1294 597 1374 Carthago
626 1292 749 1373 genetivi
775 1292 930 1374 singularis
961 1294 1092 1373 regulm
1124 1311 1183 1354 non
1213 1302 1322 1356 tenent
1375 1298 1479 1360 Cicero

186 1397 264 1461 enim
286 1404 316 1457 et
338 1414 538 1475 quaecumque
559 1415 578 1456 o
599 1394 679 1455 linita
703 1395 821 1456 nomina
844 1396 962 1477 propria
984 1403 1054 1459 sunt
1075 1396 1224 1458 Ciceronis
1245 1397 1364 1459 Catonis
1383 1399 1479 1459 Zeno-
1495 1407 1518 1463 lo

185 1502 234 1565 nis
251 1500 372 1562 lunonis
398 1498 524 1572 iaciunt3
554 1494 725 1577 appellativa
747 1515 816 1558 vero
838 1497 1009 1578 dupliciter,
1037 1507 1070 1560 ut
1090 1499 1245 1578 praeconis
1265 1498 1409 1561 cautionis
1431 1521 1480 1562 or-

184 1602 261 1666 dinis
281 1601 431 1681 marginis.

269 1703 361 1765 Adam
383 1692 398 1763 ὁ
421 1692 646 1780 πρωτόπλαστος
667 1706 860 1780 monoptoton
881 1707 941 1773 cst,
963 1700 1046 1779 proin
1066 1701 1168 1764 Latine
1189 1711 1220 1765 ut
1242 1710 1271 1764 ot
1291 1702 1411 1764 Graece.

268 1805 413 1867 Abraham
432 1804 562 1883 adaeque
580 1809 773 1883 monoptoton
795 1819 862 1862 esse
879 1809 1008 1864 censete.
1029 1799 1034 1886 Ι

271 1906 443 1969 ‘Amicities'
467 1904 579 1967 Plinius
599 1903 753 1968 Secundus
776 1903 920 1966 sermonis
942 1903 1021 1965 dubii
1044 1905 1117 1967 libro
1138 1905 1174 1966 Vl
1195 1907 1240 1967 ‘ut
1259 1907 1408 1987 planities'
1431 1912 1476 1971 in·
1493 1929 1517 1972 ιι
1554 1907 1556 1916 ⁴

183 2011 246 2090 quit
265 2009 413 2071 ‘luxuries
442 2007 579 2068 mollities
605 2014 635 2068 ct
660 2005 782 2080 similia,
807 2005 896 2067 reteri
924 2004 1071 2085 dignitate.
1123 2015 1253 2070 ceterum
1282 2010 1403 2072 rationis
1430 2014 1477 2074 via

183 2113 271 2176 debet
297 2110 423 2173 amicitia
450 2109 516 2171 dici.
561 2110 657 2171 omnia
685 2108 763 2171 enim
791 2107 909 2170 nomina
930 2125 1005 2186 quae
1026 2109 1202 2171 nominativo
1229 2109 1334 2191 plurali
1361 2132 1396 2173 ae
1419 2115 1477 2194 syl-

183 2214 249 2278 laba
269 2213 409 2276 iiniuntur
431 2231 448 2274 e
469 2212 601 2294 deposita
621 2211 747 2274 reddunt
772 2209 948 2272 nominativo
974 2210 1112 2289 singulari
1134 2211 1262 2291 speciem
1283 2213 1328 2274 sui
1348 2214 1420 2276 iuris
1442 2237 1477 2278 ac

183 2319 302 2380 formae.
347 2315 425 2395 quod
452 2316 477 2378 si
498 2334 603 2377 manus
624 2323 758 2376 ‘veterum
782 2311 916 2374 licentiae
936 2312 1135 2391 porrigemus,
1155 2323 1253 2394 potest
1274 2323 1304 2377 et
1325 2318 1425 2399 copies
1448 2329 1477 2382 ct

182 2418 382 2481 observandos
405 2426 435 2479 et
456 2415 673 2479 benevolentics
694 2415 774 2478 dici'.
1199 2490 1202 2496 ἡ
1487 2439 1515 2480 20

265 2521 401 2582 Amazon.
446 2518 589 2598 ‘quamvis
613 2516 728 2606 nullum
749 2535 857 2578 nomen
876 2516 1011 2581 Latinum
1032 2535 1072 2577 on
1092 2516 1195 2579 litteris
1216 2519 1333 2580 tiniatm
1360 2530 1389 2581 et
1410 2522 1475 2586 ideo

183 2623 318 2685 lllrodum
339 2631 368 2683 ct
389 2619 494 2682 Delum
515 2618 680 2681 accusativo
702 2618 850 2693 dicamus,
873 2627 971 2680 tamen
990 2617 1133 2697 quaedam
1155 2624 1234 2680 sunt’
1255 2621 1350 2700 inquit
1364 2623 1476 2688 Plinius

184 2723 338 2786 Secundus
366 2723 464 2800 ‘quae
492 2719 528 2780 ad
563 2739 617 2780 nos
645 2736 739 2797 usque
773 2720 909 2801 proprios
937 2720 1032 2798 gentis
1061 2737 1132 2782 suae
1164 2721 1259 2784 vultus
1293 2726 1476 2808 formamque

183 2822 362 2898 custodiant,
380 2830 413 2884 ut
434 2820 539 2883 Pluton
551 2820 736 2900 Xenophon'.
810 2889 815 2901 ι
931 2817 938 2828 “

266 2924 421 2986 Autumnal
447 2927 551 2998 Varro,
578 2922 880 3000 ‘aequinoctium
905 2925 1124 3001 autumnal',
1155 2928 1232 3004 quod
1260 2928 1336 2991 idem
1361 2931 1515 2995 Pliniuseo

185 3028 288 3090 eodem
310 3028 383 3089 libro
405 3027 440 3087 Vl
466 3034 556 3087 notat.
600 3025 755 3087 ridendum
777 3034 875 3086 tamen
903 3034 948 3087 est
970 3046 1006 3087 an
1029 3028 1257 3107 reprehensione
1290 3033 1328 3092 sit
1355 3034 1476 3112 dignum

183 3129 265 3210 prius
286 3128 335 3189 illa
357 3128 442 3191 nohis
465 3135 595 3208 spectata
617 3129 738 3191 radone.
783 3128 902 3188 nnndna
928 3128 1069 3206 quaedem
1092 3139 1161 3192 sunt
1183 3131 1371 3213 principalia,
1400 3155 1475 3214 qnae

184 3229 295 3293 Plinius
314 3231 469 3293 Secundus
488 3231 591 3291 ecdem
608 3229 683 3292 libro
698 3227 712 3311 Η
727 3230 861 3292 facientia
882 3229 1024 3310 appellat,
1048 3232 1206 3311 exquibus
1226 3237 1392 3313 possessirn
1407 3258 1476 3300 nas-

185 3339 300 3408 cuntur,
312 3351 387 3412 quae
402 3334 529 3414 patiendi
544 3341 637 3409 vocat,
654 3341 687 3393 ut
704 3332 815 3411 aqualc.
845 3351 911 3394 nam
926 3333 1055 3395 Lucilius
1071 3333 1145 3395 libro
1163 3336 1175 3396 l
1190 3343 1355 3397 saturamm
1370 3340 1475 3400 ‘aru-

183 3439 408 3513 taenaeque’
437 3436 531 3515 inquit
559 3434 853 3523 ‘aquales'300n
881 3444 913 3496 ut
938 3435 1093 3497 autumnal.
1138 3437 1224 3499 huius
1248 3446 1344 3498 autem
1365 3440 1516 3519 princi-ao

182 3535 249 3616 pale
267 3555 373 3598 nomen
394 3546 440 3600 est
460 3557 543 3617 aqua.
588 3537 666 3617 quod
688 3556 757 3599 vero
780 3536 888 3617 patitur
910 3556 944 3598 ac
965 3546 1044 3599 tenet
1064 3557 1167 3618 aquam
1189 3539 1308 3618 equale,
1328 3548 1360 3601 ut
1380 3542 1476 3620 equile
1544 3558 1549 3569 ’

182 3635 274 3699 sedile
295 3639 417 3712 monile,
441 3641 481 3702 ait
502 3641 579 3701 idem
602 3639 712 3701 Plinius
735 3636 881 3723 [aqualel.

268 3736 420 3818 Annalium
449 3759 485 3802 an
511 3743 608 3822 potins
635 3735 787 3822 aquarium
817 3741 874 3804 dici
906 3741 1010 3803 debeat
1047 3744 1159 3824 quaerit
1183 3744 1293 3811 Plinius
1322 3747 1477 3810 Secundus

183 3849 212 3902 et
232 3850 329 3922 potat,
349 3851 382 3904 ut
402 3842 522 3904 laterale
543 3842 718 3919 lateranum,
741 3844 852 3906 scutale
875 3844 1049 3921 scutarium,
1069 3854 1098 3908 ot
1119 3847 1254 3908 manuale
1276 3865 1387 3921 saxuru,
1412 3867 1476 3910 ma-

181 3943 316 4006 nuarium
336 3964 402 4018 ras,
424 3945 508 4025 proin
529 3946 640 4025 aqualis
660 3945 811 4024 aquarium
834 3946 899 4008 dici.
1489 3973 1516 4014 as

253 4200 265 4250 l
283 4202 319 4251 uit
337 4200 400 4250 hoec
416 4201 491 4253 huius
510 4199 652 4253 hinchunc
669 4203 701 4252 ab
719 4202 768 4252 hac
786 4201 883 4251 Allecto
901 4203 1006 4252 coniecit
1025 4201 1210 4252 Linderncnnue
1294 4203 1310 4254 3
1327 4204 1473 4272 Terentius]

181 4270 412 4332 Ermeelt.V2,l
489 4271 703 4324 dentilonemll
777 4268 895 4337 illam]
913 4271 994 4322 bercol.
1010 4274 1035 4336 5,
1056 4271 1086 4321 11
1104 4279 1147 4322 aut
1165 4272 1268 4322 Alconis
1286 4273 1365 4323 habes
1381 4275 1475 4329 laudes

250 4339 269 4391 8
284 4340 471 4409 Menippaacin,
490 4343 547 4408 Age
565 4344 640 4394 modo
658 4358 680 4394 ω
699 4344 833 4409 Menippea
851 4349 937 4405 satyra
955 4343 1010 4408 Age
1028 4341 1104 4392 modo
1124 4342 1255 4392 dubricius
1330 4344 1359 4395 ll
1377 4348 1475 4396 ercutio·

181 4408 233 4478 nis]
253 4411 358 4461 latronis
376 4412 571 4464 uermerium
579 4427 608 4476 p.
619 4414 653 4465 48
722 4413 755 4465 13
771 4408 806 4477 ct]
825 4411 900 4461 cstN
969 4412 1003 4463 20
1021 4411 1140 4462 dicierN
1208 4415 1241 4463 22
1258 4415 1332 4477 qdam
1352 4415 1434 4479 inquit
1451 4420 1476 4466 §t

181 4479 276 4545 plinius
295 4481 322 4530 N
388 4482 421 4532 25
438 4479 531 4548 Verre]
550 4482 585 4548 cs.
602 4498 655 4534 rer.
674 4492 737 4539 ruet.
758 4484 792 4532 lll
810 4483 835 4546 5,
853 4483 869 4531 7
888 4481 987 4532 circiter
1004 4482 1190 4546 aequinoctium
1208 4485 1352 4534 autiimnnle
1436 4487 1472 4537 28

180 4548 293 4602 faciendi
310 4551 423 4617 appellat
441 4563 468 4604 ιιι
484 4568 551 4617 aqua
568 4567 601 4603 ex
620 4553 751 4607 Fabricius
838 4550 873 4602 29
895 4561 968 4618 erute
985 4567 1044 4616 neq.
1061 4551 1088 4600 N
1111 4560 1296 4617 arutaenneque
1319 4563 1344 4604 et
1368 4557 1474 4619 equales

180 4689 285 4739 comecir
300 4687 331 4737 F.
346 4688 436 4740 Decea
458 4692 538 4746 Lucil.
557 4699 607 4743 eal.
628 4691 675 4744 rel.
699 4689 759 4741 127
782 4705 809 4752 p.
830 4689 879 4741 112
964 4689 998 4742 34
1022 4646 1124 4741 laterale
1143 4688 1168 4738 N
1174 4705 1180 4739 :
1203 4692 1239 4755 ef.
1259 4691 1358 4747 Gloria.
1376 4709 1403 4757 p.
1425 4694 1476 4745 100

251 4824 285 4879 35
303 4783 397 4893 aquillio
414 4827 439 4876 N
