3114 5356
521 326 602 387 ΛΒΤ.
628 325 768 386 GRnttM.
796 326 868 387 LlB.
892 328 905 388 l
1301 324 1363 388 385

1148 455 1170 494 p.
1185 441 1231 483 ³80.
1242 441 1269 481 81
1284 442 1310 483 P.

147 515 220 573 Sum
241 513 362 573 verbum
384 513 414 573 in
435 512 538 592 primis
561 522 730 591 corruptum
753 521 814 586 est,
840 531 899 573 non
922 520 1034 572 tantum
1056 522 1177 592 propter
1198 525 1362 575 ceterorum

100 614 288 675 clinationom
312 613 363 674 sod
385 624 415 673 et
440 614 503 691 ipsa
532 612 693 692 positione,
721 613 858 690 quoniam
881 612 994 673 nullum
1013 614 1044 673 in
1064 621 1125 674 toto
1145 633 1282 676 sermone
1306 616 1364 676 tale

100 724 122 789 t,
153 713 210 775 nisi
232 733 306 792 quae
326 734 360 774 ex
382 733 417 774 eo
439 715 591 793 conposita
619 724 697 775 sunt.
742 713 771 772 id
799 711 919 774 verbum
948 722 978 774 et
1004 698 1167 794 perlecttfflg
1195 717 1259 777 eius
1288 717 1364 778 solet

100 816 182 892 iungi
210 814 364 895 participio
391 815 507 895 passivo
536 824 565 876 et
590 816 730 876 linitirum
757 816 920 895 perlectum
949 814 1107 892 significat,
1137 816 1221 896 quasi
1248 825 1364 905 amatus

100 937 127 978 m
152 926 267 978 amatus
291 916 330 975 lui
354 925 383 976 et
405 916 518 977 similia.
563 917 592 976 id
616 916 734 976 verbum
759 916 858 976 delicit
878 916 1032 995 participio
1056 919 1197 997 temporis
1209 902 1362 1027 'wius

115 1018 174 1079 hoc
194 1018 283 1077 verbo
306 1018 491 1096 conpositum
513 1025 559 1078 est
578 1036 708 1097 prosum.
749 1017 801 1077 sed
822 1035 943 1097 prosum
966 1019 1055 1079 adicit
1074 1019 1092 1079 d
1115 1019 1255 1094 litteram',
1278 1019 1364 1098 quasi

100 1137 185 1180 osum
202 1118 310 1196 prodes
331 1119 464 1197 prodest3
485 1124 582 1178 cetera
600 1117 732 1192 similiter
754 1117 953 1192 declinantur,
974 1119 1100 1196 ideoque
1117 1139 1172 1180 nec
1189 1120 1219 1180 id
1243 1120 1363 1182 verbum

100 1217 249 1299 rtioipium
278 1211 404 1279 admittit
431 1218 572 1298 temporis
600 1218 745 1280 instantis.
799 1219 868 1279 item
892 1219 1030 1300 possum,
1059 1220 1138 1298 quod
1170 1239 1204 1280 ex
1233 1238 1268 1280 co
1294 1240 1365 1283 oon·

100 1321 192 1381 situm
215 1327 276 1393 cst,
299 1328 312 1380 t
333 1319 457 1380 litteram
480 1319 621 1394 admittit,
643 1321 726 1398 quasi
748 1339 868 1399 possum
892 1330 976 1400 potes
997 1331 1110 1402 potest;
1137 1329 1234 1382 cetera
1263 1322 1365 1383 simili·

100 1441 107 1456 ·
129 1420 330 1495 declinantur,
368 1422 424 1482 nisi
452 1419 530 1499 quod
556 1439 652 1499 neque
676 1423 807 1482 futurum
828 1422 1001 1483 infinitivum
1028 1432 1079 1484 aut
1103 1423 1290 1503 participium
1314 1424 1365 1484 ad·

102 1522 169 1595 ttit,
199 1539 267 1581 cum
295 1521 456 1606 principale
478 1522 541 1581 eius
563 1519 680 1583 habeat.
726 1542 760 1583 on
790 1540 825 1583 eo
853 1523 931 1583 enim
960 1524 1040 1601 quod
1068 1533 1114 1585 est
1140 1528 1206 1585 suin
1235 1520 1364 1586 futurum

100 1621 249 1700 rticipium
272 1623 386 1683 tuturus
409 1620 493 1694 lacit,
516 1642 551 1682 ox
573 1642 609 1684 eo
631 1624 709 1700 quod
733 1632 778 1684 est
792 1641 913 1702 prosum
932 1625 1120 1702 profuturus:
1140 1625 1212 1686 nihil
1233 1626 1291 1686 tale
1314 1627 1366 1687 ad-

100 1723 152 1783 ttit
173 1722 247 1796 hoc,
270 1742 325 1783 nec
345 1743 486 1803 praesens
508 1723 702 1802 participium.
740 1743 808 1785 nam
830 1735 936 1804 potens
957 1725 1112 1805 appellatio
1134 1733 1195 1802 cst,
1219 1746 1279 1788 non
1297 1746 1366 1807 par-

100 1824 205 1902 ipium.
239 1836 285 1885 est
310 1824 386 1885 enim
410 1823 487 1903 qood
503 1824 605 1884 Graeci
625 1824 725 1884 dicunt
745 1815 761 1883 ὁ
784 1820 926 1899 δυνατός,
949 1817 1002 1902 οὐχ
1025 1817 1041 1884 ὁ
1065 1820 1237 1902 δυνάμενος.
1268 1835 1365 1889 cetera

100 1943 141 1984 tae
169 1943 204 1984 en
233 1944 268 1983 eo
296 1926 372 2004 quod
397 1935 442 1986 est
469 1944 535 1986 sum
563 1925 715 2003 conposita
743 1933 813 1986 sunt
840 1926 975 1988 similiter
999 1927 1192 1988 declinantur.
1243 1947 1364 2006 possum

100 2045 161 2086 nen
186 2045 243 2085 non
266 2026 338 2086 nulli
360 2035 490 2087 veterum
512 2034 541 2086 et
559 2025 675 2105 passiva
693 2025 885 2088 declinatione
903 2030 1079 2106 figurarunt,
1103 2028 1236 2108 potestur
1251 2037 1280 2088 et
1296 2049 1366 2108 pos-

99 2137 186 2202 ntur;
209 2136 238 2187 et
256 2128 355 2205 quitur
373 2138 402 2189 et
421 2129 520 2207 quitus
543 2145 607 2187 sum
630 2126 709 2204 apud
731 2146 791 2187 uon
814 2127 912 2189 nullos
934 2137 1064 2188 veterum
1084 2128 1264 2207 reperimus,
1286 2131 1365 2209 quod

100 2239 109 2289 t
133 2230 160 2289 ci
179 2248 368 2307 synonymou.
406 2238 434 2289 et
457 2230 532 2288 hanc
551 2228 691 2289 adnotant
712 2229 742 2288 in
762 2229 819 2290 illis
842 2249 901 2290 non
924 2228 995 2289 nulli
1018 2228 1211 2291 dillerentiam
1226 2239 1259 2291 ut
1273 2232 1366 2292 activa

101 2330 261 2391 clinatione
283 2330 319 2389 ed
341 2349 497 2409 personam
520 2330 646 2403 teratur,
677 2329 762 2406 quasi
792 2349 914 2410 possum
943 2348 997 2408 ego
1025 2340 1110 2408 potes
1137 2339 1168 2392 tu
1195 2340 1292 2411 potest
1317 2334 1366 2394 illo

100 2450 163 2492 :ere
187 2440 218 2491 ut
242 2458 261 2493 s
282 2432 364 2508 quasi
388 2440 445 2491 tam
468 2450 559 2511 prona
583 2431 735 2508 facilisque
754 2439 800 2492 est
823 2440 856 2492 ut
877 2430 939 2491 fieri
959 2430 1062 2508 possit.
1108 2431 1223 2493 subtilis
1245 2433 1367 2494 adnota-

100 2556 122 2606 t,
142 2539 242 2593 cerum
266 2552 369 2611 perum
390 2533 504 2593 usitata.
551 2531 602 2591 sed
623 2531 760 2610 quoniam
783 2550 850 2592 esse
868 2532 977 2593 dictum
992 2531 1174 2606 rettulimus,
1197 2533 1275 2612 apud
1290 2551 1366 2611 quos

100 2633 235 2692 ,dictum
259 2634 486 2694 adfirmabimus.
531 2633 625 2692 Attius
648 2633 746 2709 quitus
771 2651 837 2693 sum
865 2633 949 2713 ponit
970 2652 1025 2712 pro
1047 2633 1125 2711 quivi
1146 2634 1202 2694 hoc
1225 2633 1323 2707 modo,

232 2750 312 2793 nam
332 2752 449 2813 neque
465 2733 585 2812 pretio
610 2751 732 2811 neque
754 2734 921 2795 amicitia
943 2752 1062 2812 neque
1082 2735 1112 2795 vi
1135 2735 1280 2815 impelli
1302 2755 1367 2796 ne·

935 2854 1003 2914 que
1025 2856 1140 2916 prece

232 2918 357 2996 quitus
381 2936 474 2992 sum,

100 3039 142 3081 sm
164 3017 232 3078 alibi
253 3019 355 3080 eodem
378 3020 466 3080 modo
495 3014 611 3081 ‘unde
637 3022 758 3083 omnia
785 3023 955 3102 perdisci
982 3042 1023 3083 ac
1048 3023 1197 3102 percipi
1225 3042 1369 3102 queun-

108 3121 161 3195 r';
184 3120 328 3181 Caecilius
352 3131 501 3201 praeterea

232 3222 264 3281 si
285 3242 355 3283 non
379 3222 516 3283 sarciri
539 3225 678 3299 quitur.

100 3343 134 3383 rm
156 3331 290 3402 potestur
309 3323 385 3402 apud
406 3324 532 3383 Ennium
555 3323 734 3402 reperimus,
757 3318 870 3404 ‘neon
885 3324 1030 3385 retrahi
1053 3331 1231 3403 potestur
1250 3325 1368 3404 impe·

104 3426 164 3486 is'.
211 3426 339 3486 Scaurus
361 3426 397 3484 de
417 3427 472 3486 cita
496 3445 547 3485 sna
570 3426 656 3486 tertio
677 3431 877 3504 poteratur
902 3424 988 3483 etiam
1010 3423 1086 3484 sicut
1109 3424 1281 3503 possitur
1305 3424 1367 3485 dic·
1428 3479 1431 3486 .

100 3535 138 3587 at.
185 3545 220 3586 ex
243 3526 345 3586 eodem
368 3527 455 3588 etiam
476 3527 554 3606 potis
583 3528 620 3587 sit
649 3525 801 3598 dicebant,
832 3525 901 3585 item
923 3524 1001 3604 potis
1029 3533 1074 3584 est
1104 3544 1156 3603 pro
1188 3530 1301 3602 potest,
1336 3532 1367 3584 ut

102 3628 143 3688 ud
168 3627 294 3686 eundem
316 3626 442 3685 Ennium

134 3777 262 3829 ddeieoit
281 3780 340 3828 AM
425 3779 477 3829 dd
498 3781 522 3828 A
540 3794 555 3828 o
574 3781 633 3830 BM
719 3778 875 3846 iverbum]
901 3789 1000 3846 tempus
1020 3779 1104 3830 ΑΒΜ
1189 3779 1219 3829 11
1240 3780 1366 3845 principio

100 3848 151 3898 ΒΜ
165 3848 314 3913 principium
335 3863 352 3903 ς
439 3847 530 3897 habeat
548 3864 565 3905 ς
586 3850 693 3899 ilabebat
710 3849 795 3900 ΑΒΜ
880 3866 936 3899 sum
956 3850 1069 3899 fututum
1086 3863 1191 3915 possum
1210 3848 1276 3898 dixit
1291 3847 1367 3911 (dicit

114 3936 162 3970 nnn.
183 3916 226 3976 M)
245 3916 357 3965 futurum
376 3917 435 3966 latit
453 3918 537 3967 ΑΒΜ
561 3935 617 3968 sum
643 3920 755 3969 luturom
779 3919 877 3974 facite
965 3920 996 3968 12
1020 3919 1128 3968 admittit
1154 3917 1218 3967 liaeo
1242 3930 1366 3982 praesens

100 3986 225 4051 rticipium
244 3987 330 4036 ABM
352 3987 460 4034 admittit
483 3986 530 4035 lmc
550 4003 671 4052 praesens
691 3999 791 4055 tempus
809 4003 854 4036 ons
871 3989 1063 4054 participium5
1082 3987 1191 4037 admittit
1208 3986 1263 4036 hoc.
1284 4000 1367 4048 oeque

100 4056 209 4106 sesamis
228 4057 348 4120 temporis
367 4056 526 4120 participium
547 4057 670 4107 BaecMus
744 4057 776 4107 13
793 4057 930 4122 appellatio
949 4071 1005 4114 non,
1018 4057 1068 4106 AB
1085 4056 1254 4120 appellatione
1274 4054 1307 4104 M

119 4125 246 4187 odynatos
265 4125 438 4187 odynamenos
458 4125 482 4172 A
507 4125 641 4188 oydinatos
658 4127 832 4190 odynameuos
850 4126 883 4176 M
909 4127 1035 4189 odyuatus
1061 4126 1236 4188 odpnameuus
1262 4124 1301 4173 B:
1330 4123 1366 4186 es.

105 4192 159 4245 356
250 4193 281 4243 16
300 4202 413 4258 potestur
431 4202 455 4239 et
473 4203 611 4257 possuntor
629 4203 653 4242 et
668 4196 753 4257 quitor
771 4194 821 4243 AB
851 4204 964 4260 potestor
982 4202 1105 4259 epossunt
1123 4202 1148 4243 et
1166 4195 1250 4257 quitor
1265 4192 1300 4242 M

116 4264 140 4311 oi
159 4274 320 4325 synonymon
340 4262 390 4310 AB
409 4262 580 4322 tqsinonimon
603 4263 635 4311 M
651 4263 853 4326 trisynonymum
871 4277 888 4318 ς
965 4263 1087 4312 adnotant
1104 4276 1145 4317 ηις
1163 4264 1266 4311 adnotat
1284 4258 1367 4310 ΑΒΜ

132 4330 169 4380 20
185 4335 298 4380 lacunam
315 4332 433 4387 indicavi,
453 4348 502 4396 qna
517 4333 639 4395 passivae
653 4332 831 4382 declinationis
849 4334 885 4382 ad
900 4347 967 4392 rein,
991 4348 1041 4383 non
1054 4333 1090 4381 ad
1110 4347 1246 4395 paronam
1270 4333 1367 4380 relatae

100 4403 175 4450 insitio
193 4400 284 4449 lausto
302 4407 354 4448 est:
378 4398 469 4447 tacere.
489 4400 592 4464 passius
610 4399 643 4448 ad
660 4400 856 4465 impersonalem
874 4401 978 4450 modum
1001 4409 1116 4465 potestur
1134 4407 1280 4465 possuntur.
1305 4396 1366 4447 sub—

101 4483 147 4525 ες
221 4466 369 4529 facilisquae
388 4466 447 4516 AM
516 4468 596 4532 possit
615 4468 671 4518 AM
690 4470 839 4534 possum-B
925 4470 956 4519 21
978 4468 1110 4518 retulimus
1128 4468 1188 4518 ΒΜ
1271 4467 1306 4516 22
1323 4479 1365 4514 sc-

100 4538 161 4587 sB
222 4535 265 4599 ,23
285 4551 341 4584 nam
362 4550 490 4599 nequest
511 4551 655 4598 nequeam.
673 4536 755 4588 ΑΒΜ
825 4539 923 4603 praetio
940 4537 997 4587 AM
1014 4537 1115 4603 praecio
1129 4537 1155 4585 B
1222 4534 1366 4584 amititisA

100 4607 182 4656 ticicis
198 4605 224 4653 B
292 4605 386 4668 impelli
405 4607 438 4660 ὸς
456 4605 561 4670 impellit
579 4605 630 4654 AB
647 4606 745 4671 inpellit
759 4608 792 4657 M
865 4608 900 4657 24
919 4621 1008 4672 praece
1023 4606 1082 4654 AM
1150 4604 1184 4654 26
1201 4607 1367 4655 tranetrom

100 4679 204 4726 raudus
221 4677 257 4723 ita
274 4675 399 4737 disposuit
420 4674 569 4724 Ribbeckiac
593 4682 658 4738 aaa.
677 4677 737 4725 Lat.
760 4680 807 4727 rel.
826 4679 856 4739 p!
874 4675 932 4736 189,
957 4675 1025 4724 nude
1044 4675 1147 4722 omnia.
1163 4711 1169 4722 .
1184 4710 1190 4722 .
1206 4673 1317 4738 perdisci
1336 4686 1366 4720 ac

100 4744 305 4809 roipiQuet'mtnr
375 4752 516 4805 quaeuntur
528 4741 613 4792 ΑΒΜ
679 4745 713 4792 27
730 4745 831 4794 cecilius
842 4745 902 4794 ΒΜ
967 4743 1133 4798 28sarcire5
1202 4741 1237 4791 29
1251 4749 1366 4807 potestur

100 4816 152 4864 'mre
161 4816 219 4863 loco
230 4826 246 4866 ς
258 4819 371 4875 potcstor
385 4811 436 4860 AB
445 4821 527 4876 potest
541 4813 574 4860 M
640 4811 671 4863 31
685 4812 802 4862 dicebant
813 4812 840 4861 Β
850 4814 949 4862 dicebat
962 4812 1021 4861 AM
1066 4827 1068 4830 ’
1088 4810 1122 4862 32
1135 4812 1215 4861 Ennii
1224 4825 1366 4861 meamea
