3114 5356
220 274 281 334 :356
779 268 962 330 eleustus

271 402 292 441 p.
307 388 345 428 ute
355 387 408 426 -dl
425 386 448 426 l'.

219 458 335 523 auditus
355 477 469 532 essem,
491 456 628 518 ulteriore
651 455 767 515 reducar
787 454 903 515 auditus
926 453 1065 528 fuissem;
1088 456 1185 517 fumro
1209 456 1326 519 utinam
1345 459 1501 533 sormam

219 582 236 625 a
257 561 374 643 passivo
389 559 501 620 utinam
519 557 629 618 audiar.
666 555 852 617 comunctivo
873 555 960 617 modo
982 562 1114 636 tempore
1135 559 1289 637 praesenti
1308 580 1380 622 crim
1399 561 1501 631 audiant

219 672 249 724 et
269 682 285 722 a
307 661 422 741 passivo
446 679 513 721 cum
535 659 652 732 audiar3
680 657 842 736 inperfecto
861 675 927 718 cum
945 656 1092 731 audirem,
1114 666 1143 719 et
1167 676 1184 719 a
1204 660 1328 740 passivo
1352 681 1424 723 eum
1441 662 1502 724 tuti

219 782 283 839 rer;
305 764 438 843 perfecto
456 780 524 823 cum
546 759 703 832 audierim,
726 766 757 818 et
777 759 938 820 secundum
961 766 1073 820 veteres
1088 778 1155 821 cum
1172 762 1358 838 audiverim,
1377 772 1410 825 et
1423 783 1439 825 a
1452 782 1503 844 pas
1543 756 1547 763 ’

219 864 281 925 sivo
303 882 370 924 etim
392 863 509 924 auditus
528 861 599 934 sim,
621 859 760 920 ulteriore
782 878 848 921 cum
866 859 982 920 auditus
1001 860 1121 936 fuerim;
1143 861 1443 945 plusquamperfecto
1454 884 1520 925 tuus

219 964 385 1037 audissem,
407 972 437 1025 et
460 964 622 1025 secuudum
645 970 759 1023 veteres
777 979 844 1023 com
864 960 1056 1053 audivissem,
1084 972 1114 1040 et
1132 982 1149 1023 a
1170 963 1291 1043 passivo
1315 984 1386 1027 cunt
1408 966 1506 1028 auditu

220 1084 334 1139 msam,
369 1064 506 1125 ulteriore
528 1083 596 1125 cum
617 1063 734 1125 auditus
757 1062 894 1137 fuissem;
933 1064 1029 1125 futuro
1049 1082 1116 1125 cum
1136 1064 1275 1140 audiere,
1309 1074 1342 1127 et
1360 1067 1506 1129 secundun

221 1176 334 1227 veteres
357 1185 425 1227 cum
449 1167 602 1240 audivero,
634 1172 664 1225 et
683 1182 704 1224 a
724 1163 855 1242 persiae
876 1183 944 1225 cum
964 1164 1091 1225 cuditur
1111 1182 1183 1240 ero,
1214 1165 1361 1230 ulteriore
1384 1188 1451 1233 cum
1468 1186 1508 1229 ae

221 1265 299 1329 ditus
321 1268 413 1329 fuero.
447 1268 589 1329 infinitivo
612 1267 700 1326 modo
722 1265 853 1329 numeris
874 1273 904 1326 et
922 1266 1055 1346 personis
1077 1273 1210 1346 tempore
1233 1273 1392 1347 praesenti
1412 1271 1508 1341 audire,

222 1375 286 1428 eta
309 1367 426 1446 passivo
448 1367 558 1442 audiri;
579 1366 736 1446 praeterito
761 1368 879 1428 audisse
902 1369 946 1429 vel
968 1367 1128 1442 audivisse,
1156 1357 1224 1428 et'a
1247 1371 1372 1448 passive
1392 1312 1551 1433 auditunrl

222 1487 288 1528 esse
316 1468 361 1527 vel
387 1466 517 1528 auditum
545 1469 652 1542 fuisse3
673 1464 687 1552 ΙΙ
709 1470 809 1530 futuro
834 1469 963 1531 anditum
987 1468 1046 1543 ire,
1078 1476 1109 1549 et
1134 1489 1151 1529 a
1177 1470 1298 1548 passivo
1320 1473 1453 1536 auditum
1472 1472 1507 1533 iti.

220 1567 399 1648 inpersonali
419 1568 506 1628 medo
524 1568 656 1641 auditur,
690 1569 878 1644 audiebatur,
912 1570 1040 1632 auditum
1062 1577 1108 1631 est
1131 1570 1264 1632 auditum
1289 1573 1356 1648 fuit,
1393 1574 1507 1635 sotim

221 1678 284 1729 erat
301 1679 331 1729 et
352 1670 462 1742 fuerat,
486 1668 629 1730 audietur.
666 1671 788 1748 gerundi
811 1672 855 1731 vel
874 1672 1063 1754 participialia
1082 1672 1219 1733 audiendi
1236 1674 1389 1737 audiendo
1404 1675 1508 1737 audica

221 1770 291 1830 dum
313 1770 443 1832 auditum
463 1770 572 1832 auditu.
617 1771 768 1851 participia
791 1773 984 1833 tralmntura
1013 1771 1100 1834 verbo
1127 1774 1220 1835 activo
1247 1775 1325 1850 duo,
1354 1778 1507 1856 praesentis

221 1872 362 1951 temporis
385 1881 415 1933 et
435 1872 540 1947 futuri3
570 1873 733 1951 praesentis
754 1875 894 1946 audiens,
922 1873 1010 1934 futuri
1028 1873 1194 1935 auditurus:
1223 1883 1290 1936 eta
1309 1878 1430 1956 passivo
1449 1878 1531 1947 duas

222 1973 372 2052 praeteriti
394 1975 535 2055 temporis
558 1983 586 2034 et
607 1975 711 2049 futuri3
730 1974 879 2055 praeteriti
903 1974 1035 2048 auditus,
1053 1975 1142 2035 futuri
1163 1975 1339 2039 audiendus.

307 2074 392 2134 l'erloi
415 2076 518 2136 tertiae
539 2076 752 2154 coniugationis
783 2083 935 2156 correptae
958 2076 1122 2138 declinatio.
1167 2074 1232 2154 lego
1255 2076 1341 2157 legor
1360 2080 1447 2143 verba
1467 2081 1508 2142 ale

220 2174 316 2235 soluta
337 2174 492 2237 indicativo
514 2177 602 2239 niodo
624 2177 702 2237 dicta
726 2177 947 2255 significationis
969 2178 1079 2239 activae
1096 2186 1126 2238 et
1147 2177 1280 2257 passivae
1303 2181 1508 2261 coniugationis

221 2276 323 2336 tertiae
346 2286 498 2359 correptae
521 2279 633 2340 ricimeri
658 2277 813 2365 singularis
837 2279 947 2356 figurae
969 2278 1110 2359 simplicis
1131 2279 1272 2358 temporis
1295 2280 1435 2345 instantis
1452 2301 1508 2363 pcr-

220 2397 311 2439 sonae
331 2379 460 2456 primae,
488 2398 563 2457 quate
583 2355 807 2440 declitiabuntur
826 2378 878 2439 sic.
923 2379 989 2457 lego
1014 2379 1111 2458 legor,
1137 2380 1302 2458 inperfecto
1323 2382 1456 2463 legebam
1471 2384 1534 2444 les

220 2479 325 2557 gabar,
357 2481 488 2558 perfecto
515 2483 571 2561 logi
599 2482 693 2541 lectus
719 2499 783 2541 sum
812 2491 841 2541 ct
866 2482 960 2543 lecttrs
987 2484 1045 2557 fui,
1078 2481 1370 2561 plusquamperfecto
1391 2486 1506 2563 legeram

219 2579 313 2641 lectus
337 2599 416 2640 eram
438 2589 468 2641 et
487 2582 614 2655 fueram,
638 2583 736 2642 futuro
758 2582 852 2659 legam
871 2583 959 2661 legar.
995 2583 1164 2663 imperativo
1178 2583 1267 2644 mode
1284 2592 1420 2663 tempere
1431 2593 1505 2663 prat·

219 2682 295 2742 senti
319 2681 354 2740 ad
377 2682 537 2742 secitudam
552 2690 580 2741 et
599 2682 712 2743 tertiam
729 2702 885 2762 perennem
907 2685 972 2763 lege
990 2685 1083 2763 legat,
1105 2683 1256 2763 pluraliter
1277 2685 1410 2763 legamus
1428 2683 1504 2761 legite

221 2781 334 2859 legant,
367 2789 395 2839 et
414 2799 431 2839 a
452 2781 569 2859 passivo
589 2783 685 2860 legere
708 2784 835 2862 legatur,
864 2787 1031 2864 pluraliter
1052 2786 1181 2864 legemur
1208 2784 1335 2861 legimini
1365 2785 1504 2861 legantium

220 2884 310 2944 futuri
332 2882 368 2941 ab
388 2882 480 2942 activo
504 2883 591 2960 legito
613 2885 718 2962 legito,
734 2886 903 2963 pluraliter
922 2889 1052 2967 legamus
1073 2886 1189 2969 legitote
1208 2885 1303 2961 legant
1322 2882 1364 2976 uel
1383 2884 1533 2963 leguntur

220 2991 250 3043 et
270 3004 285 3043 a
309 2984 425 3061 passivo
448 2983 552 3061 legitor
574 2984 678 3062 legitor
695 2988 736 3047 vel
753 2988 905 3066 tegimine,
933 2988 1082 3068 pluraliter
1096 2980 1224 3064 legantur
1240 2982 1397 3060 legiminor
1414 2985 1505 3063 legan-

221 3094 268 3144 tur
296 3085 338 3143 vel
366 3084 509 3162 leguntur.
555 3088 681 3166 optativo
710 3090 797 3150 riuulo
824 3097 954 3168 tempore
978 3089 1124 3168 praesenti
1151 3094 1179 3146 et
1208 3085 1371 3162 inperfecto
1402 3088 1504 3148 utinam

220 3185 346 3261 legerem
371 3186 499 3264 legerer,
531 3190 661 3267 perfecto
690 3198 719 3249 et
746 3191 1032 3270 plusquamperfecto
1064 3190 1169 3250 utinam
1195 3183 1335 3260 legissem
1365 3193 1396 3246 et
1420 3187 1505 3249 lectus

220 3305 316 3348 essem
346 3295 375 3347 et
403 3287 496 3351 lectus
525 3292 662 3365 fuissem,
696 3294 794 3353 futtuo
818 3293 927 3353 utinam
955 3292 1047 3368 legam
1076 3291 1162 3365 legar.
1207 3285 1395 3347 coniunctim
1424 3288 1504 3349 modo

219 3395 350 3467 tempere
372 3393 520 3469 praesenti
542 3413 609 3454 cunr
631 3394 726 3473 legam
748 3394 842 3473 legar,
868 3394 1027 3473 inperfecto
1051 3406 1116 3450 cum
1139 3388 1266 3464 legerem
1286 3386 1417 3464 legerer,
1445 3408 1534 3469 per-u

220 3490 296 3549 fecto
318 3508 383 3550 cunr
405 3491 524 3570 legerim
552 3495 645 3556 lectus
670 3496 725 3557 sim
748 3503 777 3556 et
800 3495 894 3556 lectus
922 3493 1040 3563 tuorna,
1072 3489 1360 3568 plusquamperfecto
1384 3509 1450 3551 euru
1469 3490 1506 3550 le-

219 3590 327 3667 gissem
354 3591 447 3655 lectus
472 3614 568 3656 essem
592 3605 621 3655 et
641 3597 777 3670 fuissem,
818 3598 914 3657 ftrturo
935 3614 1001 3655 cnm
1027 3593 1124 3669 legem
1157 3589 1249 3649 lectus
1279 3608 1330 3649 ero
1358 3600 1389 3651 et
1416 3594 1504 3653 fuero.

219 3692 360 3753 infinitivo
385 3694 472 3754 modo
495 3702 626 3772 tempore
651 3696 799 3774 praesenti
823 3698 918 3773 legere
944 3694 1015 3771 legi,
1047 3690 1221 3770 praeterito
1256 3689 1364 3768 legisse
1404 3693 1506 3754 lectum

218 3812 285 3853 esse
305 3803 334 3854 et
356 3794 465 3866 fuisse,
493 3795 590 3855 futuro
617 3795 725 3857 lectum
754 3797 795 3856 ire
814 3805 843 3854 et
862 3795 968 3855 lectum
998 3793 1041 3853 iri.
1085 3789 1263 3871 iupersonali
1286 3791 1373 3852 mode
1396 3793 1506 3872 legitur,

218 3892 384 3969 legebatur,
413 3895 522 3955 lectum
544 3902 640 3956 estet
662 3897 729 3967 fuit,
761 3898 866 3956 lectum
888 3905 951 3955 erat
972 3903 1001 3954 et
1022 3896 1131 3966 fuerat,
1154 3892 1275 3970 legetur.
1320 3896 1444 3970 gerundi
1465 3895 1537 3955 vols

217 3993 390 4072 participiali
417 3997 504 4055 mede
534 3997 648 4076 legendi
676 3996 797 4074 legendo
825 3995 980 4074 legendum
1006 3980 1112 4056 lectum
1140 3994 1226 4054 lectu.
1271 3995 1425 4074 participia
1454 4005 1508 4056 tra·

216 4093 327 4153 huntur
349 4094 384 4153 alt
413 4096 470 4155 hoc
494 4099 581 4159 verbo
605 4107 755 4176 qtrattuer,
788 4097 878 4156 activa
900 4097 974 4169 tltto,
1009 4095 1172 4175 praesentis
1195 4082 1335 4173 temporis
1357 4107 1386 4156 et
1411 4097 1507 4167 flaturi,

216 4194 318 4273 legens
338 4197 483 4272 lecturus3
514 4201 628 4278 passiva
647 4198 718 4269 dcto,
747 4196 839 4256 lectus
861 4196 1012 4273 legendus.
1056 4198 1087 4257 in
1111 4196 1195 4256 tertia
1217 4196 1424 4273 coniugatione
1446 4218 1507 4258 cor-

215 4306 298 4377 repta
321 4316 379 4357 non
400 4298 470 4359 nulli
490 4306 610 4360 censent
623 4296 637 4379 ΙΙ
653 4297 739 4358 verba
760 4297 853 4376 prima
874 4298 1018 4376 positione
1036 4307 1215 4378 postremam
1235 4296 1365 4358 vocalem
1385 4297 1508 4359 litteram

285 4481 317 4531 17
335 4496 529 4532 coutoctrtouts
548 4482 574 4530 B
592 4494 785 4531 oscarusrtems
801 4480 861 4528 AM
945 4480 979 4529 24
1005 4480 1118 4546 legimini
1142 4490 1225 4530 teretur
1248 4480 1350 4529 Probae
1366 4497 1392 4544 p.
1412 4478 1463 4530 403
1486 4491 1509 4531 et

210 4555 387 4615 grurruuaticus
404 4552 437 4601 de
454 4552 529 4601 verbo
550 4568 578 4615 p.
601 4550 657 4605 156.
684 4549 828 4599 scribamini
853 4559 877 4600 et
899 4555 924 4601 in
944 4550 1033 4611 [octauo
1058 4549 1222 4598 scribamiuor
1243 4549 1364 4599 Claudius
1381 4551 1510 4601 ,socerum

208 4636 237 4681 p.
260 4620 290 4668 17
377 4618 411 4669 26
434 4620 475 4666 uel
493 4619 613 4684 tegimine
632 4618 665 4667 M
684 4618 725 4666 uel
745 4619 879 4682 legimiuor
894 4621 918 4668 B
937 4619 978 4667 uel
994 4618 1115 4684 legitime
1135 4619 1159 4665 A
1247 4619 1377 4682 pluraliter
1396 4621 1510 4683 legemur

212 4687 348 4750 legimiuor
365 4688 484 4752 leguntur
502 4702 518 4743 ς
593 4690 710 4754 legantur
728 4688 768 4737 vel
785 4688 916 4753 leguntur]
935 4689 1052 4753 legenter
1064 4685 1089 4733 Α
1108 4687 1226 4751 legenter
1237 4687 1262 4735 B
1280 4688 1398 4752 legentur
1413 4687 1444 4735 il!

213 4751 247 4803 36
265 4756 416 4819 participiali
434 4754 467 4802 M
483 4758 650 4822 participialia
667 4755 719 4805 AB
796 4756 830 4807 38
849 4758 874 4805 iu
893 4758 1016 4806 tertia-
1033 4754 1094 4816 357,
1113 4754 1129 4806 3
1148 4757 1210 4804 ratio
1228 4757 1309 4806 litora.
1325 4773 1353 4820 p.
1368 4756 1420 4807 340
