3114 5356
134 274 195 334 aaa
558 359 561 363 .
694 268 876 329 nrormurs

172 414 179 429 .
193 402 208 430 ι.
222 386 267 428 au.
284 388 309 427 a
323 387 347 428 e.

134 402 292 543 proleterito
317 458 479 538 inperfecto
503 455 602 536 speeie
624 452 786 514 inchoativa
809 471 876 513 cum
896 470 1027 526 amarer,
1058 446 1206 512 amareris
1232 452 1425 525 velamem,

133 569 295 635 amaretur,
326 559 478 639 pluraliter
504 576 570 619 cum
598 571 761 616 amaremur
788 554 960 615 amaremini
988 563 1173 615 amarentur:
1217 553 1327 614 eodem
1355 553 1425 614 modu

133 671 266 742 tempore
288 661 444 741 praeterito
467 660 598 739 perfecto
621 655 719 735 specie
737 652 870 716 absoluta
892 674 960 715 cum
982 662 1095 717 amatus
1117 655 1175 716 sim
1197 655 1243 716 sis
1266 656 1324 729 sit,
1342 655 1425 736 plurr-

132 766 200 826 liter
220 781 287 823 cum
303 762 390 824 amati
408 761 500 823 siruus
521 759 584 821 sitis
602 757 675 831 sint;
698 764 727 816 et
748 754 886 817 ulteriore
904 774 971 819 cum
992 764 1106 817 amatus
1127 755 1240 816 fuerim
1262 757 1357 819 fueris
1376 756 1424 816 fue·

134 866 187 939 rit,
216 864 368 945 pluraliter
395 881 462 925 crem
488 861 574 923 amati
597 858 739 920 fuerimus
763 857 875 918 fueritis
904 856 1169 920 fuerintt⁵eodem
1193 856 1287 918 modo
1307 864 1439 936 tempores

133 967 291 1048 praeterito
306 965 594 1045 plusquamperfecto
607 959 709 1040 speeie
719 958 898 1020 recordativa
916 980 983 1022 cum
999 968 1113 1022 amatus
1129 978 1232 1022 essem
1247 977 1336 1021 essee
1351 966 1424 1025 aad.

133 1067 286 1149 pluraliter
307 1086 374 1127 curn
398 1066 486 1127 amati
505 1080 639 1125 essemus
662 1059 767 1121 essetis
789 1069 905 1137 essent3
928 1072 957 1123 et
977 1063 1115 1124 ulteriore
1139 1080 1211 1123 cum
1234 1070 1353 1122 amaurs
1366 1058 1424 1121 fu‘u

134 1188 197 1232 sem
214 1169 320 1230 fuisses
336 1168 454 1240 fuisset,
477 1163 628 1244 pluraliter
647 1179 714 1221 cum
728 1161 816 1220 amati
837 1162 997 1226 fuissemus
1017 1164 1148 1225 fuissetis
1166 1163 1314 1225 fuissentt
1336 1160 1423 1223 eaden

134 1271 221 1332 modo
240 1278 373 1348 tempure
399 1267 496 1328 futuro
519 1282 586 1323 curn
608 1268 722 1322 amatus
743 1279 794 1321 ero
816 1263 874 1324 en‘s
896 1264 967 1339 erit,
1003 1264 1154 1345 pluraliter
1175 1282 1247 1325 cum
1268 1263 1358 1325 amati
1379 1262 1423 1322 eri

135 1391 201 1433 mus
221 1371 302 1431 eritis
324 1375 424 1441 erunt;
447 1373 476 1425 et
494 1363 631 1425 ulteriore
650 1380 716 1423 cum
735 1371 849 1424 amatus
863 1366 945 1426 fuero
961 1365 1051 1427 fueris
1069 1365 1169 1438 fuerit,
1192 1364 1350 1444 pluraliter
1368 1379 1458 1425 cauu-

135 1472 222 1533 amati
245 1469 385 1530 fuerimus
408 1464 521 1527 fueritis
540 1465 657 1525 fuerint
701 1464 789 1525 modo
811 1472 971 1545 perpetuo,
1002 1467 1050 1545 qui
1073 1474 1118 1527 est
1141 1465 1279 1527 infinitus
1307 1463 1423 1526 nemeis

136 1579 165 1631 et
185 1568 338 1649 personis,
360 1575 492 1644 tempore
513 1565 785 1643 praesentianum,
807 1568 964 1645 praeterito
989 1564 1114 1651 [matrim
1138 1562 1286 1650 ternpore]
1309 1572 1422 1627 acuatum

135 1691 218 1743 esse,
256 1676 286 1729 et
310 1666 448 1729 ulteriore
471 1673 597 1725 amatum
621 1665 726 1739 fuisse,
763 1667 861 1727 futuro
891 1678 1017 1730 amatum
1047 1666 1081 1728 iri
1110 1667 1154 1728 vel
1178 1654 1340 1729 amandum
1358 1683 1421 1727 esse.

134 1772 221 1833 uredo
244 1768 422 1850 inpersuuali
440 1775 569 1841 amatur,
590 1766 752 1846 inperfecto
767 1768 934 1843 amabatur,
956 1771 1086 1850 perfecto
1102 1778 1233 1830 amatum
1249 1777 1297 1830 est
1313 1768 1357 1829 rel
1370 1766 1422 1837 fuit

135 1872 422 1954 plusquamperfecto
443 1877 571 1930 amatum
593 1877 654 1929 erat
671 1868 716 1928 vel
740 1870 850 1944 bremt,
883 1872 981 1932 futuro
1003 1872 1157 1933 amabitur.
1203 1871 1294 1932 uredo
1316 1870 1447 1952 partiri-¹⁵

134 1975 202 2055 piali
225 1972 341 2033 amandi
364 1972 488 2033 amando
508 1970 664 2031 amandum
686 1978 812 2030 amatum
835 1978 942 2032 amatu.
987 1972 1064 2052 apud
1085 1971 1230 2048 quosdam
1250 1973 1326 2034 haec
1346 1971 1421 2032 rerba

134 2077 257 2156 gerundi
285 2082 368 2147 sunt,
402 2091 481 2152 quae.
499 2071 613 2133 Probus
642 2073 746 2152 supina
773 2057 910 2150 appellat.
954 2073 1105 2153 participia
1125 2073 1285 2135 trahuntur
1306 2093 1323 2133 a
1345 2070 1422 2133 verbu

134 2178 250 2258 passiru
270 2177 343 2250 duo,
363 2175 511 2255 praeteriti
535 2174 676 2252 temporis
697 2181 726 2232 et
749 2173 854 2246 futuri;
877 2174 1025 2252 praeteriti
1047 2173 1095 2233 bic
1118 2182 1251 2247 amatus,
1274 2174 1364 2235 futuri
1383 2172 1422 2232 hie

134 2280 284 2341 amandus.
329 2277 413 2338 activi
434 2275 512 2336 uerbi
532 2273 663 2352 regulum
682 2273 814 2334 neutrale
835 2274 956 2335 verbum
976 2276 1122 2352 sequitur,
1145 2275 1256 2354 passivi
1279 2290 1423 2336 commune

135 2389 164 2442 et
189 2382 351 2460 deponens.
368 2375 381 2459 ΙΙ
609 2361 610 2366 ¹
1432 2394 1450 2431 a

219 2482 291 2540 ltem
321 2478 400 2538 verbi
430 2476 576 2539 secundae
605 2476 817 2553 coniugationis
846 2475 1010 2538 declinatio.
1055 2476 1147 2536 doceo
1170 2476 1304 2538 rerbum'
1317 2475 1424 2538 absolu·

135 2594 196 2646 tum
226 2579 380 2641 indicativo
408 2579 496 2639 modo
523 2577 631 2637 dictum
658 2576 877 2654 significationis
905 2578 1014 2638 activae
1042 2578 1257 2655 coniugationis
1287 2578 1424 2641 secundae

135 2684 247 2746 numeri
267 2678 423 2756 singularis
444 2681 555 2756 frgrrrac
572 2676 712 2758 simplicis
729 2679 871 2756 temporis
886 2679 1022 2740 instantis
1040 2697 1186 2758 personae
1202 2681 1333 2759 primae,
1355 2678 1423 2758 quod

134 2781 327 2845 declinabitur
347 2780 399 2839 sic.
437 2778 528 2838 doceo
551 2778 691 2839 docebam
715 2780 800 2840 docui
822 2780 979 2841 docueram
999 2779 1120 2840 docebo.
1160 2779 1425 2859 imperatiromodo

136 2894 267 2962 tempure
288 2879 434 2959 praesenti
453 2879 487 2939 ad
514 2880 672 2940 secundant
696 2888 725 2940 et
747 2881 860 2940 tertiam
883 2900 1039 2960 personam
1064 2882 1138 2941 doce
1161 2883 1283 2956 doceat,
1316 2881 1453 2962 plurali-a

137 2993 181 3044 ter
203 2983 360 3042 (luceamus
382 2979 485 3039 ‹locete
509 2980 648 3055 doceaut;
680 2983 776 3042 futuro
800 2982 905 3042 doceto
926 2991 975 3055 tu,
995 2983 1098 3042 doceto
1120 2982 1183 3055 ille,
1207 2983 1362 3062 pluraliter
1381 2983 1426 3043 du

135 3103 252 3145 ceamus
272 3082 404 3141 docetote
424 3081 547 3140 doceant
567 3090 595 3141 et
616 3082 750 3142 «laurento.
796 3084 923 3161 optativo
952 3083 1039 3144 nrodo
1068 3093 1199 3163 tempore
1228 3086 1375 3163 praesenti
1401 3092 1426 3143 et

138 3185 294 3267 praeterito
315 3183 476 3262 inperfecto
498 3183 608 3242 utinam
628 3184 763 3244 docerem
789 3185 954 3245 docuissem
974 3184 1103 3244 doceam.
1142 3186 1332 3249 coniunctivo
1347 3186 1426 3247 modo

136 3297 267 3366 tempore
287 3286 433 3365 praesenti
456 3304 523 3346 cum
542 3286 662 3345 doceant
682 3285 819 3345 ducerem
840 3286 989 3346 docuerim
1006 3288 1173 3347 docuissem
1191 3287 1332 3349 clocuero.
1368 3288 1427 3348 infi-

134 3390 223 3452 nitivo
245 3388 332 3449 niodo
354 3387 484 3448 numeris
508 3395 537 3448 et
565 3386 700 3467 personis
728 3394 860 3466 tempure.
889 3389 1035 3466 praesenti
1064 3389 1170 3448 docere
1200 3389 1339 3450 docuisse
1364 3390 1455 3449 doc-a

135 3502 197 3553 tum
219 3493 269 3551 ire.
303 3514 321 3548 a
346 3490 498 3569 participia
520 3489 676 3549 trabuntur
697 3507 712 3547 a
735 3490 823 3548 verbo
845 3489 1030 3560 electroque,
1054 3490 1217 3566 praesentis
1239 3492 1382 3571 temporis
1402 3498 1429 3550 et

138 3594 244 3667 futuri;
268 3590 431 3672 praesentis
450 3590 576 3661 decena,
599 3588 688 3649 futuri
711 3589 860 3649 clercturus.

219 3693 251 3753 ln
272 3693 327 3752 bac
346 3690 550 3766 coniugatione
573 3688 793 3749 observabimus
814 3691 975 3769 participia.
1021 3709 1086 3749 curn
1109 3698 1273 3751 ceteranrm
1296 3694 1429 3771 cartinea-

135 3796 246 3856 tionum
268 3795 328 3853 fere
351 3810 492 3872 praesens
513 3789 636 3849 totidem
657 3797 732 3869 qaut
753 3797 781 3849 et
801 3791 834 3851 iu
853 3792 948 3852 verbis
970 3790 1058 3851 babet
1077 3792 1219 3871 syllabae,
1242 3795 1317 3855 baec
1338 3796 1429 3856 nrinrrs

135 3915 192 3956 una
215 3893 325 3972 syllaba
348 3892 527 3964 declinatur,
552 3890 629 3949 velut
652 3907 754 3949 moveo
775 3910 910 3964 movens,
942 3893 1031 3952 sedeo
1056 3893 1163 3953 sedens
1192 3903 1221 3953 et
1244 3895 1360 3956 similia.
1403 3897 1459 3956 iud

206 4064 238 4114 10
253 4066 323 4115 critis
342 4067 406 4114 crint
418 4066 443 4114 A
515 4065 546 4113 te
564 4070 674 4111 amulum
693 4078 749 4111 esse
768 4064 879 4112 ulteriori
897 4066 922 4114 B
945 4074 1055 4116 amatium
1074 4076 1184 4117 animum
1205 4084 1263 4119 esse
1278 4069 1430 4119 ulterioreA

133 4145 243 4187 amulum
257 4143 367 4182 amulum
381 4150 437 4183 esse
457 4134 506 4182 ulti
519 4132 593 4182 modu
605 4131 637 4179 d!
707 4132 738 4181 lt
756 4134 823 4181 airardi
840 4136 1011 4197 impersonalis
1027 4144 1050 4185 et
1065 4139 1234 4201 participialia
1246 4140 1431 4188 declinationem

135 4210 160 4256 ia
173 4207 278 4269 passivo
294 4218 387 4266 pentae
401 4221 446 4254 unc.
463 4203 583 4253 (tertiarius
594 4202 737 4251 Sacerdos:
755 4203 788 4264 cf.
809 4203 888 4252 l’rub.
905 4220 933 4266 p.
948 4204 1008 4254 :tlt-t.
1028 4206 1060 4254 de
1075 4209 1272 4271 participialiter
1290 4211 1315 4257 ei
1329 4211 1431 4272 pausiae

132 4277 201 4325 dimit
218 4273 350 4322 Diomedes
365 4288 391 4334 p.
403 4271 454 4321 333
529 4271 558 4320 15
577 4270 826 4334 plusquamperfecto
845 4288 890 4320 um.
909 4270 967 4320 Art!
985 4272 1096 4321 ulteriori
1113 4275 1139 4323 B
1210 4275 1242 4325 td
1258 4285 1320 4341 aput
1339 4277 1364 4324 A

134 4339 378 4408 croppenstede
452 4341 481 4390 21
506 4355 565 4390 trau
585 4354 659 4387 unnur
677 4354 807 4388 sncruuuan
832 4356 983 4391 usturnarro
1007 4343 1099 4394 cariffi
1119 4345 1150 4393 ,lf
1170 4361 1231 4393 areu
1251 4360 1326 4394 ranst
1346 4360 1429 4393 uncci-

133 4427 207 4463 uarro
225 4426 355 4460 sacrante
368 4424 567 4476 =corucarrrorus
584 4407 635 4456 AB
709 4410 743 4457 27
762 4410 868 4460 docento
880 4416 898 4464 ς·
910 4420 934 4460 et
946 4412 1066 4461 Claudius
1077 4415 1206 4465 Saemdua
1215 4431 1241 4477 p.
1258 4414 1290 4463 13
1309 4414 1429 4463 rlueeantu

135 4479 218 4531 ΑΒΜ
233 4481 357 4529 duceuntu
371 4480 473 4528 Probus
484 4497 510 4544 p.
522 4477 574 4529 396
587 4487 609 4528 et
622 4478 672 4526 4⁸24
689 4480 822 4528 Cledoaius
836 4497 862 4543 p.
877 4479 944 4529 1873
1014 4480 1047 4528 28
1066 4483 1201 4548 praeterite
1218 4482 1358 4548 inperfecto
1376 4498 1430 4548 per·

134 4564 197 4600 eona
214 4551 297 4613 primu
310 4548 336 4596 B
352 4549 488 4612 praeterito
506 4549 532 4596 iu
551 4562 660 4612 persona
676 4549 757 4611 prima
774 4547 833 4596 Arra
912 4549 1028 4598 docerem
1046 4548 1174 4600 docuerim
1190 4552 1366 4607 docuissems

133 4618 166 4668 31
186 4623 299 4668 lacunam
317 4633 367 4681 que
382 4617 518 4668 declinatio
534 4617 602 4665 modi
617 4620 787 4680 iupcaeunalis
806 4626 829 4666 et
843 4621 1013 4682 participialia
1025 4622 1123 4670 excidit
1134 4621 1244 4670 iradieuui
1313 4621 1347 4670 34
1361 4634 1431 4684 prae-

134 4700 195 4735 sens
217 4686 303 4735 uerbis
319 4684 401 4736 ΑΒΜ
406 4700 412 4732 :
431 4700 506 4750 pares
525 4685 610 4734 uerbis
626 4685 718 4735 habent
736 4686 856 4749 syllabas,
876 4686 938 4734 lraec
955 4686 1038 4734 miuus
1059 4703 1109 4736 una
1128 4690 1225 4751 syllaba
1244 4688 1430 4741 declinanturs

205 4752 238 4802 35
256 4754 333 4802 uelud
348 4754 372 4802 B
448 4754 474 4802 in
493 4754 541 4804 hac
556 4780 591 4790 -
605 4754 665 4815 355,
685 4755 700 4807 3
716 4754 834 4820 prandidi
851 4756 931 4806 Dium.
947 4771 974 4818 p.
991 4753 1042 4805 361
