3114 5356
611 308 744 372 lNS'llT.
767 309 878 371 Glldhl.
901 310 972 373 ΗΒ.
996 311 1008 371 l
1413 313 1450 376 81

213 421 361 477 asnar.
1252 426 1399 482 eumen

318 504 353 555 at
378 494 505 557 scelus
530 496 718 558 incestum
739 497 840 578 turpi
865 498 1063 559 crescebat
1085 499 1120 559 in
1141 499 1238 573 alvo,

164 608 190 659 et
205 598 346 660 Laberius
366 605 396 657 et
415 597 521 659 Accius
542 599 726 676 trequenter3
749 599 826 678 quod
845 599 938 678 magis
961 600 1032 662 u'sus
1059 600 1222 663 celebravit

240 700 396 761 llmrilicus
424 707 468 762 est
493 707 552 762 tam
578 703 665 780 quam
688 699 839 762 beneficus
863 708 893 762 et
917 701 1084 778 maleficus,
1112 704 1240 765 munifex
1268 713 1364 767 autem
1391 717 1449 769 tam

163 820 244 881 quam
263 803 361 884 opilea
383 812 413 864 et
436 802 546 866 artifex.
591 804 687 882 itaque
708 803 863 866 munificus
891 823 1012 867 munera
1040 805 1174 885 largitur,
1201 808 1330 869 munifex
1352 819 1448 872 autem

143 923 278 967 sumere
298 907 436 986 iungitur.

241 1007 380 1072 Siueems
399 1008 519 1084 dicitur,
542 1028 601 1071 uon
624 1008 762 1082 sinceris,
784 1016 817 1068 ut
837 1006 978 1087 Vergilius
1001 1008 1041 1070 ait

319 1109 539 1174 insincerus
557 1131 646 1192 apes
666 1110 802 1172 tulerit
824 1107 976 1193 cruor;l

165 1211 211 1272 sed
231 1212 401 1275 neutraliter
421 1214 478 1277 hoo
500 1215 614 1277 siucero
628 1213 755 1286 dicitur,
785 1220 817 1274 ut
841 1211 994 1274 Terentius

813 1315 844 1376 si
865 1313 968 1376 istud
989 1316 1185 1379 crederem

138 1443 158 1484 a
321 1417 481 1481 sincere.

242 1519 350 1582 Sihilus
372 1520 429 1582 dici
451 1529 582 1601 oportet,
605 1529 637 1583 ut
660 1519 802 1598 Vergilius

320 1640 399 1682 nam
420 1640 535 1701 neque
558 1641 611 1684 me
630 1631 779 1684 tantum
802 1620 991 1682 venientis
1013 1621 1154 1684 sibilus
1176 1628 1312 1703 austri;

167 1722 415 1803 Cicerodegloria
430 1723 456 1784 ll
479 1725 532 1785 ‘in
549 1724 804 1787 Tusculanum
826 1721 912 1782 milri
932 1723 1208 1788 nuntiabantur
1228 1728 1447 1806 gladiatorii

167 1824 291 1886 sihili’.
335 1826 388 1888 sed
411 1833 440 1886 et
461 1835 564 1888 neutro
587 1846 693 1907 genere
714 1826 831 1905 quidam
856 1823 1005 1902 dixerunt,
1026 1833 1058 1885 ut
1081 1826 1200 1889 Ovidius

139 1943 158 1983 a
321 1926 436 1989 sibila
461 1927 549 1988 dant
578 1930 793 2007 saniemque
819 1934 981 2002 vomunt,

168 2026 310 2090 Ceruehus
331 2029 457 2090 Severus

323 2139 359 2191 et
381 2150 447 2192 sua
471 2131 681 2194 concordes
703 2132 792 2194 dant
813 2133 929 2195 sibila
952 2133 1053 2219 clara
1075 2133 1277 2210 dracones,

169 2238 194 2289 et
210 2229 304 2293 llacer
321 2231 470 2296 theriacen

526 2335 636 2414 longo
663 2336 884 2396 resonantia
906 2335 1021 2398 sihila
1044 2337 1153 2399 collo.

139 2460 160 2500 a
244 2436 456 2517 Quinquatrus,
489 2438 539 2498 sed
569 2456 627 2500 non
655 2435 866 2521 quinqualltria.
909 2456 967 2499 uon
994 2438 1070 2499 enim
1097 2438 1191 2499 ‹hctae
1222 2446 1292 2500 sunt
1319 2440 1446 2520 quinque

168 2535 222 2599 dies
248 2559 364 2614 sacrae,
396 2540 448 2601 sed
477 2539 553 2618 quod
581 2541 788 2623 quintusaedies
816 2539 935 2615 lduum,
966 2557 1037 2618 quas
1059 2548 1138 2602 etrus
1166 2540 1276 2620 antiqui
1296 2542 1448 2621 dicehaut;

167 2638 220 2701 sire
238 2659 255 2702 a
275 2637 480 2721 quinquando,
504 2640 533 2700 id
556 2649 601 2703 est
622 2642 789 2717 lustrando,
812 2641 890 2720 quod
910 2661 945 2703 eo
965 2642 1011 2703 die
1032 2661 1111 2704 arma
1130 2643 1233 2705 ancilia
1255 2644 1370 2707 lustrari
1390 2647 1449 2707 sirit

167 2740 252 2806 solita.
680 2758 688 2769 “

132 2826 137 2835 ’
243 2845 417 2909 Stomachus
439 2848 526 2909 etiam
548 2847 577 2908 iu
596 2847 729 2928 pluribus
749 2846 934 2926 singulariter
955 2847 1076 2923 dicitur,
1097 2856 1128 2909 ut
1148 2848 1188 2908 ait
1210 2847 1315 2909 Calvus
1338 2851 1447 2929 ‘quo-

136 2964 239 3008 scum
260 2949 497 3029 praedulcem
520 2949 638 3010 eibum
660 2950 879 3014 stomachus
898 2949 997 3010 lcrro
1015 2969 1085 3012 non
1105 2954 1257 3031 potest’.

240 3050 382 3112 hinnitus
404 3069 470 3113 cum
491 3052 629 3127 dicimus,
651 3072 685 3113 ex
700 3053 752 3115 ‚dei
774 3059 871 3113 mente
889 3051 996 3113 lactum
1018 3053 1236 3131 significamusa
1252 3052 1346 3114 divine
1368 3073 1446 3131 vero,

163 3171 225 3213 cum
243 3152 404 3215 laudamus.

240 3255 352 3317 Nudius
375 3258 476 3319 tertius
496 3258 553 3318 hoc
574 3256 731 3335 significat,
752 3276 830 3318 nunc
853 3267 897 3320 est
919 3257 981 3318 dies
1004 3257 1120 3332 tertius;
1143 3257 1212 3318 item
1236 3257 1342 3319 nudius
1360 3277 1446 3338 quar-

160 3366 216 3417 tus.
258 3357 310 3419 sed
331 3357 480 3435 quaeritur
502 3357 537 3417 de
561 3359 657 3420 tuturo
675 3368 773 3422 utrum
797 3359 952 3419 dicendum
975 3359 1011 3418 sit
1039 3359 1209 3436 diequarte
1232 3367 1261 3418 et
1283 3360 1329 3420 die
1344 3362 1446 3439 quinto

123 3475 201 3518 auo
220 3457 382 3539 diequarte
403 3467 431 3520 et
457 3458 625 3540 dieqeeiatc,
650 3461 754 3523 sicuti
779 3460 916 3541 perendie
945 3478 1011 3520 cum
1034 3458 1147 3520 dicitur.
1191 3457 1243 3518 sed
1273 3460 1446 3537 quibusdam

227 3717 240 3765 l
263 3715 297 3765 ad
313 3715 409 3765 scelum
427 3731 448 3764 ω
534 3717 656 3767 incestum
676 3719 742 3782 trrrpi
760 3735 781 3767 ω
805 3716 900 3764 incesto
916 3723 989 3780 turpe
1007 3713 1139 3766 Fabricius
1158 3714 1253 3765 incesto
1273 3715 1362 3765 cinnae
1378 3717 1446 3767 eodi-

155 3800 199 3833 eer
216 3786 352 3844 Priseiorm
370 3785 412 3835 udi
428 3786 523 3835 incesto
539 3785 644 3853 Cinyrae
662 3789 771 3838 editores
850 3783 1265 3851 6Vergiliuslqeorq.1111285
1347 3788 1363 3836 7
1382 3787 1446 3836 tule-

156 3856 189 3903 rit
205 3854 337 3906 Fabricius
351 3855 407 3904 tulit
422 3855 448 3904 N
525 3856 542 3906 8
559 3855 711 3922 Terentius]
729 3854 841 3906 Emeueh.
860 3855 910 3917 12,
928 3854 961 3905 00
1041 3856 1202 3906 decederem
1218 3857 1317 3905 sineere
1334 3855 1404 3905 credi
1422 3873 1444 3905 ω

155 3924 284 3975 crederem
302 3927 401 3976 sincere
418 3924 469 3974 dici
488 3925 636 3977 lhhrieius:
658 3928 716 3976 nu'lu'
729 3935 790 3993 post
806 3926 919 3983 sincere,
941 3925 1008 3990 qued
1024 3934 1159 3976 orhemum
1176 3941 1264 3976 vermes
1278 3927 1355 3975 locum
1372 3939 1444 3975 oceu-

152 4001 211 4059 ραι,
230 3999 255 4046 ie
271 3994 297 4043 N
312 3994 374 4044 nidi!
390 3995 478 4045 deesse
495 3995 625 4046 uidebatur
695 3996 724 4046 ll
743 3993 884 4062 Vergilius]
901 3993 980 4044 bucol.
1000 3996 1025 4052 5,
1037 3995 1072 4046 82
1144 3993 1175 4045 13
1193 3994 1225 4044 de
1243 3994 1325 4060 gloria
1343 3995 1365 4043 ll
1382 3994 1444 4043 Pue-

153 4062 238 4114 scle‘us
254 4063 287 4113 de
304 4065 389 4131 gloria
407 4066 432 4113 in
451 4066 473 4114 ll
491 4065 529 4113 N:
548 4068 573 4115 in
592 4069 612 4116 ll
631 4083 676 4120 om.
695 4082 716 4115 ω
787 4065 936 4132 gladiatoris
954 4063 1086 4114 Puteedius
1162 4065 1194 4114 14
1212 4061 1328 4128 Ovidius]
1345 4070 1441 4114 mereo.

155 4134 198 4182 llll
216 4134 269 4186 eea
360 4135 391 4184 17
407 4142 431 4183 et
449 4149 497 4184 sua
514 4138 667 4187 concordant
684 4137 761 4186 sibila
779 4149 855 4185 saeua
874 4135 996 4184 dracones
1014 4148 1070 4184 exe.
1088 4135 1200 4200 ortloqr.
1219 4150 1246 4198 ρ.
1266 4132 1331 4185 2801
1412 4132 1443 4181 18

155 4202 285 4253 theriacen
304 4204 382 4269 longo
401 4207 543 4254 resonantis
559 4207 634 4256 sibila
653 4206 718 4258 collo
735 4221 793 4255 exe.
811 4203 924 4270 ortdoqr.
943 4205 961 4252 1.
978 4218 1001 4253 e.
1027 4205 1108 4254 theria
1125 4205 1220 4255 otuudo
1245 4203 1389 4252 resonantia
1407 4201 1444 4251 si·

154 4272 208 4323 hila
226 4274 291 4323 eolla
308 4272 335 4322 N
349 4273 478 4326 theriacen
496 4277 607 4327 secundo
625 4277 768 4325 resonantia
786 4273 862 4323 sibila
880 4274 945 4324 eolla
962 4289 983 4322 ω
1060 4273 1094 4326 20
1111 4274 1282 4337 Quinquatrus
1301 4270 1442 4341 pluraliter,

154 4357 204 4392 nou
223 4345 385 4406 quinquatria
402 4344 534 4395 Putsedius
604 4347 644 4397 Ν.
661 4346 716 4394 dies
732 4345 810 4394 etries
825 4343 860 4409 N,
876 4358 1020 4408 quamquam
1038 4344 1059 4392 ri
1077 4358 1126 4394 non
1141 4346 1206 4394 soth
1223 4343 1351 4405 ademerit,
1370 4340 1443 4403 quin-

154 4427 204 4475 que
223 4414 280 4463 dies
294 4416 342 4463 atri
365 4414 499 4465 fabricius
526 4416 637 4478 quinque
659 4415 714 4464 dies
733 4421 803 4463 strue
824 4411 971 4463 Putsehius:
1003 4415 1076 4475 quasi
1099 4415 1209 4477 quinque
1227 4412 1282 4462 dies
1300 4418 1374 4473 atres,
1401 4430 1405 4449 2

155 4484 228 4543 qussi
246 4485 349 4546 quintus
360 4482 415 4533 dies
429 4485 532 4533 coniecit
545 4485 729 4535 Lindemormus
798 4483 832 4533 24
847 4481 1015 4533 Sthomeehus
1029 4483 1065 4532 N:
1085 4481 1235 4534 Stomachus
1251 4480 1326 4529 etiam
1345 4479 1369 4528 iu

155 4551 202 4600 ruli
221 4551 313 4602 dicitur
330 4554 434 4602 coniecit
451 4553 636 4605 hindenronnus
714 4553 748 4603 25
765 4551 915 4618 praedulces
932 4553 1038 4619 cibosp
1115 4549 1278 4602 sthomuchus
1295 4547 1321 4596 N

156 4630 204 4670 test
220 4621 356 4672 Fabricius
373 4631 481 4687 possunt
497 4621 536 4686 Np
623 4622 657 4674 20
679 4633 763 4675 utmm
787 4621 865 4672 diuus'
880 4621 906 4675 s.
925 4622 1060 4672 dleendum
1083 4622 1117 4672 sit
1135 4622 1161 4670 N
1187 4627 1270 4669 utrum
1295 4632 1328 4668 uu

156 4690 291 4741 dicendum
312 4692 345 4741 sit
363 4706 385 4740 ω
411 4699 493 4742 utrum
518 4694 573 4742 dies
598 4693 731 4743 dicendum
751 4693 785 4742 sit
808 4707 840 4741 on
865 4692 996 4742 leomodicas
1020 4701 1102 4741 utrum
1121 4692 1177 4741 dies
1193 4688 1290 4738 scilicet
1309 4688 1333 4736 d'

155 4760 188 4807 sit
205 4774 237 4808 an
256 4761 446 4812 bladeimarius
519 4762 554 4813 30
572 4777 603 4810 an
619 4763 749 4825 diequarte
767 4769 792 4811 et
809 4762 938 4825 diequiote
958 4776 1003 4811 om.
1022 4761 1055 4826 N,
1071 4759 1162 4810 addidi
1178 4774 1213 4809 ex
1230 4756 1327 4829 Gellie'

156 4827 289 4879 Mumodio
307 4839 356 4884 sot.
376 4831 385 4878 l
405 4834 431 4881 d.
450 4829 483 4880 23

198 4936 402 4977 eamunrrcr
424 4932 535 4979 namur
558 4936 579 4975 1.
1217 4913 1236 4973 6
