3114 5348
618 294 704 355 altu.
732 293 874 356 Gllhhffl.
900 293 972 354 hut.
994 294 1021 356 11

380 562 383 566 .
815 485 903 541 sunt
925 479 1033 541 nobis
1057 475 1161 540 milia
1185 497 1302 560 poma,

336 589 536 644 castaneae
557 581 688 643 molles
711 590 746 641 el
767 582 892 660 pressi
916 581 1024 660 copia
1045 579 1171 641 lactis.

170 680 304 759 syllepsis
327 691 372 742 est
391 668 576 744 dissimilium
594 700 698 741 rerum
723 689 753 741 et
775 681 972 743 clausularum
995 700 1160 760 perunum
1183 681 1303 744 verbum
1324 683 1468 761 congluti-

170 791 237 842 nata
259 783 422 862 conceptio.

141 909 154 945 a
253 883 295 943 De
317 885 466 963 asyndeto.
513 883 680 963 hsyndoton
708 891 755 943 est
780 900 847 943 cum
877 882 1002 962 plurima
1024 882 1142 943 nomina
1169 883 1233 944 sine
1260 883 1467 945 coniunctione
1508 932 1511 936 .

167 994 326 1060 ponuntur.
585 969 591 977 ⁴

250 1084 293 1144 De
315 1084 487 1165 anadiplosi.
531 1082 716 1163 hnadiplosis
739 1090 785 1143 est
812 1100 879 1142 cum
900 1080 1000 1143 ultima
1021 1082 1128 1163 prioris
1148 1102 1252 1145 versus
1273 1084 1362 1145 dictio
1383 1083 1465 1144 initio

166 1184 317 1262 sequentis
337 1185 474 1257 iteratur,
496 1192 529 1245 ut

681 1283 851 1362 sequitur
872 1284 1154 1363 pulcherrimus
1173 1287 1299 1366 Astyr,

127 1415 152 1454 ω
330 1388 437 1467 Astyr
458 1407 554 1467 equo
576 1387 712 1448 fidens.

164 1485 344 1565 anadiplosis
367 1496 413 1549 est
437 1487 652 1567 congeminatio
674 1486 811 1548 dictionis
835 1506 870 1548 ex
891 1487 995 1549 ultimo
1023 1486 1088 1548 loco
1110 1487 1312 1566 praecedentis
1336 1495 1365 1547 et
1385 1487 1467 1567 prin·

165 1586 242 1666 cipio
265 1590 429 1667 sequentis.
451 1646 454 1650 ,

252 1687 294 1748 lle
324 1691 483 1768 anaphora.
534 1690 690 1768 Anaphora
718 1697 765 1750 est
793 1689 897 1750 relatio
925 1689 1056 1751 eiusdem
1086 1689 1167 1750 verhi
1193 1697 1246 1750 eut
1277 1689 1381 1751 similis
1413 1707 1466 1768 per

166 1789 309 1868 principia
330 1808 469 1848 versuum
490 1789 698 1867 plurimorum,
723 1799 755 1851 ut

125 1920 151 1959 15
330 1898 431 1960 nate,
452 1907 553 1948 meae
573 1889 675 1949 vires
697 1908 735 1950 m.
762 1908 800 1950 m.
824 1909 853 1968 p.
876 1909 900 1951 s.
925 1935 940 1949 .

331 1988 1031 2070 npsdthtatceatnp

721 2211 809 2272 spes
831 2199 871 2254 tu
892 2209 989 2254 nunc
1010 2206 1079 2250 una
1102 2200 1299 2265 senectae,

330 2301 367 2352 tu
388 2291 540 2369 requies
562 2291 740 2367 miserae,
765 2294 884 2355 decus
904 2289 1175 2371 imperiumque
1197 2293 1322 2353 Latini

123 2416 150 2456 ao
331 2401 365 2452 te
388 2410 519 2471 penes,
545 2393 580 2452 in
603 2402 638 2454 te
658 2395 776 2456 omnis
798 2395 928 2455 domus
950 2391 1136 2453 inclinata
1158 2393 1355 2455 recumhit

251 2510 305 2571 list
323 2519 351 2570 et
374 2510 503 2571 secunda
521 2511 688 2591 anaphora,
710 2532 765 2592 per
786 2531 875 2591 quam
893 2509 1019 2572 elocutio
1037 2529 1096 2571 non
1115 2512 1323 2573 convenienter
1340 2529 1465 2591 respon-

165 2615 239 2674 dens
262 2613 306 2672 od
326 2612 403 2673 aliud
425 2612 552 2672 refertur
573 2612 702 2686 occulte,
727 2623 759 2676 ut
779 2623 824 2675 est
844 2613 922 2693 apud
945 2611 1115 2672 Sallustium
1138 2613 1223 2674 ‘sed
1247 2622 1355 2674 antea
1375 2613 1464 2675 ilem

109 2748 113 2755 »
164 2713 415 2774 coniuravere
436 2712 730 2792 pauci,iuquis
759 2710 925 2778 Catilina
948 2712 1027 2774 luit.
1071 2712 1112 2771 de
1142 2731 1210 2790 qua
1241 2714 1464 2791 quambre-

164 2814 320 2874 rissime
342 2823 475 2893 potero
498 2813 644 2875 dicam'.
690 2815 739 2876 hic
764 2810 805 2877 de
827 2834 897 2895 qua
919 2813 1097 2892 intellegitur
1120 2814 1329 2876 coniuratione.

126 2959 151 2997 25
250 2932 292 2991 Ile
315 2929 492 3011 epanalepsi.
537 2931 730 3011 Epanalepsis
752 2942 797 2995 est
819 2953 887 2996 cum
908 2932 1018 2995 maiore
1040 2933 1205 3012 significatu
1224 2933 1301 2993 facta
1318 2933 1464 3013 repetitio,

165 3040 198 3092 ut
220 3040 265 3092 est
286 3031 316 3091 in
339 3031 458 3093 Horatio

316 3134 424 3215 *eheu
444 3134 615 3212 fugaces,
640 3133 815 3197 Postume
837 3131 1030 3210 Postume,

330 3232 510 3296 labuntur
532 3234 628 3295 anni.

164 3345 194 3395 et
216 3334 299 3395 aliter
321 3336 505 3416 epanalepsis
526 3337 573 3409 lit,
598 3354 664 3396 cum
687 3334 788 3394 eadem
811 3334 899 3395 dictio
923 3343 952 3394 et
974 3333 1152 3413 principium
1172 3353 1274 3394 versus
1296 3341 1326 3394 et
1348 3334 1465 3395 clausu·

124 3460 149 3501 ao
163 3436 222 3498 lam
245 3444 340 3509 tenet,
364 3444 394 3496 ut

236 3658 249 3707 l
269 3655 339 3722 sunt]
364 3659 442 3722 Vera.
462 3658 543 3708 bacol.
564 3655 586 3715 l,
605 3656 637 3706 81
726 3654 743 3706 3
763 3654 887 3721 Syllcpsis
905 3684 939 3693 -
956 3658 973 3707 4
992 3656 1131 3722 conceptio,
1151 3673 1216 3721 quoe
1232 3655 1280 3703 ltoc
1299 3657 1355 3702 loco
1372 3658 1465 3704 cadara

163 3732 189 3780 in
205 3728 334 3778 codicibus
342 3735 402 3790 post
414 3729 474 3783 444,
486 3725 520 3776 30
538 3726 678 3790 iunguntur
695 3727 793 3789 scripta
811 3735 877 3786 sunt,
895 3727 942 3776 huc
959 3728 1106 3790 trmtapoaui
1173 3723 1334 3775 dissimilium
1351 3731 1376 3770 et
1394 3723 1463 3771 olau-

163 3796 277 3848 sularum
302 3796 388 3846 ΑΒΜ
412 3796 573 3845 dissimilium
605 3794 777 3843 clausularum
800 3797 932 3846 Donousa:
960 3796 1121 3846 dissimilium
1149 3809 1232 3844 rerum
1257 3806 1309 3840 nna
1333 3793 1463 3841 conclusio

162 3868 298 3929 Pompeius
313 3882 342 3930 p.
360 3865 412 3915 456
482 3864 685 3929 conglutinatum
701 3862 733 3910 Μ
806 3864 823 3913 5
841 3864 1001 3928 Asmtheton
1020 3874 1059 3915 est
1077 3880 1133 3913 cum
1151 3865 1236 3927 alique
1253 3862 1420 3924 incomposite
1439 3868 1464 3910 ct

163 3934 313 3999 simpliciter
330 3935 504 3999 proferuntur,
525 3941 550 3981 ut
570 3933 629 3980 ueni
646 3931 699 3980 uidi
717 3933 776 3983 uioi.
801 3932 863 3982 haec
881 3934 911 3983 ab
931 3935 988 3983 aliis
1004 3934 1117 3998 dialyton
1134 3933 1225 3982 dicitnr
1244 3946 1260 3987 ς
1347 3939 1386 3980 est
1403 3942 1464 3978 con-

1080 4011 1093 4035 V

161 4053 272 4119 plurima
291 4052 375 4104 ΑΒΜ
462 4048 627 4117 θεειμιὶιιιι]
651 4052 730 4114 Verp.
749 4050 814 4102 Aen.
834 4050 859 4100 X
879 4050 929 4103 lsu
1016 4051 1105 4134 asthpr
1121 4053 1184 4100 astir
1202 4065 1267 4114 equo
1284 4050 1309 4098 Α
1326 4050 1464 4115 astyhratis

161 4169 242 4218 requo
263 4155 293 4203 M
311 4164 368 4218 asty
387 4163 413 4202 at
431 4169 496 4217 equo
515 4155 540 4203 B
612 4152 640 4204 il
662 4155 844 4218 praecedentes
862 4153 921 4203 AM
936 4153 1112 4219 praecedentis
1131 4154 1157 4203 B
1231 4152 1265 4220 et]
1286 4170 1318 4203 ex
1337 4155 1363 4204 B
1433 4153 1465 4202 12

160 4225 293 4287 sequentis
312 4240 358 4274 om.
377 4223 469 4279 ΑΒΜ,
485 4226 545 4274 odd.
564 4225 680 4273 Donatus
752 4222 784 4273 13
803 4223 916 4272 eiusdem
936 4223 1005 4271 verbi
1023 4224 1138 4275 Donatus
1158 4223 1213 4271 cius
1232 4225 1304 4273 uerbi
1323 4221 1407 4272 ΑΒΜ

163 4293 196 4342 lh
215 4290 285 4357 uate]
309 4293 389 4357 Vera.
410 4292 475 4343 Aea.
497 4292 577 4342 1664
595 4299 661 4351 nate,
677 4306 749 4340 meae
766 4295 848 4351 viros,
865 4306 922 4340 mea
940 4306 1033 4356 magua
1051 4293 1165 4358 potentia
1184 4292 1268 4352 solus,
1289 4292 1366 4351 Nato,
1386 4290 1465 4355 patris

161 4362 256 4412 summi
274 4363 316 4423 qui
335 4362 385 4410 tela
403 4360 519 4426 Typhoia
538 4361 645 4420 temnis,
666 4360 707 4409 Ad
726 4369 750 4409 te
769 4359 891 4426 coniugio
910 4368 934 4408 et
956 4360 1065 4425 supplex
1084 4371 1127 4410 tua
1147 4361 1251 4409 numine
1266 4375 1344 4425 posco
1434 4358 1466 4410 16

163 4429 1171 4487 arsorracsrnrAsesorrrBorsaonrsM
1244 4427 1465 4495 lllspes]Verp.

163 4501 229 4551 Aea.
250 4498 297 4548 xll
315 4499 349 4548 67
437 4499 472 4549 20
489 4499 580 4548 domus
596 4499 679 4547 omnis
698 4498 785 4547 ΑΒΜ
868 4500 901 4547 ’22
920 4499 952 4548 ad
969 4515 1015 4550 om.
1036 4499 1122 4549 ΑΒΜ
1128 4515 1133 4548 :
1154 4498 1222 4548 aliud
1241 4497 1319 4546 refert
1335 4499 1431 4547 occulte
1449 4510 1466 4553 ς

233 4566 360 4617 reseretur
377 4568 464 4617 ΑΒΜ
531 4568 664 4617 salustium
682 4566 715 4615 B.
736 4569 809 4618 Catil.
831 4565 863 4616 18
944 4577 1018 4618 aistea
1035 4569 1059 4617 Α
1076 4577 1133 4618 aute
1151 4567 1210 4616 BM
1292 4568 1325 4619 ’26
1342 4569 1367 4616 in
1386 4567 1467 4616 liora·

163 4635 210 4704 tio]
232 4653 311 4687 curm.
332 4639 352 4686 ll
376 4638 416 4696 14,
438 4638 449 4687 l
539 4639 571 4685 27
592 4635 655 4684 eheu
675 4635 699 4684 A
725 4636 775 4685 heu
794 4636 853 4684 ΒΜ
875 4636 923 4685 heu
943 4637 1028 4694 heus
1117 4637 1236 4686 Postume
1256 4640 1332 4686 semel
1348 4639 1467 4701 scriptam

163 4717 202 4760 eet
219 4711 247 4758 ia
265 4705 352 4756 ΑΒΜ
419 4706 453 4756 28
472 4707 588 4755 labantur
607 4705 638 4753 Μ
704 4705 739 4755 30
756 4713 783 4753 ιιι
801 4706 897 4769 (Verp.
917 4705 983 4756 Aea.
1004 4709 1014 4756 l
1033 4706 1097 4770 750)
1115 4706 1288 4771 multasuper
1306 4705 1405 4755 Priamo
1424 4720 1466 4755 ro-

164 4776 252 4843 gisem
270 4791 349 4842 super
367 4776 472 4825 flectcre
488 4777 574 4825 multa.
594 4777 653 4824 item
671 4785 743 4841 pater
760 4791 816 4839 sqq.
834 4774 958 4824 Boechius
