3114 5356
604 317 815 406 1111611116
1137 324 1147 335 ·
1330 346 1357 387 u

65 497 263 563 transtulisse
296 497 525 586 videantur*).
576 521 641 587 qua
674 501 708 563 in
736 523 771 566 re
798 501 1023 567 memorabilis
1051 505 1161 568 extitit
1188 505 1358 592 utriusque

64 601 242 666 diversitas.
289 620 364 661 nam
385 597 556 664 Charisius
584 600 667 665 nihil
696 601 788 689 aliud
810 604 880 668 scre
901 604 934 666 in
955 604 996 668 iis
1019 624 1102 690 quae
1125 606 1247 690 scripta
1266 608 1357 670 inve-

63 703 105 766 nit
122 702 267 765 mutavit
289 722 387 787 quam
410 700 497 787 quod
518 702 552 764 in
575 701 758 767 breviorem
780 703 918 769 formam
937 705 1093 792 pleraque
1114 704 1259 791 redegit,
1281 729 1356 773 raro

61 803 303 868 observationes
346 799 480 864 aliunde
515 804 633 888 petitas
672 792 883 893 interposuit,
925 828 1025 893 saepe
1061 827 1179 870 nomen
1214 810 1355 873 auctoris

59 899 241 991 6166116611.
285 901 465 966 Diomedes
493 912 624 987 contra,
654 928 718 992 quo
740 909 850 993 aptius
872 909 981 971 omnia
1002 915 1186 971 conecteret
1214 917 1246 971 et
1267 918 1356 974 certo

59 1007 165 1072 ordine
196 1004 379 1090 digereret,
414 1001 550 1070 duorum
583 1010 867 1091 grammaticorum
901 1009 1152 1074 commentarios
1185 1010 1220 1072 in
1253 1030 1354 1073 unum

57 1107 236 1190 coniunxit,
258 1105 325 1170 alia
337 1103 458 1169 adiecit
464 1155 473 1186 ,
496 1109 629 1170 nomina
650 1118 817 1174 auctorum
840 1133 914 1174 raro
937 1120 969 1173 61
991 1110 1138 1175 velutin
1160 1119 1352 1175 transcursu

57 1209 190 1274 addidit.
236 1207 295 1273 sed
323 1204 404 1269 haec
432 1228 518 1271 nunc
541 1231 600 1294 per
622 1199 753 1295 singula
768 1231 890 1294 genera
912 1211 1076 1298 explicare
1099 1210 1185 1290 nolo,
1207 1235 1353 1299 praeser-

55 1312 111 1374 tim
142 1332 218 1374 curn
248 1309 291 1373 ds
326 1329 487 1372 consensu
514 1312 801 1392 grammaticorum
835 1333 893 1375 suo
922 1332 1071 1398 quaeque
1100 1309 1171 1377 loco
1196 1314 1353 1379 adnotata

54 1415 127 1476 sint.
171 1411 261 1493 binc,
283 1411 387 1495 siquis
408 1410 594 1475 accuratius
616 1411 656 1476 de
675 1411 859 1478 Cominiani
881 1423 913 1477 et
927 1410 1134 1476 Palaemonis
1148 1414 1241 1480 libris
1258 1438 1354 1503 quae·

54 1535 123 1578 rere
146 1512 240 1595 velit,
257 1532 356 1597 saepe
376 1509 418 1575 ab
438 1521 512 1576 utro
535 1534 683 1607 quaeque
705 1515 809 1599 petita
830 1515 896 1577 sint
918 1514 1118 1600 investigare
1138 1517 1268 1601 poterit.
1313 1517 1354 1581 (16

54 1614 250 1680 Palaemone
278 1633 379 1676 unum
408 1612 544 1696 addam,
584 1615 842 1679 ‘observationes
870 1614 1056 1680 verborum'
1084 1637 1166 1702 quas
1195 1619 1229 1680 in
1258 1620 1354 1682 tertio

54 1716 136 1780 libro
160 1714 335 1780 Charisius
366 1716 538 1801 conposuit
567 1714 620 1780 rel
652 1736 763 1780 omnes
798 1716 851 1781 vel
878 1716 1035 1803 plurimas
1061 1716 1103 1780 ab
1136 1739 1173 1782 eo
1205 1728 1355 1805 receptes

54 1817 176 1899 videri3
212 1826 302 1880 certo
336 1824 442 1880 autem
473 1836 512 1879 ea
538 1835 622 1902 quae
650 1826 682 1878 et
706 1816 742 1879 in
768 1817 834 1882 fine
857 1819 927 1881 eius
953 1816 1028 1881 libri
1059 1819 1130 1899 262,
1150 1821 1189 1880 25
1210 1841 1280 1907 sqq.
1322 1829 1354 1883 et

54 1919 216 2006 copiosius
244 1915 334 2002 apud
354 1915 551 1983 Diomedem
580 1919 657 1999 388,
685 1921 722 1980 10
745 1939 817 2003 sqq.
851 1917 892 1981 de
916 1917 1130 2004 qualitatibus
1153 1919 1265 1983 Latini
1287 1943 1352 1985 ser-

54 2019 156 2083 monis
186 2017 241 2082 vel
265 2016 307 2080 de
328 2016 555 2083 coniunctione
587 2026 769 2104 temporum
798 2019 933 2105 scripta
948 2028 1024 2082 sunt
1047 2018 1089 2083 ab
1108 2019 1169 2085 boc
1192 2020 1353 2085 translata

54 2142 123 2185 esse
143 2126 283 2184 constat.

135 2209 248 2306 Atque
277 2220 359 2285 haec
388 2220 521 2306 quidem
554 2242 620 2283 non
648 2223 755 2285 minus
785 2222 850 2285 iam
885 2221 926 2285 ad
954 2221 1147 2287 Diomedem
1181 2243 1279 2308 quam
1310 2222 1353 2285 ad

57 2322 238 2390 Cbafisium
270 2323 446 2408 pertinent.
491 2320 662 2386 videamus
688 2344 776 2386 nunc
810 2322 850 2386 de
881 2321 1016 2409 reliquis
1053 2322 1241 2387 auctoribus
1269 2345 1351 2409 quos

57 2426 109 2490 ille
130 2434 263 2490 secutus
285 2431 346 2486 est.
390 2423 425 2485 in
448 2445 488 2486 ea
512 2423 612 2507 igitur
630 2411 746 2510 operis
760 2432 854 2510 parte
875 2424 910 2487 in
933 2445 998 2508 qua
1016 2422 1158 2510 plurima
1180 2447 1222 2489 ex
1246 2426 1352 2490 Comi-

56 2527 142 2590 niani
166 2535 200 2589 61
223 2522 429 2587 Palaemonis
459 2523 553 2587 libris
569 2526 688 2611 petivit
710 2525 873 2613 neminem
897 2527 1029 2611 saepius
1052 2525 1233 2589 nominavit
1255 2546 1352 2611 quam

57 2627 262 2707 Scaurum,
293 2625 386 2689 cuius
421 2623 628 2688 definitiones
657 2626 815 2712 quasdam
844 2625 886 2690 ab
915 2648 955 2689 ea
981 2624 1131 2690 doctrina
1157 2647 1253 2713 quam
1281 2627 1352 2710 ipse

25 2733 29 2737 ’
56 2727 206 2816 probavit
234 2726 383 2791 diversas
404 2727 558 2813 adposuit
581 2731 713 2809 300,19
736 2727 776 2791 (16
801 2729 956 2810 oratione,
982 2730 1055 2810 300,
1078 2729 1117 2791 27
1140 2728 1181 2791 (16
1203 2726 1351 2813 partibus

56 2829 225 2905 orationis,
246 2830 319 2910 318,
345 2833 382 2893 14
410 2828 451 2892 (16
475 2830 613 2916 septimo
640 2851 735 2911 casu,
766 2831 838 2910 320,
863 2833 882 2891 4
911 2829 952 2894 (16
972 2831 1118 2907 nomine,
1146 2831 1219 2911 403,
1240 2830 1281 2891 20
1310 2827 1351 2892 (16

56 2929 221 3013 adverbio,
240 2931 313 3010 421,
334 2932 371 2992 16
393 2928 434 2993 (16
452 2928 570 3013 1111616,
592 2935 665 3012 444,
679 2933 721 2993 20
745 2929 785 2993 (16
800 2929 998 3017 hypozeuxi,
1019 2935 1093 3013 440,
1113 2932 1153 2992 26
1173 2931 1351 2994 (16116616-

57 3032 149 3118 logia‚
171 3035 246 3114 450,
270 3033 310 3093 27
331 3030 371 3094 (16
393 3039 496 3117 tropo.
542 3031 649 3095 eidem
672 3029 795 3095 Scauro
814 3031 849 3093 in
872 3030 1008 3119 reliquis
1032 3054 1160 3119 quoque
1178 3031 1350 3096 schemati-

57 3135 113 3199 bus
140 3155 227 3221 quas
253 3132 444 3219 dupliciter,
474 3134 520 3196 116
543 3141 581 3197 11
607 3133 641 3194 11
663 3132 848 3219 hypozeuxi
870 3131 992 3197 factum
1015 3144 1078 3216 661,
1113 3132 1249 3197 definita
1274 3140 1351 3196 sunt

58 3237 186 3302 alteram
211 3233 433 3300 definitionem
460 3232 672 3319 probabiliter
691 3233 828 3298 tribuas.
873 3234 1026 3298 videntur
1051 3243 1160 3298 autem
1182 3255 1221 3297 66
1243 3233 1353 3297 omnia

61 3349 96 3401 ex
125 3346 197 3403 arte
223 3336 438 3422 grammatica
467 3334 598 3416 Scauri,
628 3337 722 3399 cuius
750 3337 945 3399 mentionem
972 3333 1051 3399 fecit
1066 3334 1240 3399 'Romanus
1261 3333 1350 3420 apud

61 3439 240 3504 charisium
274 3439 349 3518 133,
377 3439 403 3498 1.
445 3439 519 3517 136,
547 3440 595 3499 16.
631 3440 705 3516 146,
726 3439 766 3500 36
798 3435 990 3522 deprompta
1018 3457 1100 3499 esse.
1152 3454 1349 3521 quamquam

60 3540 133 3606 baec
152 3540 302 3628 quidem,
325 3539 477 3625 quoniam
500 3537 569 3601 fere
588 3538 622 3600 in
645 3536 891 3601 definitionibus
912 3536 1088 3601 verborum
1111 3547 1144 3601 61
1165 3544 1350 3600 controver-

62 3644 111 3708 siis
130 3641 417 3729 grammaticorum
443 3647 623 3717 versantur,
650 3637 776 3703 leviora
797 3648 891 3722 sunt;
920 3638 978 3701 illa
992 3657 1071 3700 vero
1091 3637 1245 3722 graviora
1266 3655 1351 3722 quae

63 3742 95 3808 (16
119 3765 184 3809 161
207 3751 356 3807 veterum
383 3737 532 3825 exposita
553 3748 585 3801 61
609 3739 768 3826 exemplis
789 3742 1000 3827 antiquorum.
1016 3739 1212 3825 scriptorum
1234 3734 1349 3800 confir-

63 3854 139 3909 mata
159 3854 246 3908 sunt.
293 3863 336 3905 ex
356 3839 418 3904 boc
438 3861 558 3926 genere
583 3851 692 3905 autem
720 3864 786 3906 non
814 3845 861 3907 ita
882 3842 986 3906 multa
1005 3840 1183 3905 Diomedes
1206 3836 1350 3919 exhibet,

62 3968 154 4035 esque
172 3945 288 4033 paucis
310 3943 457 4027 exceptis
480 3941 591 4005 omnia
610 3943 704 4028 quasi
727 3943 761 4005 in
785 3965 887 4007 unum
910 3944 1016 4008 locum
1034 3944 1229 4028 constipata.
1273 3960 1349 4002 nam
1408 3961 1412 3968 ·

61 4069 274 4135 quaecumque
299 4067 339 4109 ea
364 4043 404 4109 de
426 4064 462 4107 re
483 4043 659 4107 memoriae
680 4044 826 4129 prodidit
846 4045 913 4110 illis
944 4045 1013 4109 fere
1035 4045 1245 4110 continentur
1265 4060 1350 4126 quae

62 4149 94 4213 de
114 4146 287 4236 speciebus
310 4145 465 4232 temporis
486 4146 654 4230 praeteriti
682 4144 819 4231 perfecti
842 4148 920 4229 364,
946 4151 965 4210 9
995 4169 1066 4234 sqq.
1095 4155 1128 4209 61
1154 4145 1195 4209 (16
1216 4142 1350 4207 diversa

61 4250 224 4315 verborum
248 4248 411 4333 positione
433 4248 513 4328 381,
542 4247 583 4309 20
605 4267 676 4333 sqq.
700 4246 823 4331 scripta
848 4257 935 4311 sunt.
980 4269 1064 4333 quaa
1085 4246 1216 4333 quidem
1239 4241 1349 4308 omnia

59 4372 121 4415 cum
139 4349 357 4415 continuitate
384 4370 493 4411 rerum
518 4356 550 4410 61
575 4346 804 4434 disputationis
828 4348 875 4413 ita
896 4350 983 4414 inter
1012 4371 1047 4413 se
1071 4367 1197 4411 conexa
1220 4344 1286 4407 61111
1312 4349 1349 4405 11

59 4474 173 4518 sonex
195 4450 340 4517 diversis
363 4447 444 4512 locis
466 4470 486 4511 a
508 4447 669 4512 Diomede
691 4447 828 4514 collecta
850 4450 908 4515 sed
931 4451 973 4515 ab
995 4473 1061 4515 uno
1082 4449 1192 4535 aliquo
1215 4453 1348 4510 auctore

58 4556 150 4638 petita
166 4575 241 4620 esse
271 4551 447 4639 adpareat,
475 4560 553 4615 tum
572 4550 613 4613 iis
637 4572 722 4635 quae
744 4550 786 4615 da
809 4552 923 4617 eodem
944 4557 1136 4637 argumento
1159 4546 1351 4612 Priscianus

114 4712 142 4777 ⁸)
164 4714 211 4764 1116
231 4707 376 4760 rationibus
389 4707 480 4756 ductus
494 4708 519 4756 in
540 4708 635 4757 incerta
652 4708 745 4759 codicis
763 4711 889 4776 scriptura
907 4709 950 4770 60,
968 4709 985 4758 8
1006 4705 1147 4758 Geminiani
1165 4720 1256 4780 nomen
1271 4705 1348 4757 161616

57 4811 121 4860 posse
138 4800 205 4858 dixi,
227 4803 369 4864 propterea
388 4795 456 4857 quod
470 4811 514 4844 eae
533 4811 575 4845 res
594 4811 659 4858 quae
678 4796 712 4845 ibi
731 4795 877 4846 referuntur
895 4794 1009 4845 Diomedi
1023 4800 1097 4842 notae
1113 4791 1226 4846 1161111.
1261 4801 1348 4843 contra

56 4883 176 4947 151811
195 4885 250 4937 illis
268 4895 338 4947 quae
354 4878 507 4933 aDiomode
525 4883 620 4934 omissa
638 4894 697 4933 6111
712 4882 818 4932 Romani
837 4895 928 4931 nomen
948 4881 1081 4933 restituere
1096 4886 1202 4930 6616116
1219 4895 1284 4932 sum.

1095 4964 1140 5020 d*
