3114 5356
442 344 445 349 ,
519 278 665 379 'uvsua
693 315 795 378 casu
818 315 889 379 uin.
910 283 966 378 u'
1222 318 1224 322 ·
1317 315 1376 376 vva

154 430 332 477 ‚rm-are.
1146 430 1324 486 prosimu

64 448 184 570 matrim
203 525 256 579 eo,
284 521 424 584 pransum
446 522 497 578 eo,
525 504 668 584 perditum
688 505 807 584 diquem
828 521 882 580 eo,
909 504 1000 565 lotum
1023 523 1073 578 eo,
1098 502 1227 565 andum
1249 523 1301 579 eo,
1330 523 1378 565 vo·

84 631 159 673 num
178 629 225 671 eo.
269 609 338 669 item
366 605 562 667 confitendum
590 616 650 681 est,
678 606 812 686 agendum
841 615 899 679 est,
929 605 1094 668 adeundum
1123 613 1176 666 est
1221 613 1253 666 ut
1280 614 1376 668 autem

87 714 201 775 omissa
222 710 357 773 ordinum
380 709 582 772 observatione
608 709 772 788 generaliter
799 708 962 781 absolvam,
992 705 1166 769 admonendi
1188 727 1291 771 sumus
1313 708 1377 769 inll-

90 815 181 877 nitiva
203 812 318 894 passiva
339 810 426 872 verba
444 811 484 872 ita
505 809 606 873 solitos
626 819 731 872 veteres
750 811 921 884 terminare,
944 818 975 871 ut
992 810 1127 889 agitmier
1141 809 1274 872 dooerier
1287 809 1377 889 legier

60 916 235 989 sandirier,
265 914 444 994 posteriores
471 914 479 973 i
507 913 618 989 littera,
648 923 680 976 nt
701 914 800 993 agitari
830 914 927 977 doceri
949 912 1004 992 legi
1032 907 1150 994 aulldiri.
1196 912 1226 973 in
1248 911 1377 973 secunda

88 1037 219 1100 persona
244 1016 427 1097 passivorum
448 1032 570 1077 numero
597 1016 727 1095 singulari
749 1016 856 1077 ltnitivo
877 1016 964 1078 modo
985 1023 1097 1076 veteres
1120 1014 1159 1075 ita
1181 1013 1376 1089 declinabant,

89 1140 190 1183 amare
216 1139 272 1200 pro
293 1118 416 1192 amaris,
444 1117 521 1180 velut
541 1138 623 1181 antor
639 1137 730 1181 amare
752 1128 879 1193 amatur,
906 1117 1012 1179 dooere
1034 1135 1087 1196 pro
1113 1116 1243 1192 doceris,
1272 1126 1304 1179 ut
1324 1116 1377 1178 do-

89 1244 161 1287 ceor
183 1223 291 1285 dooere
315 1221 453 1295 docetur,
482 1219 595 1282 munire
613 1239 664 1299 pro
685 1221 818 1297 muniris,
841 1232 870 1283 et
891 1219 1024 1283 similitor
1044 1240 1098 1301 per
1119 1219 1377 1309 temporaiustau·

90 1329 129 1390 tis
151 1334 182 1387 et
203 1323 353 1406 praeteriti
373 1322 525 1402 inperfecti
549 1331 579 1382 et
603 1323 686 1383 lutun'
714 1324 743 1384 iu
773 1324 908 1404 optativis
933 1329 962 1383 et
988 1321 1179 1385 subiunctivis
1201 1320 1377 1385 ellorehaut:

50 1436 205 1491 natantum
226 1426 335 1488 absunt
354 1426 429 1487 haee
453 1425 580 1506 perlecto
600 1431 628 1485 et
651 1423 940 1505 plusquamperfecto.
985 1424 1015 1484 in
1040 1424 1125 1485 tertia
1151 1442 1277 1504 persona
1305 1423 1378 1485 aeti·

90 1549 192 1592 vonum
215 1528 328 1590 numeri
356 1526 477 1608 pluralis
498 1525 595 1587 finitivi
616 1526 690 1586 modi
718 1527 857 1607 temporis
879 1526 1000 1606 perlecti
1023 1526 1170 1588 dumtaxat
1190 1528 1282 1606 figura
1304 1526 1378 1588 haec

89 1633 278 1703 observatur,
301 1638 332 1691 ut
354 1629 412 1690 iam
429 1628 639 1703 adnotavimus,
664 1648 794 1692 ornavere
816 1650 869 1710 pro
892 1637 1075 1704 amaverunt,
1102 1629 1230 1692 docuere
1249 1649 1304 1711 pro
1326 1630 1378 1692 do·

90 1741 231 1808 cuerunt,
266 1732 363 1792 dixere
385 1750 439 1811 pro
461 1731 605 1804 dixerunt,
638 1732 766 1819 muniere
786 1751 840 1812 pro
864 1732 1045 1807 munierunt;
1076 1750 1163 1811 quam
1186 1734 1309 1810 llguram
1329 1733 1378 1795 alii

90 1835 238 1916 duplicem
259 1833 440 1910 existimant,
463 1834 500 1895 de
523 1852 576 1913 qua
598 1834 680 1896 etiam
698 1832 795 1895 Velius
812 1831 930 1912 longus
952 1834 982 1894 iu
1004 1833 1030 1893 ll
1051 1834 1195 1896 Aeneidos
1211 1835 1281 1897 satis
1298 1850 1378 1897 cont·

57 1955 80 1996 n
93 1945 242 2000 mentatus
261 1945 323 2008 est,
1109 1960 1139 2017 0

258 2037 480 2099 conticuere
502 2056 622 2098 omnes
643 2036 853 2114 intentique
875 2054 936 2096 ora
959 2034 1150 2131 tenebant
1263 2074 1267 2080 ·

178 2139 304 2211 tluidam
325 2141 504 2217 grammatici
529 2140 667 2201 dicuntia
686 2139 867 2220 passivorum
888 2120 1064 2218 imperativis
1088 2157 1146 2199 non
1167 2158 1233 2203 esse
1255 2141 1377 2203 coniun-

94 2240 186 2319 genda
209 2250 340 2320 tempora
362 2242 525 2320 praesentis
547 2250 576 2302 et
594 2242 688 2313 luturi,
711 2241 761 2302 sed
783 2242 822 2302 ita
845 2240 1005 2318 distingunt
1023 2248 1056 2301 ut
1076 2240 1105 2301 id
1127 2241 1204 2318 qnod
1224 2261 1278 2322 pro
1297 2251 1378 2305 uuo·

95 2360 151 2420 que
171 2342 336 2405 notavimus
355 2353 434 2405 esset
453 2343 614 2424 praesentis
627 2350 761 2419 tantum,
794 2342 881 2403 luturi
904 2352 1000 2404 autem
1024 2342 1054 2403 in
1081 2342 1160 2403 hunc
1187 2344 1305 2405 modum
1326 2344 1376 2405 de·

63 2443 211 2517 reclinari,
232 2453 345 2505 amator
371 2453 483 2507 ametur
511 2445 805 2526 pluraliter-amemur
829 2444 964 2505 amemini
984 2453 1134 2519 amentur,
1162 2452 1291 2506 movetur
1311 2464 1376 2507 mo·

94 2554 195 2607 veatur
223 2546 374 2625 pluraliter
400 2566 565 2609 moveamur
589 2546 758 2615 moveamini
783 2543 977 2628 molveantur,
1008 2548 1130 2611 vincitor
1155 2548 1286 2609 vincatur
1312 2547 1377 2628 plu-

95 2647 193 2709 raliter
212 2648 362 2711 vincamur
389 2649 542 2711 vincamini
570 2630 732 2724 vincantur,
760 2649 888 2711 munitor
915 2651 1062 2712 muniatur
1088 2649 1238 2730 pluraliter
1263 2651 1377 2713 munia-

95 2767 158 2811 mur
179 2750 350 2812 muniamini
373 2752 539 2814 muuiantur
560 2762 589 2814 et
604 2752 713 2815 similia.
755 2750 808 2813 sed
828 2759 888 2813 tota
909 2751 964 2815 ista
987 2750 1140 2814 declinatio
1160 2754 1233 2816 adeo
1249 2753 1376 2815 absurda

96 2851 205 2913 udatur
226 2861 259 2913 ut
280 2853 366 2915 etiam
388 2854 466 2934 apud
488 2863 619 2917 auctores
638 2853 785 2917 rarissima
803 2852 849 2916 sit

66 2964 87 3005 ὅ
178 2954 270 3015 Verlra
294 2955 398 3034 supina
420 2967 490 3018 sunt
515 2958 602 3032 llaec,
630 2958 750 3022 docendi
780 2958 912 3021 docendo
939 2959 1104 3021 docendum
1134 2958 1250 3020 doctum
1278 2958 1376 3020 doctu.

98 3071 168 3132 quae
187 3057 305 3135 quidam
327 3057 472 3119 declinant
493 3067 559 3139 post
580 3059 683 3122 finitiva
705 3062 897 3140 adjungentes
919 3081 977 3123 non
1000 3061 1119 3137 similia;
1142 3060 1258 3139 quidam
1273 3067 1379 3140 putant

98 3157 180 3218 rerba
200 3159 355 3234 infinitiva3
378 3159 425 3220 alii
448 3161 523 3222 iuter
543 3161 673 3224 adverlria
695 3163 841 3241 qualitatis
863 3173 1034 3245 posuerunt.

712 3353 751 3414 Xl

178 3463 221 3525 lle
239 3463 506 3546 coniugationibus,
532 3484 603 3547 quas
624 3489 677 3533 nos
696 3472 813 3534 ordines
841 3468 1049 3552 praediximus,
1078 3469 1266 3556 dominianus
1285 3470 1378 3533 diser·

65 3565 225 3627 tutissimus
252 3569 457 3644 grammaticus
486 3569 525 3630 ita
555 3570 697 3633 disseruit.
744 3571 980 3650 coniugationes,
1015 3588 1087 3649 quas
1116 3570 1218 3632 Graeci
1241 3572 1379 3651 συζυγίας

96 3669 256 3748 appellant,
284 3678 352 3730 sunt
374 3671 449 3750 apud
472 3690 526 3733 nos
548 3681 620 3747 tres,
648 3676 739 3756 prima
767 3674 894 3736 secunda
920 3673 1014 3735 tertia.
1059 3673 1114 3734 liae
1136 3672 1328 3735 dinoscuntur
1348 3675 1378 3735 in

95 3770 187 3832 verbis
214 3770 315 3831 activis
344 3782 372 3831 et
399 3773 578 3836 neutralibus
606 3777 654 3837 sir..
676 3774 689 3861 ΙΙ
712 3777 822 3856 primae
855 3776 1067 3855 coniugationis
1102 3774 1188 3836 verlta
1224 3776 1378 3837 indicativo

94 3872 179 3932 modo
201 3880 333 3954 tempore
360 3876 506 3954 praesenti
532 3897 656 3957 persona
675 3880 802 3941 secunda
828 3899 860 3941 as
882 3877 985 3941 litteris
1006 3877 1156 3959 productis
1176 3878 1377 3954 terminantur,

94 3984 125 4035 ut
144 3995 210 4037 arno
233 3995 329 4050 amas,
350 3984 435 4037 cauto
457 3986 565 4041 cantas.
605 3981 749 4042 secundae
766 3979 977 4060 coniugationis
1000 3979 1086 4041 verlra
1108 3978 1261 4042 indicativo
1290 3981 1377 4043 modo

57 4086 226 4158 &tempore
257 4079 404 4158 praesenti
436 4099 561 4160 persona
593 4083 718 4144 secunda
746 4102 778 4144 cs
803 4084 906 4145 litteris
933 4080 1083 4164 productis
1111 4083 1315 4158 terminantur,
1348 4092 1378 4144 ut

92 4179 174 4240 video
196 4180 292 4254 vides,
317 4199 422 4243 moneo
444 4201 562 4258 mones,
593 4184 681 4246 sedeo
701 4185 794 4247 sedes.
840 4184 941 4245 tertiae
962 4184 1174 4262 coniugationis
1195 4184 1281 4246 verlra
1301 4185 1377 4246 indi-

91 4281 184 4342 cativo
207 4281 295 4343 ruodo
317 4290 448 4364 tempore
476 4288 621 4366 praesenti
650 4306 774 4368 persona
803 4287 930 4350 secunda
958 4287 984 4348 is
1011 4286 1116 4348 litteris
1143 4285 1288 4349 interdum
1314 4306 1378 4348 cor·

92 4502 136 4554 36.
154 4503 188 4555 37
208 4504 232 4554 Ν
333 4530 338 4539 =

90 4589 176 4639 Tertie
188 4591 319 4657 coniugati
331 4592 381 4642 viba
395 4594 498 4644 indicati
512 4596 553 4647 u'i‘o
567 4600 657 4661 temp‘s.
673 4600 772 4663 psall.
780 4600 802 4649 is
813 4599 903 4650 litteris
914 4583 984 4648 intdir
999 4605 1112 4661 correpte
1122 4575 1192 4645 iusdir
1202 4592 1324 4660 producte

93 4710 426 4726 Q.—

163 4778 175 4827 l
195 4780 323 4899 peg‘gmm
342 4781 551 4900 aliquemvloeum
570 4799 600 4833 eo
616 4787 729 4836 nuditum
748 4803 778 4838 eo
797 4786 824 4835 N
846 4786 973 4852 perditum
991 4801 1036 4849 eo,
1060 4783 1171 4834 locutum
1194 4796 1239 4842 eo,
1263 4781 1381 4837 nuditum

90 4865 122 4900 eo
139 4865 161 4898 ω
285 4865 422 4902 evnzrrrnc
442 4876 451 4901 r
