3114 5356
529 315 662 377 lNS'l'lT.
687 317 796 379 duan.
819 316 892 379 LlB.
915 318 942 379 ll
1322 322 1381 384 193

136 429 304 487 smne
414 427 418 434 ’
1180 436 1329 480 .mmc

81 521 152 565 rum
179 492 300 564 ineunte
325 502 381 563 n’ta
410 500 490 564 salus
511 502 622 565 credita
644 512 689 565 est
715 505 856 567 reterenti
880 523 980 568 curam
1007 448 1267 571 sollicitudidemre
1294 529 1382 589 ιιιιιιιι

83 613 207 687 ceperat

248 726 315 786 ego
338 727 403 769 vos
421 726 541 788 usque
563 706 727 787 apueris
749 711 874 771 curavi
898 709 1022 772 ambos
1043 705 1206 797 seudolo,

81 809 168 887 quasi
189 807 275 869 eide
298 809 497 872 satisfactione
519 808 649 871 criminis
668 808 786 889 dolique
807 812 979 874 certandum
1006 819 1085 874 esset
1111 831 1147 873 ac
1175 833 1234 876 non
1256 834 1326 895 prae
1348 834 1381 877 se

49 908 240 985 slecendum
260 910 297 971 de
316 913 510 974 ostentatione
532 911 710 974 meritorum.
754 915 808 976 sed
827 915 946 994 quidam
969 933 1029 975 non
1052 932 1086 974 ea
1114 916 1243 977 contenti
1267 916 1380 977 ratione
1430 938 1436 944 ·

80 1013 227 1110 consortii
249 995 316 1074 iure
335 1023 437 1094 putant
460 1034 476 1076 c
498 1024 528 1077 et
545 1035 563 1076 o
583 1015 658 1074 intcr
678 1033 710 1075 se
730 1016 841 1078 litteras
863 1016 1013 1098 expedire,
1043 1016 1121 1095 quod
1144 1037 1198 1097 ego
1219 1018 1265 1079 vix
1288 1018 1380 1080 addu-

80 1133 137 1176 cor
157 1123 192 1177 ut
213 1115 347 1190 credam,
373 1136 433 1177 non
458 1117 526 1195 quia
547 1135 651 1196 negem
674 1116 808 1181 Votruios
826 1138 879 1199 pro
901 1119 1034 1181 Veturius
1057 1127 1087 1180 et
1107 1138 1211 1181 corsus
1231 1128 1262 1181 et
1282 1120 1332 1181 olli
1350 1128 1381 1182 et

80 1226 187 1278 contra
210 1206 411 1283 dictum'esse
431 1219 563 1299 reperiri.
607 1220 638 1281 in
664 1218 768 1281 mediis
795 1219 869 1280 baec
892 1227 938 1282 est
962 1200 1117 1282 verborum
1140 1220 1272 1301 partibus
1290 1220 1379 1302 lepidi

79 1319 200 1399 pictura
221 1320 366 1381 sermonis
389 1340 480 1382 u....
503 1340 520 1382 e
539 1320 634 1383 littera
652 1320 825 1383 terminatur
846 1322 942 1398 munt,
970 1322 1036 1402 quia
1062 1323 1225 1385 succedens
1247 1323 1274 1385 ei
1295 1344 1313 1385 o
1335 1324 1379 1386 rel

37 1444 67 1485 ιο
80 1421 111 1483 ei
136 1431 240 1484 contra
262 1442 279 1484 e
300 1422 411 1499 littera,
437 1421 530 1485 modo
555 1423 653 1486 cined
669 1424 757 1486 modo
778 1423 905 1486 vincitur
930 1404 1019 1487 modo
1043 1424 1182 1501 alternat,
1209 1427 1299 1489 modo
1326 1446 1380 1507 par

78 1531 139 1586 est
182 1523 287 1599 iincit,
310 1543 377 1586 cum
398 1524 523 1587 dicimus
542 1521 548 1605 Ι
567 1525 678 1603 liquido
698 1525 744 1588 vel
762 1545 845 1601 raro,
867 1545 926 1589 non
947 1545 1041 1604 rare,
1064 1536 1196 1602 otnero,
1220 1547 1280 1589 uon
1295 1546 1379 1604 rere3

78 1625 225 1699 uincitur,
264 1644 331 1688 cum
359 1627 509 1690 rarissime
536 1626 677 1704 dicimm,
708 1647 768 1689 non
789 1629 956 1705 rarissimo,
986 1638 1016 1691 et
1037 1630 1181 1708 condigne
1202 1639 1232 1690 et
1250 1628 1378 1708 indigne,

78 1743 150 1787 cum
166 1746 328 1808 possumus
349 1728 447 1790 dicere
467 1728 556 1807 digno
576 1736 605 1791 te
620 1738 650 1791 et
667 1729 787 1808 indigno
801 1740 831 1793 te
845 1732 940 1794 iecisti
964 1759 983 1796 a
1005 1739 1035 1793 et
1054 1750 1121 1792 cum
1139 1730 1302 1807 coditiano,
1318 1751 1378 1793 non

78 1828 229 1891 coditiane
251 1830 439 1908 disserimus;
464 1852 518 1912 pan
536 1841 596 1907 est,
623 1843 656 1895 ut
676 1833 706 1894 iu
727 1830 826 1894 multis
848 1833 1005 1911 generibus
1023 1834 1109 1895 istius
1130 1832 1210 1895 modi
1232 1832 1378 1909 dictionis,

38 1952 65 1992 rs
78 1931 238 1993 commodo
258 1934 483 2013 commodeque,
507 1942 540 1996 ut
556 1935 675 1996 Plautus
691 1935 721 1995 in
736 1933 890 1996 Frirolaria
908 1936 1114 1997 ‘commodo
1135 1934 1227 1997 dicti
1237 1939 1377 1997 temus’.

77 2051 141 2094 uon
163 2034 231 2112 quia
252 2036 454 2115 negemultca
477 2037 626 2099 Sassinum
654 2037 731 2098 inter
757 2036 917 2116 quaestion.
947 2056 980 2098 os
1008 2036 1136 2098 Teatinis
1166 2046 1196 2099 et
1222 2038 1379 2099 blarucinis

78 2154 148 2196 esse
168 2137 262 2197 moris
286 2156 303 2198 e
322 2139 446 2200 litteram
466 2139 611 2218 relegare,
641 2160 659 2201 o
685 2137 817 2200 videlicet
844 2156 898 2217 pro
926 2137 1028 2199 eadem
1054 2139 1150 2201 littera
1177 2138 1380 2202 claudentibus

78 2236 250 2299 dictionem.
284 2239 382 2317 itaque
405 2248 516 2302 veteres
535 2260 591 2302 nec
611 2241 685 2302 baec
703 2259 758 2317 seu
778 2239 900 2301 facultas
921 2239 982 2301 sire
1003 2240 1076 2301 ratio
1098 2260 1151 2302 seu
1172 2239 1312 2319 quidquid
1333 2249 1379 2303 est

79 2337 294 2417 elegantiarum
322 2341 417 2422 potuit
444 2341 573 2404 evadere.
617 2342 743 2421 denique
764 2341 800 2413 Ο.
823 2341 929 2422 Caepio
950 2341 980 2402 in
1001 2340 1039 2401 bl.
1056 2340 1210 2403 Aemilium
1236 2343 1378 2404 Scaurum

39 2437 247 2517 arlegellaria
269 2443 367 2504 ‘cum
387 2443 430 2505 ab
451 2444 526 2506 isto
548 2443 725 2505 videcem'
744 2444 839 2525 inquit
854 2442 1014 2506 ‘cotidie
1034 2442 1157 2505 bostis
1179 2443 1378 2505 adiuvari'.

79 2559 156 2619 quae
177 2542 297 2620 quidem
321 2561 375 2622 ego
397 2546 636 2624 reprehendenda
661 2565 721 2608 non
740 2546 853 2619 iudico,
877 2545 960 2624 siqua
980 2545 1054 2607 ratio
1074 2546 1197 2606 tortasse
1214 2565 1273 2607 non
1297 2547 1378 2607 tlrma

78 2661 138 2704 nec
155 2643 187 2705 in
208 2644 323 2723 legibus
345 2645 407 2707 suis
428 2646 537 2709 durans
554 2616 735 2709 biterdubne
755 2645 922 2708 succumbit
941 2646 1043 2707 alienis
1061 2645 1267 2723 elegantiarmn
1283 2665 1380 2705 reine-

78 2744 139 2807 diis
156 2746 352 2825 adquiescens
365 2748 512 2828 fidemque
528 2749 706 2829 proclamat,
727 2748 908 2811 auctoritatis
928 2746 1063 2808 ridebcet
1082 2766 1138 2807 nec
1156 2746 1230 2808 adeo
1252 2746 1379 2808 sanctio·

79 2848 144 2923 nis,
165 2848 270 2911 alienis
289 2849 397 2912 rin'bus
416 2869 520 2911 manus
543 2851 669 2914 tradens.
710 2870 778 2913 uam
796 2871 861 2914 cum
885 2850 1050 2913 dialecticae
1068 2856 1175 2910 statcun
1197 2869 1255 2910 non
1277 2848 1378 2935 eadent

35 2970 66 3011 z
79 2951 126 3012 ria
149 2970 206 3012 nec
235 2951 399 3014 substantia
426 2952 607 3015 terminarint
630 2980 649 3015 a
672 2940 723 3036 [et¹
738 2962 836 3016 cetera
856 2973 930 3034 quae
951 2954 1061 3014 Graece
1084 2947 1263 3031 sequuntur]
1287 2949 1379 3010 ranulto
1425 2981 1430 2990 ·

77 3142 98 3192 8
114 3168 150 3177 -
167 3140 201 3191 15
219 3140 246 3188 Ν
747 3188 751 3193 .

220 3229 344 3293 repperiri
367 3231 393 3279 in
416 3228 508 3279 mediis
530 3226 547 3276 ll
580 3230 595 3277 c
625 3227 759 3277 raerborum
789 3229 888 3277 actious
917 3182 996 3293 lepidi
1022 3226 1120 3292 pictura
1150 3225 1308 3275 scamoniam

82 3317 116 3365 ltl
221 3299 308 3365 elida
325 3316 473 3364 terminatur·
492 3298 562 3365 aiunt
584 3331 600 3378 q
623 3314 762 3364 succedens
782 3315 805 3364 ei
824 3314 871 3362 oti
893 3315 916 3362 ei
940 3321 1027 3362 contra
1046 3329 1060 3361 e
1077 3312 1161 3361 littera
1179 3328 1194 3360 r
1211 3312 1240 3359 ici

220 3403 263 3451 m'o
285 3403 363 3451 uincit
382 3405 424 3452 md
441 3401 546 3451 alternat
563 3403 610 3450 mo
626 3416 672 3465 por
691 3405 728 3449 est
744 3401 825 3450 uincit
847 3414 904 3449 cnrn
925 3398 1035 3448 dicimus
1058 3396 1155 3459 liquido
1173 3400 1198 3448 iu
1218 3397 1309 3446 rareri

220 3500 316 3539 etuero
329 3488 346 3536 ri
358 3504 417 3537 uere
431 3489 540 3537 uincitur
550 3501 608 3536 eum
621 3488 750 3537 rarissimo
760 3489 870 3541 dicimus
882 3488 897 3534 ir
910 3486 1040 3535 rarissimo
1053 3494 1077 3556 et
1089 3483 1216 3548 cotrdigne
1229 3493 1253 3532 et
1265 3484 1321 3531 ind.
1333 3520 1339 3530 .
1350 3499 1377 3532 .e

220 3591 277 3625 curn
290 3589 424 3641 possumus
433 3575 518 3624 dicere
530 3574 609 3639 digno
621 3582 646 3623 te
656 3582 679 3623 ct
689 3574 794 3639 indigno
808 3582 832 3622 te
846 3571 927 3621 iecisti
941 3580 965 3621 et
978 3582 1037 3623 etam
1047 3570 1177 3620 cotidiano
1191 3586 1219 3619 u.
1230 3607 1236 3618 .
1249 3570 1376 3619 cotidiene

81 3663 114 3712 15
221 3660 352 3711 disserim:
366 3676 412 3728 par
421 3671 459 3711 est
468 3670 495 3711 ut
505 3662 531 3709 in
539 3662 626 3711 multis
637 3661 773 3727 generibus
783 3658 936 3709 istiusmodi
948 3659 1067 3709 dictionis
1078 3656 1376 3717 commod..eommodeq:

81 3750 142 3798 ‚vni
152 3755 187 3803 ι’,
199 3753 208 3794 1
221 3757 247 3796 ιιι
256 3749 358 3814 plautus

134 3888 163 3937 ll
186 3889 284 3951 liquido
302 3903 346 3936 seu
361 3902 418 3935 raro
434 3902 456 3935 ω
511 3887 543 3938 1·.)
561 3887 686 3952 eorrdigne
704 3896 729 3935 et
745 3886 849 3952 indigne
866 3899 888 3933 m
947 3886 980 3936 lb
996 3885 1122 3936 cotidiana
1142 3896 1191 3932 non
1208 3880 1337 3931 cotidiano
1354 3895 1375 3929 ω

148 4060 166 4112 3
186 4074 235 4127 ego
253 4063 326 4112 uobis
343 4077 359 4109 a
376 4061 463 4127 pueris
481 4077 562 4124 usqne
581 4061 721 4110 Fabricius.
744 4060 803 4110 Ter.
822 4058 932 4123 Adelpb.
949 4059 970 4109 V
989 4055 1015 4117 9,
1033 4057 1051 4106 5
1136 4058 1153 4106 4
1170 4053 1317 4104 certandum
1336 4066 1377 4100 es·

79 4142 128 4192 set,
144 4145 175 4180 ac
193 4147 215 4181 ta
233 4131 380 4181 certandum
464 4148 494 4180 ae
512 4132 537 4180 Ν
619 4132 635 4180 5
660 4132 863 4180 ostentationem
886 4127 1029 4179 ostentione
1047 4126 1073 4175 N
1158 4127 1255 4174 ratione
1272 4136 1376 4173 consur-

78 4204 108 4250 tii
128 4187 265 4252 co'ratio..
287 4203 406 4251 consortii
425 4201 451 4250 N
520 4202 552 4251 10
571 4202 646 4251 modo
663 4200 740 4248 vincit
758 4200 833 4250 modo
852 4200 960 4249 vincitur
976 4197 1075 4246 Obaric.
1090 4212 1117 4259 p.
1139 4194 1187 4246 179
1203 4194 1311 4265 o.sa1co
1356 4261 1362 4271 ⁹

82 4271 113 4323 ta
130 4274 246 4322 lacunam
263 4288 314 4338 qna
331 4273 505 4322 altemaatinm
522 4260 660 4322 litterarior
678 4286 692 4319 e
707 4276 732 4318 et
748 4285 763 4320 o
780 4272 917 4333 exceptum
936 4267 1034 4317 excidit
1049 4268 1160 4316 iudicum·
1245 4264 1277 4314 16
1292 4261 1376 4310 Sassi-

80 4356 140 4391 num
161 4344 202 4392 vel
222 4340 355 4392 Sassinate
377 4341 527 4392 Ritscbelius
548 4358 654 4406 parerp.
677 4341 762 4389 Plaut.
780 4341 796 4397 ‚1
818 4342 883 4403 pti
906 4338 1038 4389 Sarsinum
1061 4336 1195 4386 Fabricius
1223 4333 1330 4384 sabarim
1353 4330 1379 4378 N

79 4412 204 4461 Sabinum
221 4410 256 4461 R.
274 4410 416 4461 Merkelius
493 4413 558 4461 inter
575 4412 702 4476 ‹praestion
722 4411 853 4461 ostentinls
872 4418 899 4458 nt
915 4406 1055 4457 marucinis
1072 4406 1099 4454 b'
1119 4407 1185 4481 inter
1202 4401 1376 4466 qiraestionem

81 4483 224 4532 tlseeatinis
248 4489 274 4531 et
295 4480 461 4531 blarrbueinis
485 4481 632 4531 Fabricius.-
664 4481 730 4530 inter
751 4481 871 4530 Vestinos
896 4478 1008 4527 Teatinis
1027 4475 1061 4525 R.
1084 4474 1236 4525 Merkelius.
1262 4474 1378 4537 [ortam

82 4552 196 4616 interque
212 4552 333 4601 Vestinos
351 4551 396 4599 sed
414 4560 439 4601 et
455 4551 569 4601 Teatinis
642 4548 673 4599 ts
691 4549 759 4598 natio
778 4549 802 4597 N
869 4548 904 4600 20
923 4548 1012 4610 inquid
1030 4561 1098 4597 corr.
1115 4544 1235 4607 lnquitN
1304 4540 1377 4590 adiu·
1424 4542 1431 4551 '

83 4623 130 4670 rari
141 4622 179 4671 Νι
195 4622 291 4672 cotidie
310 4620 424 4670 consiliis
442 4620 522 4670 bostis
541 4621 656 4669 adiuuari
675 4618 804 4669 Charisius
813 4635 840 4682 p.
854 4618 903 4668 177
921 4634 945 4670 u.
959 4618 1050 4667 cotidie
1117 4614 1151 4663 21
1171 4630 1221 4680 ego
1239 4613 1254 4677 a]
1270 4610 1377 4676 rephen-

82 4690 163 4740 dcnda
182 4690 237 4739 ιἰΝ
316 4692 350 4740 'll
367 4690 515 4739 dialecticae
532 4704 554 4738 ω
576 4690 689 4739 dialccce
706 4688 730 4737 N
812 4688 846 4739 25
865 4698 889 4738 et
906 4696 990 4737 cetera
1008 4701 1073 4749 quiae
1088 4682 1185 4733 Graece
1203 4692 1343 4746 sequuntur
1361 4696 1378 4729 a
1469 4710 1475 4731 t

80 4760 185 4878 {zm
201 4760 365 4879 qap'grlacca3
372 4760 454 4876 ppo-ba
471 4761 593 4810 criminer
606 4760 758 4823 interposito
775 4773 832 4808 ecce
844 4760 905 4809 uidit
916 4756 945 4806 0.
961 4757 1065 4805 Iobates
1081 4762 1150 4804 amnt.
1165 4756 1279 4804 societat.
1299 4754 1377 4802 litter.

82 4857 88 4871 ι
138 4846 216 4879 on.a.
266 4839 392 4891 'p.··..

123 4934 328 4978 sanunacrcr
351 4934 461 4975 cnrrnr
484 4933 505 4974 1.
1130 4908 1170 4970 13
