3114 5356
152 186 217 257 492
714 181 900 253 momnis

157 306 397 458 dispagllllir.
442 394 511 437 nam
531 382 562 437 et
586 374 784 456 pantomimus
804 382 836 434 et
857 372 1012 455 pytbanles
1032 381 1063 434 et
1081 302 1467 438 cnoramel'ilrueossem

158 479 313 543 canebant.
351 478 403 541 sed
422 475 490 556 quia
512 496 572 537 non
595 483 733 557 poterant
752 475 851 537 omnia
872 474 959 537 simul
977 473 1058 555 apud
1076 492 1184 537 omnes
1202 475 1344 541 amillces
1365 478 1468 559 pariter

158 580 314 657 excellere,
344 580 421 659 siqui
444 586 528 639 erant
547 578 625 639 inter
645 585 761 638 actores
788 578 1005 639 comoediarum
1033 593 1088 656 pro
1109 575 1256 639 facultate
1280 586 1314 639 et
1334 590 1401 641 arte
1420 600 1466 660 po

158 682 264 758 tiores,
293 681 490 763 principatum
510 679 567 741 sibi
587 678 703 740 artillcii
723 678 917 740 vindicabant
962 676 1006 739 sic
1025 677 1137 737 lactum
1156 686 1205 739 est
1233 686 1274 741 ut
1302 680 1464 743 nolentibus

158 784 265 845 cedere
284 782 383 844 mimis
402 782 434 843 in
455 778 578 848 artillcio
600 798 654 841 suc
670 780 776 841 ceteris
794 777 939 861 separatio
957 778 1042 839 deret
1056 777 1251 857 reliquorum.
1296 800 1369 843 nam
1385 778 1482 861 dumis

159 884 291 967 potiores
312 880 516 955 interioribus,
537 880 587 960 qui
610 880 640 940 in
655 879 804 941 communi
822 879 983 959 ergasterio
1004 886 1104 953 crant,
1127 880 1241 941 servire
1258 882 1462 962 dedignantur.

125 1028 137 1051 ,-
158 1008 192 1049 se
221 988 303 1069 ipsos
331 1003 349 1045 a
374 982 524 1044 comoedia
553 989 776 1061 separaverant,
808 1000 843 1042 ac
868 980 912 1042 sic
936 980 1047 1043 iactum
1072 988 1120 1042 est
1146 989 1178 1042 ut
1199 982 1348 1064 'exemplo
1378 984 1462 1047 semel

159 1097 277 1169 sumpto
298 1104 371 1148 usus
389 1083 514 1163 quiaque
539 1081 610 1144 artis
632 1101 703 1144 suae
726 1100 789 1143 rem
813 1080 918 1159 exequi
945 1080 1076 1161 coeperit
1100 1099 1200 1159 neque
1227 1083 1261 1144 in
1283 1086 1460 1148 comoediam

160 1190 267 1251 venire.
312 1187 395 1248 cuius
413 1185 457 1247 rei
477 1183 585 1245 indicia
607 1182 737 1263 produnt
753 1181 840 1245 nobis
861 1182 997 1261 andqrtae
1017 1182 1205 1259 comoediae,
1231 1185 1265 1246 in
1288 1187 1399 1264 quibus
1420 1189 1460 1249 in

159 1291 291 1353 venimus
310 1290 388 1349 ‘acta
412 1286 491 1349 tibiis
511 1285 632 1367 paribus
651 1291 702 1345 aut
717 1284 871 1364 inquibus
891 1292 942 1345 aut
962 1284 1113 1347 sananis’.
1151 1277 1276 1367 qnando
1297 1289 1380 1351 enim
1395 1291 1487 1351 ebore

158 1412 209 1455 ms
229 1390 368 1463 canebat,
391 1387 518 1449 choricis
539 1387 633 1461 tibiis,
655 1386 685 1446 id
706 1393 753 1447 est
771 1384 962 1461 choraulicir,
991 1385 1094 1447 erdlex
1115 1384 1313 1464 concinebat,
1343 1390 1375 1451 in
1397 1410 1459 1452 ean-

105 1518 113 1528 ·
159 1492 217 1552 tiro
238 1498 336 1551 autem
355 1487 529 1568 pptlmulicis
549 1484 752 1567 responsabae
797 1487 849 1549 sed
871 1487 950 1565 quod
979 1486 1116 1568 ‘paribus
1135 1486 1232 1549 tibiis’
1262 1488 1310 1549 rel
1338 1490 1458 1571 ‘inpari

159 1589 234 1650 bns’
262 1587 425 1649 invenimus
447 1589 604 1668 scriptum,
631 1587 689 1649 hoc
714 1584 860 1668 significat
887 1588 981 1666 quod,
1010 1587 1154 1667 siquando
1175 1590 1322 1653 monodia
1349 1593 1457 1671 agebat,

162 1710 250 1753 unam
269 1689 368 1750 tibiam
386 1688 520 1764 iullabat,
542 1689 685 1767 siquando
704 1691 841 1770 synodio,
869 1699 1017 1769 utrasque.
1032 1684 1046 1772 ΙΙ

427 1875 639 1939 carneuna
661 1877 711 1939 nn
731 1876 999 1939 nxnmmmrn
1012 1858 1193 1937 'nonmm
1469 1912 1487 1951 „

246 1996 391 2069 Quoniam
417 1995 584 2059 extremitas
611 1995 762 2057 nominmn
790 1994 827 2055 ad
850 1994 1001 2055 metricam
1028 1995 1265 2075 conpositionem
1294 2002 1459 2064 recenso

146 2099 327 2178 indaginem
348 2096 485 2176 inquirit,
513 2097 622 2157 idcirco
644 2095 826 2175 singulorum
851 2095 1048 2157 extremitates
1075 2096 1231 2175 regulatim
1255 2118 1348 2179 quam
1370 2104 1461 2185 potui-

153 2220 226 2262 mus
246 2200 380 2261 desmitas
402 2197 590 2274 contulimus,
613 2216 671 2276 quo
692 2198 807 2260 lacilius
828 2205 989 2261 metrorum
1011 2203 1161 2273 tractatus,
1185 2218 1255 2262 cum
1279 2202 1339 2283 legi
1360 2224 1461 2287 coepe-

160 2302 214 2373 rit,
237 2301 392 2379 colligatur
411 2307 440 2360 et
459 2319 533 2381 pura
551 2299 597 2360 via
616 2301 645 2361 iu
668 2320 774 2372 sensus
795 2298 919 2377 legentis
941 2306 972 2359 et
992 2298 1056 2360 sine
1077 2299 1144 2363 ullis
1163 2302 1344 2382 caliginibus
1360 2309 1458 2369 veniat.

161 2402 257 2464 omnis
281 2420 368 2462 casus
390 2400 504 2462 numeri
527 2400 682 2479 singularis
705 2409 735 2462 et
755 2400 877 2481 pluralis
902 2400 1053 2461 observata
1078 2401 1236 2464 norissima
1258 2407 1375 2486 syllaba
1396 2409 1489 2470 laci-⁵¹

160 2503 218 2564 lius
232 2502 408 2565 monstrabit
428 2520 486 2579 quo
507 2503 594 2562 modo
614 2522 751 2583 separare
770 2502 946 2576 debeamus,
968 2503 1101 2580 quaesit
1120 2504 1313 2583 producenda
1328 2510 1376 2571 vel
1391 2528 1461 2590 quae

161 2604 343 2683 corripienda
365 2602 465 2663 ultima
488 2603 638 2663 nominum
661 2604 780 2683 syllaba.
825 2603 954 2682 quinque
981 2603 1059 2664 enim
1087 2605 1204 2667 recales
1223 2627 1311 2671 suam
1334 2618 1483 2692 peresa,

161 2713 220 2765 tem
243 2711 374 2776 mutant,
397 2719 464 2761 cum
485 2720 539 2780 per
560 2720 647 2764 casura
668 2705 785 2765 nomina
806 2724 822 2764 a
845 2705 938 2784 prima
957 2704 1004 2765 sui
1022 2704 1168 2783 positione
1180 2706 1290 2770 inllexa
1305 2713 1460 2774 canentur.

161 2806 256 2865 omnia
275 2803 281 2887 Ι
301 2803 388 2880 igitur
414 2801 532 2861 nomina
557 2803 663 2879 quibus
685 2805 820 2865 universa
845 2806 982 2866 dictionis
1007 2806 1077 2867 silva
1105 2809 1223 2887 copiosa
1244 2821 1293 2872 est
1321 2832 1382 2875 non
1399 2815 1461 2894 plus

162 2922 249 2981 quam
273 2922 326 2982 per
344 2901 497 2962 duodecim
520 2901 637 2964 ultimas
660 2906 771 2966 litteras
799 2904 956 2988 [syllabas]
989 2909 1144 2981 liniuntur,
1175 2912 1309 2990 quinque
1335 2917 1487 2988 vocales&

161 3002 335 3075 aelon,
370 3021 419 3062 sen
445 3002 648 3079 semivocales,
683 3007 743 3066 lm
766 3027 784 3067 u
807 3027 823 3068 r
844 3030 859 3069 s
879 3029 912 3081 x,
946 3028 1031 3070 urnam
1056 3017 1182 3083 mutam,
1213 3021 1242 3079 t,
1274 3024 1310 3075 ut
1338 3017 1459 3079 Sisenna

161 3101 270 3161 monile
292 3103 387 3181 sinapi
404 3103 506 3164 Cicero
527 3123 597 3166 veru
619 3107 720 3167 oonsnl
741 3126 892 3169 scamnum
912 3119 1016 3187 pecten
1034 3112 1141 3172 (laesor
1158 3113 1257 3174 Livius
1274 3116 1349 3177 silex
1365 3128 1458 3198 capnt.

162 3221 216 3280 age
241 3223 318 3264 nunc
339 3206 469 3266 omnium
495 3208 645 3268 irorriinum
672 3210 868 3270 extremitates
886 3230 940 3290 per
959 3231 1062 3273 errines
1086 3233 1187 3287 casus,
1214 3234 1293 3294 quae
1315 3219 1377 3281 siut
1397 3239 1460 3300 pre

163 3303 313 3373 ducendae
336 3308 380 3367 rel
400 3309 615 3388 concipiendae,
639 3329 827 3392 exponemus.

247 3408 289 3467 lle
320 3410 496 3471 nominativo
525 3430 595 3472 casu
624 3413 774 3490 singulari,
819 3414 922 3474 Omnia
948 3415 1066 3476 nomina
1094 3418 1223 3496 exceptis
1251 3421 1485 3500 mormsp'llabisa

163 3529 233 3571 casu
255 3511 432 3573 nominativo
455 3512 594 3590 singulari
617 3514 786 3573 incineratis
811 3514 914 3575 litteris
936 3517 1088 3577 duodecim
1116 3518 1286 3580 novissimis
1305 3524 1457 3584 terrninata

161 3611 359 3690 corripiuntur
377 3621 494 3692 praeter
510 3632 548 3673 ea
571 3632 645 3691 cquae
665 3636 682 3674 o
704 3615 799 3675 littera
821 3615 975 3689 liniuntur,
1011 3626 1043 3677 ut
1065 3620 1152 3695 Cato,
1183 3619 1338 3699 syllabare.
1350 3643 1399 3699 es,
1429 3631 1457 3683 ut

160 3710 276 3771 Alcides
299 3713 372 3773 ludes
394 3714 504 3787 titubes,
535 3713 581 3773 rel
603 3733 650 3787 as,
673 3723 706 3775 ut
727 3716 880 3778 Maecenas
903 3718 1026 3781 facilitas
1049 3721 1176 3794 deneas,
1203 3721 1234 3781 in
1255 3741 1307 3800 en,
1336 3736 1368 3785 nt
1388 3726 1456 3795 lien;

161 3813 231 3874 item
254 3814 482 3891 Graeculum,
509 3824 541 3876 ut
567 3815 672 3885 lreros;
705 3816 843 3879 feminina
862 3836 979 3898 quoquc
1001 3822 1177 3882 ncnuiuativo
1201 3842 1217 3882 e
1245 3822 1342 3887 littera
1370 3827 1455 3893 linita

160 3922 192 3973 ut
214 3914 297 3974 Circe
320 3914 406 3975 llirce
425 3915 581 3976 Phoenice.
1464 3944 1482 3983 s

114 4128 125 4146 ·
231 4121 244 4170 l
264 4123 379 4187 pytaules
398 4127 449 4175 AB
466 4127 575 4192 pitaules
594 4125 624 4174 M
642 4136 666 4177 et
683 4129 766 4178 codes·
784 4121 900 4196 Seioppii
915 4150 985 4197 scorp.
1005 4137 1059 4184 teet.
1080 4135 1103 4183 V
1122 4136 1153 4185 lb
1224 4138 1241 4186 4
1259 4145 1287 4185 ut
1306 4156 1354 4190 om.
1368 4137 1454 4190 ΑΒΜ.

144 4193 259 4247 ,adds
328 4192 447 4244 5mimis
465 4197 490 4245 B
507 4197 629 4246 Remirnis
647 4196 679 4244 Μ
695 4214 722 4245 se
741 4197 824 4249 niimis
842 4202 865 4248 Α
936 4203 995 4251 duum
1015 4220 1061 4254 ona.
1081 4204 1140 4254 ΒΜ
1207 4205 1372 4257 ttconmmnt
1389 4210 1454 4258 Lon-

157 4264 214 4324 piua
232 4263 299 4310 vind.
317 4269 383 4324 orep.
402 4265 472 4315 Iloua.
491 4282 519 4330 p.
539 4267 574 4314 44
598 4268 667 4315 οιιιιιί
683 4265 769 4315 ΑΒΜ
785 4280 808 4318 et
826 4272 910 4321 roden·
928 4265 1043 4337 Seinppii
1130 4276 1270 4339 ergasterio
1289 4278 1317 4326 Β
1339 4279 1454 4342 magiste-

161 4331 233 4385 ιίος
304 4331 505 4397 dedignarentur
522 4337 606 4385 eodem
623 4337 738 4400 Scioppie'
820 4339 883 4387 Ὶιιι·
904 4358 950 4391 oria.
971 4341 996 4389 Β
1079 4344 1195 4408 erernplo
1210 4343 1237 4391 B
1254 4348 1384 4412 extemplo
1402 4343 1455 4395 ΑΜ

228 4398 245 4446 8
263 4409 347 4448 snnnu
360 4403 399 4450 A:
420 4414 520 4468 sumpto
539 4406 745 4468 currusquisques·
814 4411 921 4470 exnequi
937 4410 989 4459 ΑΒ
1057 4414 1198 4477 coeperits·
1216 4415 1300 4479 coepit
1314 4414 1397 4465 ΑΒΜ

162 4464 193 4513 10
210 4470 310 4516 sarranis
327 4468 351 4515 Α
424 4473 452 4521 ll
473 4472 619 4522 cliclaulicis
631 4475 715 4523 ΑΒΜ
786 4476 816 4525 12
835 4476 997 4541 plritlmnlieis
1013 4479 1045 4528 Μ
1121 4481 1452 4545 liutrisqueBntriusque

159 4534 215 4582 ΑΜ
286 4536 777 4592 21inerementi,alniacum-abate
856 4547 889 4596 '23
907 4563 921 4594 a
938 4564 984 4598 ora.
1004 4548 1064 4597 ΒΜ
1141 4552 1175 4599 at
1193 4553 1279 4599 emilia
1297 4554 1384 4603 -26
1402 4568 1452 4600 ιιιιι-

160 4610 209 4649 tam
230 4612 236 4650 t
259 4606 356 4655 Cberr'a.
372 4626 399 4671 p.
419 4609 453 4660 36
482 4612 561 4661 Iliam.
575 4629 603 4676 p.
622 4613 673 4661 278
761 4613 794 4661 25
820 4615 952 4664 clrioclecim
979 4618 1056 4666 literis
1080 4619 1182 4668 ultimas
1200 4621 1313 4681 syllabas
1334 4622 1452 4674 liniuntt

226 4673 337 4734 sqllnbas
355 4692 401 4728 (ιιιι.
420 4680 550 4730 Clean-isias
620 4682 851 4732 anticimenon
919 4685 953 4735 33
972 4684 1008 4749 in]
1027 4687 1105 4742 ιιι·1ς
1174 4687 1209 4738 35
1227 4688 1328 4739 loeniec
1346 4691 1429 4740 ΑΒΜ
