3114 5356
711 204 911 302 excusum
1398 245 1464 310 oto

1272 361 1326 403 ,ιι
1340 361 1364 402 ιι
1380 360 1408 403 ν.

156 425 234 487 haec
251 431 282 486 et
301 422 361 485 lnoo
384 420 487 502 prunis
508 421 647 501 pernicis.
690 424 841 502 genetivus
866 435 965 488 eutem
987 426 1145 507 ungulnris
1166 429 1177 492 i
1198 371 1325 493 litteiom
1345 441 1375 495 et
1394 453 1461 497 cor·-

157 526 230 606 ripit
256 532 285 586 et
308 523 460 604 producit,
495 532 525 584 et
551 523 582 585 iu
606 525 813 589 communibus
837 526 955 605 pidem
984 528 1136 607 producit,
1164 531 1195 593 iu
1222 531 1329 593 ceteris
1360 541 1460 599 numm

157 627 221 689 lere
242 622 374 703 corripit.
418 632 551 687 cetcnrm
570 625 601 689 in
621 627 672 706 pix
692 627 769 709 picis
789 636 819 690 et
841 628 890 690 nix
910 629 985 692 nisis
1009 656 1031 694 e
1095 652 1099 660 ·

244 726 278 785 ln
298 744 316 785 o
336 726 496 788 masculina
520 737 550 788 et
572 727 727 802 feminine,
756 728 899 791 neutralia
918 731 997 795 nullo
1020 730 1078 793 nisi
1098 748 1174 810 quoe
1195 749 1231 793 ex
1250 736 1459 799 commnione

125 829 295 902 oveniuu13
323 825 485 889 musenim
503 827 553 890 hic
572 829 645 891 Ceto
665 829 801 904 Catonis,
830 831 970 894 feminina
992 833 1065 896 luno
1088 831 1220 897 lunonis.
1263 844 1332 897 sunt
1358 846 1457 899 autem

156 937 298 1010 quattuor
317 933 431 991 tantum
450 929 539 994 modo
561 947 636 1009 queue
658 939 690 993 ut
711 931 856 994 neutralia
877 952 945 996 esse
965 943 1108 1015 possunt,
1134 953 1260 1013 quorum
1281 956 1351 1018 pers
1372 939 1458 1001 duot-

156 1029 207 1093 dio
230 1028 459 1093 declinationem
485 1030 609 1110 petitum,
638 1032 698 1095 duo
719 1042 750 1095 et
771 1032 874 1109 ombo;
903 1035 1124 1115 ponduxutem
1143 1045 1173 1098 et
1192 1046 1262 1101 octo
1285 1049 1457 1122 monoptota

156 1138 228 1193 sunt
248 1138 279 1190 et
299 1136 413 1192 tentum
434 1131 586 1210 pluraliter
607 1134 787 1210 ellcnmtur,
807 1135 887 1198 uelut
905 1136 980 1199 hoec
1002 1138 1101 1218 pondo
1119 1139 1227 1201 homm
1244 1141 1353 1222 pondo
1397 1142 1456 1204 duo

157 1237 259 1294 nutem
279 1238 309 1292 et
328 1231 415 1295 umbo
433 1233 489 1295 etsi
510 1241 644 1315 correpta
666 1253 735 1300 cose
752 1235 900 1310 videntur,
926 1245 1026 1299 nmen
1051 1240 1219 1303 accusativo
1239 1240 1395 1321 dupliciter
1413 1245 1457 1305 el-

114 1352 142 1395 xo
156 1335 303 1397 teruntur.
344 1352 473 1412 nomque
492 1335 549 1398 lros
570 1335 645 1398 duos
665 1345 695 1398 et
715 1337 771 1399 lues
787 1337 847 1401 dun
865 1338 1007 1415 dicimus;
1023 1339 1093 1402 item
1107 1339 1210 1403 umbos
1229 1352 1259 1404 et
1275 1342 1362 1405 umbo
1376 1344 1457 1425 epod

157 1442 295 1497 auctores
322 1434 495 1497 invenimus.
540 1455 607 1500 mum
633 1455 704 1516 ergo
732 1437 832 1500 omnio
859 1439 977 1519 proprio
1003 1441 1136 1519 geneion
1162 1460 1216 1522 per
1243 1445 1455 1519 cederentur,

155 1534 262 1615 Apollo
286 1543 318 1596 et
343 1536 489 1615 Carthago
516 1554 570 1617 per
599 1534 624 1612 i,
650 1538 795 1620 Apollinis
823 1539 1017 1619 Cuthnginis
1062 1549 1179 1605 constet
1202 1551 1302 1605 nutem
1327 1544 1457 1625 appello·

156 1635 216 1699 tien
237 1634 318 1716 peri
339 1637 451 1712 efferri,
473 1637 552 1701 velut
571 1639 646 1701 ordo
667 1639 795 1715 ordinis,
816 1639 911 1720 cdigo
930 1641 1080 1721 raiginis,
1101 1661 1204 1723 mergo
1225 1644 1382 1725 marginis,
1402 1643 1458 1707 lol-

155 1737 217 1816 ttgo
235 1737 374 1817 lolliginis
394 1738 512 1814 τευθίς,
530 1739 738 1821 exceptionis,
761 1761 864 1805 mucro
882 1731 1049 1818 mucronis,
1069 1763 1178 1825 praeco
1191 1744 1363 1825 praeconis,
1381 1740 1459 1807 lotro'

113 1862 141 1904 rs
156 1840 290 1904 latronis.
334 1858 410 1921 quoe
429 1849 528 1904 numm
549 1840 727 1905 nominativo
747 1851 816 1904 unte
837 1863 856 1906 o
878 1842 888 1903 i
908 1844 1019 1906 hebent
1036 1844 1180 1919 littenxm,
1206 1845 1281 1908 llaec
1302 1854 1332 1908 et
1351 1845 1383 1907 in
1404 1863 1456 1924 ge·

155 1942 255 2006 notiro
275 1950 394 2006 sonent
407 1942 547 2016 eandem,
569 1941 648 2004 velut
666 1943 773 2007 seditio
790 1945 958 2019 seditionis,
977 1946 1086 2027 emptio
1103 1945 1270 2026 emptionis.
1313 1944 1456 2024 excipiunt

155 2063 267 2118 unum,
299 2043 391 2119 duio;
427 2044 546 2105 Anienis
576 2043 655 2105 enim
680 2045 759 2105 lecit.
803 2046 949 2113 invenitur
975 2057 1005 2107 et
1031 2046 1109 2108 aliud
1137 2066 1229 2108 unum
1256 2047 1334 2126 (μοι
1357 2063 1455 2123 neque

156 2164 213 2227 per
232 2165 251 2207 o
269 2163 365 2224 neque
383 2145 468 2226 peri
491 2145 628 2220 oneror,
657 2146 736 2209 velut
756 2167 825 2210 cero
848 2147 956 2210 cernis.
1000 2148 1111 2210 Graeca
1138 2167 1208 2210 retu
1234 2147 1265 2209 in
1292 2167 1348 2210 suo
1375 2154 1453 2208 statu

155 2254 320 2311 remanent.
365 2265 491 2326 nomque
510 2246 601 2308 Ereto
624 2246 723 2311 llnnto
736 2243 751 2331 ΙΙ
765 2248 840 2311 utto
861 2248 981 2322 Thermo
1002 2247 1114 2311 lttooto
1137 2248 1279 2311 Graecum
1296 2246 1456 2311 seruum

111 2373 141 2415 xo
156 2351 300 2424 formem,
326 2366 423 2429 neque
444 2349 523 2411 enim
544 2358 670 2429 possiunt
687 2349 828 2412 declinari
847 2357 880 2413 ut
898 2350 972 2412 luno
992 2350 1130 2425 lunonis,
1159 2349 1227 2429 quia
1246 2348 1350 2413 latino
1373 2348 1454 2427 greci

154 2459 282 2514 occentu
303 2452 480 2525 sumuntur,
503 2450 614 2512 Gxnece
634 2458 732 2513 eutem
752 2451 838 2513 dexo.
881 2450 980 2514 llento
1000 2450 1132 2526 liumus,
1157 2471 1218 2515 non
1236 2447 1398 2522 Mmtonis,
1425 2457 1455 2510 et

154 2553 235 2635 npud
257 2546 416 2632 Vmgilium
441 2551 646 2615 ‘fatidicae
673 2551 848 2614 llantus’.
892 2560 923 2613 et
942 2553 1021 2616 idem
1041 2553 1097 2615 crit
1115 2552 1260 2619 nblefimu
1280 2549 1331 2630 qui
1352 2557 1382 2611 ct
1402 2549 1455 2610 dn·

155 2655 243 2717 tirus.
286 2654 411 2717 dicimus
431 2654 510 2715 euim
529 2652 566 2715 ab
587 2653 644 2715 hac
663 2653 795 2728 Mnnwe,
816 2652 892 2716 sicut
909 2653 979 2715 huic
991 2653 1124 2729 Montoe,
1142 2663 1173 2717 et
1184 2652 1367 2716 decimamus
1380 2646 1455 2713 luel

154 2755 234 2818 uiuo
253 2756 342 2818 huius
362 2753 455 2816 Didus
473 2754 544 2815 hnic
564 2753 658 2816 llidoe
679 2754 757 2816 hanc
774 2753 849 2816 llido
870 2772 888 2814 o
908 2753 983 2817 Dido
1005 2754 1042 2817 ab
1058 2756 1114 2818 hac
1128 2754 1230 2817 Didoe.
1272 2752 1305 2815 in
1323 2750 1355 2814 ol
1375 2770 1454 2815 ιιιιι·

110 2879 141 2920 ιι
155 2855 289 2919 culinum
309 2874 417 2929 unum,
445 2854 490 2918 sol
512 2855 600 2929 solis,
623 2855 672 2917 hic
693 2855 738 2917 sol
760 2855 848 2918 liuius
869 2855 941 2919 solis
966 2855 1021 2919 soli
1045 2854 1140 2917 solem
1166 2853 1212 2915 sol
1237 2853 1275 2916 ab
1298 2853 1356 2915 hoe
1380 2852 1453 2914 sole.

155 2959 189 3020 in
213 2975 253 3019 on
271 2957 351 3019 nullx
371 2955 491 3025 ιιιίιιι,
513 2957 567 3018 sed
589 2955 701 3017 Graeca
722 2963 836 3019 tentum
854 2965 885 3018 et
899 2957 980 3020 -hoec
1001 2955 1173 3018 masculine
1216 2955 1323 3018 Ιιοιιιιιι
1342 2953 1454 3033 geneti-

154 3049 213 3121 vus
234 3048 408 3138 corripitur,
436 3056 575 3121 llemnou
593 3055 773 3133 llemunnio,
803 3066 854 3121 out
873 3059 997 3131 crescit,
1020 3067 1054 3118 ιιι
1073 3055 1248 3134 Hippocoon
1266 3055 1456 3136 llippocnon·

155 3159 205 3222 tie.
249 3158 284 3219 in·
300 3177 337 3220 or
357 3157 521 3220 masctdinn
544 3158 643 3221 omnio
663 3166 734 3220 sunt
751 3159 882 3240 exceptis
902 3159 950 3221 luis
972 3157 1066 3219 trihus
1084 3156 1248 3231 femininis,
1276 3174 1351 3219 uxor
1370 3173 1456 3219 soror

154 3258 262 3334 arnor,
295 3258 392 3336 adque
414 3277 465 3321 sex
490 3259 689 3333 neutrolihus,
719 3276 909 3338 consequor
932 3276 1063 3320 marmor
1086 3256 1159 3318 odor
1184 3255 1275 3319 robor
1299 3254 1381 3317 ebor.
1425 3247 1461 3316 σι’

111 3358 320 3430 ommuni
341 3359 460 3438 quidem
484 3369 514 3425 et
536 3361 674 3425 feminine
698 3360 831 3439 genetivo
851 3379 870 3421 o
889 3358 1016 3421 litteram
1036 3358 1220 3438 producunt,
1249 3356 1329 3419 velut
1354 3363 1455 3419 orotor

153 3460 298 3533 moris,
320 3460 474 3536 feminine,
496 3480 570 3525 uxor
592 3461 701 3525 uxoris
744 3459 928 3540 exeipirmtur
944 3459 1035 3535 hoec,
1056 3478 1134 3539 quoe
1155 3477 1174 3520 o
1193 3457 1371 3539 corripiunt,
1392 3475 1454 3519 me-

153 3581 222 3627 mor
242 3563 399 3638 mmoris,
426 3563 523 3625 arbor.
567 3579 695 3640 nemque
713 3561 856 3645 neuunlio
879 3561 981 3641 utique
1001 3581 1023 3623 o
1041 3561 1218 3642 corripiunt,
1246 3556 1324 3620 reiut
1343 3574 1455 3636 aequm

154 3653 305 3743 menoch.
354 3662 424 3725 item
449 3663 561 3725 Graeco
587 3681 622 3725 or
649 3661 826 3742 corripiunt,
860 3661 972 3725 Hector
997 3662 1150 3736 llectoris,
1182 3661 1288 3725 Castor
1311 3656 1453 3721 Costnms

154 3765 256 3830 omnia
281 3773 380 3827 ouum
407 3763 526 3827 nomine
552 3781 629 3842 quae
657 3764 688 3825 in
717 3783 752 3825 or
779 3762 973 3827 terminentur
998 3762 1139 3827 tuuiuina
1165 3780 1203 3826 ex
1228 3779 1261 3825 se
1286 3758 1399 3823 ramni
1423 3757 1454 3821 in

110 3890 140 3933 xo
154 3867 229 3941 trix,
265 3864 345 3928 velut
370 3871 491 3927 venetor
517 3865 663 3940 ventum,
693 3864 785 3927 victor
811 3865 928 3940 victrix,
962 3872 1061 3926 orator
1087 3864 1219 3939 oratrix,
1238 3869 1324 3947 octor
1352 3858 1454 3933 actrix,

153 3975 313 4032 mentor
333 3964 515 4039 occusotrix,
544 3973 575 4026 et
598 3965 714 4028 similis.
757 3965 900 4046 excipitur
922 3975 1043 4041 auctor3
1067 3984 1128 4026 non
1152 3964 1231 4027 enim
1249 3961 1321 4026 lecit
1343 3960 1455 4025 menn

153 4069 209 4134 eod
233 4075 352 4130 auctor:
387 4065 530 4144 Vergilius
560 4067 714 4130 ‘unctor
735 4086 803 4147 ego
823 4065 1013 4129 eudendi’.
1055 4067 1086 4127 in
1105 4086 1141 4128 oo
1163 4065 1293 4128 omnium
1313 4079 1455 4143 genem

152 4177 242 4244 nint,
271 4167 437 4232 nuenton
465 4175 499 4229 nt
525 4187 619 4248 nepos
648 4168 781 4250 nepotis,
812 4165 952 4233 feminina
979 4176 1011 4230 ut
1038 4167 1093 4229 dos
1119 4167 1214 4242 dois,
1243 4173 1350 4229 neuun
1369 4170 1403 4225 ut
1421 4181 1456 4224 us

153 4271 225 4333 oris.
269 4269 371 4331 omnia
388 4269 479 4348 igitur
499 4288 593 4348 poene
613 4269 775 4332 masculine
796 4277 867 4332 sunt
886 4277 915 4331 et
932 4268 1098 4350 genetivum
1120 4267 1232 4330 leciunt
1257 4284 1312 4348 per
1336 4263 1392 4339 tio,
1423 4271 1456 4325 ut

110 4395 138 4436 ιι
152 4369 296 4434 sacerdos
317 4369 494 4444 socerdotis3
515 4369 644 4449 exceptis
663 4370 728 4444 his,
751 4379 853 4433 custos
874 4369 1020 4445 custodis,
1042 4369 1108 4432 ideo
1131 4368 1209 4448 quod
1231 4387 1266 4429 ex
1287 4363 1376 4428 verbo
1397 4372 1456 4426 tm·

231 4523 240 4571 1
263 4524 399 4588 genetivus
418 4548 452 4559 -
470 4523 487 4575 3
505 4523 571 4575 nivis
590 4522 688 4574 clauc
704 4540 731 4588 p.
750 4523 794 4577 71.
812 4523 948 4590 genetiuo·
966 4520 992 4572 B
1065 4523 1082 4570 4
1106 4524 1134 4572 ln
1154 4534 1170 4571 o
1187 4548 1223 4557 —
1239 4520 1274 4570 tt
1291 4519 1373 4573 Didus
1390 4519 1457 4570 cna·

153 4598 204 4647 rie.
241 4592 303 4645 .47
319 4609 359 4642 ι.
442 4591 565 4643 dirorum
584 4592 729 4658 ponderum
744 4593 770 4643 B
806 4628 809 4635 -
855 4591 1021 4658 lloorreptee
1035 4605 1092 4641 esse
1109 4590 1137 4641 B
1223 4591 1257 4640 2⁸2
1274 4588 1344 4656 opud
1362 4588 1455 4654 Vergi-

152 4609 241 4727 llnmi
249 4660 316 4712 Aen.
380 4658 431 4712 tun
505 4662 539 4713 27
556 4662 682 4727 ippocoon
701 4662 862 4728 ippocoontin
877 4661 903 4711 B
977 4659 1013 4711 28
1030 4661 1056 4709 in
1073 4674 1102 4709 or
1120 4687 1155 4739 3-
1171 4657 1206 4711 ³3
1223 4658 1337 4709 essoris
1354 4657 1454 4709 θΙιαήι.

150 4749 182 4798 p.
201 4729 238 4782 uo
308 4729 342 4780 37
360 4728 499 4796 Vergilius}
517 4728 647 4783 Aen.Xll
666 4730 717 4781 159
787 4732 814 4781 in
832 4745 862 4781 os
877 4756 913 4766 -
929 4729 990 4791 544,
1008 4730 1026 4779 4
1043 4742 1146 4787 nonne
1164 4729 1264 4781 Olario
1278 4743 1307 4793 p.
1323 4726 1357 4778 71
