3114 5356
521 272 696 334 annuitur
719 271 1032 335 ΕΤο011111οΕ1104
1377 277 1439 340 609
1483 321 1491 336 ,

238 462 275 511 les
301 476 316 511 a
338 461 470 526 qualibus,
503 467 593 510 neutro
613 459 755 525 singularia
780 460 856 523 quale
881 461 965 524 qualia
989 461 1073 524 qualis
1095 461 1209 525 qualium
1230 463 1298 526 quali
1322 464 1438 526 qualibus

238 548 312 610 quale
331 549 416 612 qualia
435 547 509 610 quale
529 545 612 609 qualia
628 544 695 608 quali
716 546 834 608 qualibus
853 546 874 595 C

138 633 200 694 104,
221 635 249 685 ll
271 636 436 698 quiscumque
454 634 646 696 qualiscumque
665 631 736 681 solus
754 632 896 698 singularis
916 634 937 682 0

137 721 200 779 175,
216 720 250 771 20
267 736 332 783 qnae
354 719 458 785 qnidam
478 708 605 768 declinant
626 728 685 784 post
708 718 805 767 inlinita
829 719 1014 785 adiungentes,
1047 733 1096 768 oon
1122 719 1185 769 nulli
1215 727 1273 785 post
1294 720 1437 786 participia,

238 807 315 856 veluti
333 805 475 872 participiis
492 804 600 863 similia;
619 804 721 867 qnidam
740 805 866 870 putanti>

139 893 203 953 178,
222 894 255 941 27
274 899 323 945 troi.
346 894 363 940 l.
384 889 436 941 485

139 978 202 1038 119,
223 976 253 1026 17
272 975 371 1043 latine]
390 979 413 1040 s.
432 977 530 1027 ratione
547 978 568 1028 0

139 1064 200 1121 190,
220 1064 254 1114 28
271 1064 348 1113 rideri
367 1072 509 1113 metuerunt
524 1072 548 1113 et
568 1063 655 1125 illudi,
673 1064 773 1114 tametsi
792 1078 823 1111 ne
842 1071 929 1112 nostra
945 1063 1046 1126 quidem
1065 1065 1129 1115 ratio
1149 1074 1248 1115 temere
1267 1081 1295 1115 se
1314 1067 1438 1116 delibera·

239 1151 300 1199 tioui
322 1166 384 1200 suae
407 1151 589 1214 sententiisque
607 1149 736 1215 permisit,
762 1150 822 1212 quin
842 1150 984 1215 separando
1004 1152 1070 1200 viam
1096 1152 1216 1217 propriae
1237 1151 1353 1208 virtutis,
1380 1168 1436 1201 cum

239 1237 377 1286 orationem
392 1237 467 1287 istam
484 1237 591 1287 vinculis
610 1236 708 1284 alienae
725 1236 854 1285 servitutis
874 1237 1009 1295 eximeret,
1030 1253 1079 1287 non
1097 1239 1173 1287 etiam
1191 1238 1296 1287 timeret
1312 1237 1437 1288 ulterioris

239 1324 323 1372 exitus
343 1322 476 1383 Graeciae,
503 1323 547 1385 qui
565 1331 648 1370 tamen
669 1321 730 1371 nulli
747 1332 813 1371 sunt.
838 1323 922 1385 itaque
942 1338 1032 1374 nomen
1052 1333 1076 1374 et
1099 1325 1219 1390 partitum
1236 1334 1320 1373 tamen
1340 1326 1432 1373 acriter

240 1409 405 1457 reddiderunt
421 1408 620 1457 interiectionem
640 1422 686 1456 vac
704 1406 737 1456 alr
754 1406 786 1455 lie
806 1422 866 1456 num
884 1411 1040 1474 gemitumre
1059 1411 1080 1459 G

137 1493 202 1555 193,
220 1495 237 1544 9
256 1494 298 1543 ubi
318 1509 378 1544 vero
396 1493 455 1543 linis
474 1509 488 1542 e
509 1494 581 1543 litera
600 1493 762 1553 terminatur,
786 1494 872 1557 aiunt,
898 1497 956 1559 qnia
975 1497 1114 1546 succedens
1131 1497 1154 1545 ei
1178 1511 1193 1546 o
1212 1507 1255 1547 aut
1275 1497 1298 1545 ei
1317 1508 1405 1548 contra
1421 1515 1434 1546 e

237 1579 309 1629 litera
332 1594 346 1628 o
370 1580 445 1629 modo
469 1579 548 1628 vincit
573 1579 649 1629 modo
676 1579 785 1628 vincitur
807 1580 881 1629 modo
905 1582 1013 1631 alternat
1035 1582 1111 1631 modo
1133 1597 1179 1647 par
1203 1591 1252 1632 est.
1277 1584 1355 1633 vincit
1376 1600 1432 1632 curn

238 1666 345 1715 dicimus
361 1664 456 1727 liquido
474 1665 571 1725 iurare,
589 1679 639 1715 non
659 1664 768 1727 liquide,
785 1675 809 1714 et
828 1682 903 1726 reno,
924 1681 974 1717 non
994 1683 1067 1725 vere;
1086 1668 1206 1732 vincitur,
1225 1684 1281 1716 cunr
1302 1671 1431 1719 rarissime

239 1752 361 1810 dicimus,
386 1765 435 1799 non
452 1752 596 1809 rarissimo;
623 1749 730 1798 alternat
748 1758 772 1796 et
791 1751 915 1816 condigne
933 1763 957 1800 et
975 1751 1095 1818 indigne,
1122 1768 1178 1802 eum
1194 1767 1331 1817 possumus
1348 1756 1432 1804 dicere

239 1837 326 1903 ‘digno
345 1845 369 1885 te
388 1845 412 1884 et
432 1836 537 1902 indigno
554 1845 578 1885 te
599 1835 704 1894 lecisti',
733 1842 757 1882 ct
780 1850 837 1884 cunr
856 1837 983 1885 cotidiano
1005 1851 1051 1885 nec
1071 1837 1197 1886 cotidiana
1220 1838 1369 1887 deserimus.
1389 1855 1437 1905 par

238 1932 290 1984 est,
315 1923 351 1971 uti
369 1922 394 1970 in
413 1921 500 1972 nanltis
516 1921 653 1988 generibus
675 1920 749 1969 istius
766 1920 835 1969 modi
851 1921 968 1971 dictionis
986 1924 1119 1973 commodo
1138 1937 1216 1986 quae,
1239 1933 1267 1973 ut
1285 1924 1389 1975 Plautus
1411 1925 1436 1973 in

235 2007 363 2057 librolaria
381 2007 522 2058 ‘commode
539 2007 621 2070 iecit',
644 2007 749 2056 Ennius.
769 2021 819 2055 non
839 1992 944 2070 quodG

133 2093 196 2158 193,
215 2096 248 2145 25
266 2094 423 2143 terrninariut
437 2094 523 2158 aliqui.
542 2083 680 2150 ὁἈκόλας
699 2087 764 2157 περὶ
777 2089 951 2157 κατηγοριῶν
966 2085 1034 2140 δέκα
1046 2082 1252 2156 Ἀριστοτέλους·
1272 2092 1433 2160 διαλεκτικη

236 2169 291 2227 ἐστι
308 2174 433 2243 μέθοδος
450 2174 497 2228 καὶ
515 2170 652 2244 ἐπιστήμη
670 2175 725 2228 τῶν
743 2175 939 2242 οημαινοαοών
961 2173 1009 2227 eorl
1029 2176 1241 2243 σημαινομένων
1261 2179 1373 2244 φωνῶν.
1400 2175 1430 2230 or‘

237 2261 269 2314 δέ
286 2279 375 2330 τινες,
401 2256 419 2331 η’
440 2259 511 2315 κατὰ
533 2258 621 2329 φύσιν
639 2253 705 2322 ὁδὸς
722 2254 769 2313 lut
792 2257 844 2329 τὴν
862 2258 948 2328 φύσιν
966 2259 1092 2329 φέρουσα
1110 2255 1248 2331 πρότερον
1266 2308 1274 2322 ,
1295 2305 1302 2318 .
1322 2304 1329 2318 .
1348 2270 1426 2318 nrulto

235 2354 318 2418 magis
337 2369 401 2419 ego,
428 2354 468 2403 cui
484 2353 568 2403 danda
586 2352 689 2416 quidem
708 2360 762 2411 est,
785 2352 831 2402 sed
848 2362 930 2402 tamea
956 2351 1052 2401 cautior
1067 2350 1205 2416 impunitas
1223 2351 1357 2400 deserendi
1377 2351 1426 2400 dit-

202 2496 205 2501 ,
238 2439 358 2505 terentia,
381 2442 476 2490 ornabo
501 2441 605 2506 ingenia
620 2439 788 2504 ,loquelarum
814 2439 842 2491 0.
869 2455 927 2502 post
944 2439 1055 2503 Aquilae
1072 2439 1238 2503 sraqmentwn
1262 2440 1288 2487 in
1307 2437 1434 2488 schedula

236 2529 384 2592 interposita
406 2528 562 2592 adscriptum
591 2528 616 2575 in
635 2526 748 2589 morpine
765 2526 820 2575 etus
845 2525 980 2575 schedulae
1000 2527 1117 2588 leguntur
1140 2526 1214 2574 etima
1231 2523 1307 2584 llaec,
1336 2538 1429 2575 uacent

236 2627 268 2662 τι
283 2629 315 2662 τι
332 2630 384 2665 rno
403 2631 457 2665 τωι
477 2629 547 2665 newa
571 2611 651 2679 [corr.
670 2609 780 2677 nestun]
802 2627 850 2661 τοι
869 2625 950 2660 aaron
970 2626 1148 2672 rnaaorncna,
1169 2610 1194 2660 1ι.
1211 2627 1235 2664 e.
1253 2601 1286 2658 τὰ
1304 2597 1360 2659 iuri
1382 2606 1436 2658 τῶν

236 2690 344 2761 νεύρων
363 2697 414 2748 τοῦ
434 2690 516 2763 λόγου
534 2689 723 2764 διανοούμενα

135 2800 197 2861 195,
215 2804 246 2853 21
268 2807 286 2855 1,
308 2805 406 2854 Acriter
423 2803 528 2870 Crispus
547 2804 608 2854 llle

299 2903 404 2939 nonne
427 2900 458 2939 tu
481 2891 562 2951 scis,
585 2890 700 2951 siquas
724 2885 824 2936 aedes
845 2885 932 2951 ignis
960 2886 1045 2953 cepit
1068 2885 1208 2947 acriter,
1314 2950 1317 2957 Ι

297 2973 384 3026 baud
401 2975 501 3027 focile
519 2986 570 3028 est
588 2974 726 3026 detensa
747 2975 801 3037 qui
821 2987 858 3022 ne
875 2973 1099 3023 conburuntur
1115 2982 1306 3036 proxumae.

169 3087 177 3094 -
235 3058 354 3113 Sallustii
377 3063 456 3114 cerba
484 3079 538 3113 man
561 3064 657 3112 nonme
682 3063 793 3112 auctoris
817 3076 930 3111 marsum
957 3059 1084 3111 excidisse
1104 3057 1166 3106 cidit
1188 3057 1296 3107 σοφοῖν-ι
1318 3055 1432 3120 Lonpiua

235 3148 392 3200 adnotatio
411 3151 492 3203 Cicer.
512 3150 586 3200 boel.
604 3147 635 3199 51
657 3163 684 3210 p.
702 3147 754 3197 412
770 3155 829 3210 post
846 3148 879 3200 A.
897 3144 994 3196 Selour*
1007 3144 1061 3198 obs.
1079 3144 1144 3193 dum.
1161 3144 1249 3196 conriet’
1261 3149 1354 3205 poetae
1372 3156 1427 3190 oer-
1465 3168 1469 3176 .

234 3248 278 3282 sur
295 3249 351 3284 ease
368 3235 492 3284 videntur.
1430 3254 1432 3259 ·

135 3318 196 3378 195,
218 3318 252 3370 30
270 3319 430 3370 Confidenter
447 3335 493 3387 pro
512 3319 631 3369 audacter
647 3319 781 3368 Terentius
804 3319 829 3366 in
850 3317 964 3367 Heauton
986 3316 1153 3365 timorumeno
1172 3313 1208 3377 (V
1227 3311 1257 3375 3,
1276 3314 1305 3377 7)
1322 3313 1356 3361 ‘in
1383 3328 1434 3376 qna

236 3421 263 3454 re
282 3415 416 3456 nunctum
437 3406 594 3458 confidenter
609 3406 711 3465 restas',
735 3403 802 3453 idem
820 3405 846 3452 in
866 3400 988 3452 Eunucho
1006 3404 1112 3454 concert
1125 3401 1160 3449 A.
1175 3398 1370 3450 Fleckeiseniur.

134 3490 197 3552 190,
217 3492 249 3540 27
266 3475 434 3557 prospiciat'o
452 3509 503 3544 non
522 3494 565 3561 qui
583 3492 723 3559 prosullam
739 3490 875 3541 humanam
892 3490 1000 3540 trucidet
1018 3490 1040 3540 0

133 3578 195 3637 197,
216 3577 228 3627 1
249 3580 292 3642 qni
310 3581 492 3646 praepostisG

135 3664 196 3725 199,
215 3662 249 3713 29
268 3664 378 3715 Sisenna
396 3667 460 3718 libro
479 3669 488 3717 1
506 3668 664 3719 iudiciumG

130 3751 196 3807 201,
216 3751 243 3799 11
265 3752 325 3813 quin
344 3751 469 3811 sciebam,
488 3752 586 3815 inquit,
606 3752 668 3802 milri
686 3751 821 3817 pistrinum
838 3750 941 3799 coriiecit
958 3747 992 3797 A.
1006 3745 1206 3812 Fleckeiseniua,
1226 3746 1274 3796 sed
1285 3753 1314 3795 nt
1327 3744 1433 3796 Plautus

233 3839 366 3899 scripserit
386 3839 445 3901 quia
463 3837 526 3888 mihi
544 3839 655 3889 sciebam
673 3837 807 3905 pistrinum
831 3837 857 3885 iu
879 3835 974 3885 mundo
997 3833 1066 3895 lore,
1092 3833 1174 3883 deleto
1191 3836 1343 3899 ploramnte
1361 3832 1383 3880 si
1407 3832 1432 3880 id

233 3922 319 3972 laxem

130 4008 195 4067 201,
217 4010 247 4060 12
267 4019 294 4058 ut
311 4009 340 4061 Τ,
360 4011 482 4059 Antinous
498 4012 624 4064 Cornutus
642 4012 706 4062 liber
720 4010 806 4061 tabula
823 4018 950 4059 castarum
969 4008 990 4058 0

132 4098 199 4157 202,
220 4096 237 4148 0
256 4112 287 4146 ne
306 4112 382 4161 quam
401 4096 524 4147 iniuriose
546 4099 567 4149 C
645 4147 660 4178 κ
866 4076 876 4093 ”

132 4182 200 4244 202,
222 4184 253 4233 15
270 4183 393 4234 Laberius
413 4183 439 4233 io
456 4182 548 4233 Tuscia
565 4185 587 4236 0

131 4269 197 4330 202,
218 4270 250 4320 17
267 4271 386 4320 mulieres
404 4270 425 4320 0

130 4353 198 4418 203,
217 4356 233 4404 7
251 4363 302 4408 not.
321 4359 338 4405 l.
359 4355 407 4418 23,
428 4355 463 4406 53

130 4439 196 4503 203,
218 4441 247 4491 ll
266 4442 364 4491 alienos
382 4441 464 4490 allinit
481 4441 503 4492 G

130 4521 198 4584 203,
218 4524 250 4574 15
271 4535 360 4575 cnutus
376 4524 537 4591 diligensque
555 4523 576 4574 0

127 4610 348 4673 204,1ονιοτ.1.
369 4610 417 4674 20,
437 4611 472 4660 46

126 4697 193 4756 205,
213 4697 228 4745 7
248 4697 274 4746 in
293 4696 445 4760 quibusdam
464 4709 515 4745 non
534 4695 637 4746 suerunt
656 4696 678 4747 0

126 4784 191 4847 205,
212 4783 243 4833 12
262 4784 298 4833 ita
312 4785 374 4833 moti
391 4783 425 4832 ad
447 4782 631 4850 Thermopylas
650 4784 672 4834 0
735 4818 739 4825 ι
