3114 5356
145 304 185 369 oe
708 308 872 372 cmmsn
1027 280 1076 343 ’·”

211 451 217 462 .
260 421 306 468 ,ts
320 421 343 462 e.
482 445 485 449 ·
1250 453 1258 465 .
1381 456 1387 468 .

143 422 327 556 sedpebbhoc
350 499 494 573 tapetum,
523 502 555 555 ut
583 494 759 574 stragulum,
794 494 985 573 similiterque
1013 494 1190 569 declinatur,
1223 422 1440 578 llecnta'pbm

144 596 231 658 huius
254 596 342 676 tapmi
363 595 432 657 huic
452 600 559 677 tapeto,
582 597 733 677 pluraliter
751 597 823 658 hacc
842 593 848 679 Ι
867 604 963 677 tapeta
980 598 1085 658 horum
1108 605 1272 677 tapetorum
1292 598 1339 660 his
1355 608 1438 681 tape-

142 699 187 760 tis.
234 716 301 759 nam
323 705 352 759 et
373 698 415 760 sic
435 717 552 778 quoque
572 698 713 776 Vergilius
734 698 860 760 declinat
881 698 982 761 dicens

305 800 617 863 instratosostro
646 768 1033 881 alipedesffictisque
1056 801 1205 882 tapetis.
1369 878 1379 895 ι
1417 872 1432 899 0

75 949 81 965 .
127 903 193 981 ‚sed
215 910 243 963 et
263 901 426 964 masculino
449 921 555 982 genere
577 902 647 963 dicit
808 968 819 981 „
986 976 994 993 .
1446 937 1459 977 5

593 1080 599 1089 ⁹
760 1003 957 1085 pictosque
983 1011 1155 1085 tapetas·

140 1106 222 1168 cuius
250 1105 457 1168 nominativum
485 1106 595 1168 iaciunt
623 1104 739 1184 quidam
768 1105 816 1165 hic
836 1112 935 1185 tapes,
963 1105 1011 1183 qui
1035 1106 1102 1167 lacit
1122 1106 1177 1166 hos
1201 1113 1329 1187 tapetas;
1353 1109 1433 1188 quod

140 1226 210 1287 ege,
231 1211 297 1286 quia
318 1228 463 1289 nusquam
485 1208 625 1287 seriptum
645 1216 731 1288 puto,
753 1224 938 1285 nequaquam
959 1206 1062 1287 probo.

224 1310 368 1389 vectigale
392 1311 465 1372 ratio
485 1310 597 1391 poscit,
619 1327 677 1370 non
698 1307 827 1387 vectigal.
843 1305 857 1388 ΙΙ
873 1308 1067 1369 nominativus
1089 1308 1165 1368 enirn
1188 1307 1308 1387 pluralis
1331 1329 1347 1370 a
1369 1310 1431 1371 sin·

138 1412 230 1492 gulari
251 1411 319 1490 plus
339 1431 396 1485 tura
418 1412 527 1491 syllaba
551 1428 684 1472 crescere
702 1429 761 1470 non
784 1409 879 1470 debet
924 1410 1016 1489 quisi
1037 1409 1156 1490 incipiat
1177 1409 1290 1472 duabus
1312 1409 1430 1490 syllabis
1447 1435 1465 1476 u

139 1512 432 1595 crescereflvectigal
444 1514 599 1586 dicemus;
622 1510 702 1611 quod
721 1519 819 1574 tamen
843 1514 1045 1576 consuetudini
1056 1513 1226 1592 ,extorqueri
1242 1530 1301 1573 non
1323 1514 1429 1594 potuit,

128 1617 208 1695 ‘quin
230 1615 350 1695 vectigal
373 1625 402 1677 et
424 1614 546 1676 cervical
564 1623 593 1675 et
615 1613 720 1695 capital
742 1621 772 1676 et
791 1615 918 1677 tribunal
940 1615 1104 1695 animalque
1127 1623 1294 1695 contempta
1315 1616 1430 1678 ratione

137 1718 276 1778 dieamus.
320 1717 473 1778 Lucretius
493 1725 589 1778 tamen
611 1717 652 1777 ait
684 1796 689 1803 Ι
837 1706 841 1711 ’

301 1819 398 1881 unde
420 1818 581 1881 animale
602 1837 729 1898 genus.

136 1923 285 2007 genetivus
315 1940 431 2001 quoque
455 1920 575 2002 pluralis
602 1939 668 1983 cum
693 1921 805 1983 ratione
831 1920 1013 2000 vectigalium
1043 1919 1143 1994 faciat,
1172 1931 1306 1992 auctores
1328 1928 1426 1981 tamen
1442 1936 1465 1978 u

135 2024 352 2103 vectigallorum
378 2021 527 2097 (linerent,
555 2031 587 2084 ut
610 2024 726 2086 Asinius
751 2023 1056 2102 ‘uectigaliorum
1084 2023 1136 2083 rei
1164 2021 1339 2102 publicae
1362 2041 1426 2082 eu-

136 2145 312 2189 ramesse
334 2125 567 2200 habendam'‚
591 2133 620 2186 et
640 2126 776 2187 Horatius

300 2227 525 2290 anciliorum
548 2236 583 2288 ct
603 2228 769 2290 nominis
791 2236 827 2288 et
847 2236 969 2306 tegam

138 2338 169 2391 nt
191 2329 533 2391 Bacchanaliorum
555 2317 710 2391 Sallustius
736 2339 765 2391 et
786 2329 1094 2391 vulcanaliorum.

218 2433 366 2493 Feminina
388 2448 503 2510 quoque
524 2449 541 2491 e
562 2430 656 2492 littera
676 2433 831 2505 liniuntur,
852 2432 918 2506 sed,
940 2440 1080 2511 utsupra
1102 2429 1289 2501 dictumest,
1313 2430 1423 2490 Graeca
1436 2450 1464 2491 ee

135 2542 245 2611 tantum
344 2554 378 2607 o,
411 2516 582 2610 etquidem
612 2553 628 2592 e
654 2534 810 2614 producta,
846 2533 932 2594 veluti
961 2531 1161 2595 Andromache
1191 2531 1300 2592 llelene
1329 2534 1424 2610 Agave

135 2637 218 2699 Circe
240 2534 475 2819 *reule
498 2633 585 2712 Calpe
601 2633 733 2714 Ephrem
753 2654 827 2713 quae
850 2636 986 2715 qnoniam
1002 2636 1111 2697 Graeca
1134 2640 1217 2703 sunt,
1240 2634 1350 2694 Graece
1372 2634 1424 2696 de·

134 2738 234 2800 clinari
372 2781 380 2809 ‚
403 2734 490 2795 buius
511 2735 729 2797 Andromaches
751 2738 876 2800 Helenes
898 2739 1008 2817 Agaues
1034 2736 1133 2798 Circes
1155 2734 1269 2795 Danaes
1292 2736 1423 2797 Crotales

135 2840 238 2919 Calpes
265 2838 405 2917 Ephyres.
452 2835 502 2896 sed
525 2835 549 2896 si
572 2835 674 2896 Latine
696 2839 761 2916 quis
783 2840 874 2914 volet,
905 2840 1046 2901 Graec-um
1069 2859 1085 2900 e
1112 2840 1141 2900 in
1166 2858 1182 2899 a
1205 2845 1336 2898 uestrum
1359 2858 1423 2900 mu·

135 2949 196 3001 tare
225 2940 312 2999 dehet
341 2938 475 3014 dicetque
504 2937 575 2997 haec
597 2939 798 3002 Andromacha
827 2942 935 3004 llelena
957 2943 1051 3020 Agova
1074 2941 1155 3002 Circa
1184 2940 1281 3001 banau
1307 2940 1421 3000 tlrotala
1435 2956 1463 3000 na

134 3042 223 3122 Calpa
246 3041 376 3120 Ephyra,
400 3047 431 3100 ut
449 3040 636 3118 granunatice
656 3049 685 3101 et
705 3043 849 3106 rhetorice
868 3044 937 3105 lacit
958 3043 1144 3122 grammatica
1167 3042 1326 3118 rhetorica3
1349 3061 1423 3120 qune

134 3143 315 3205 ‹leelinnntur
337 3141 438 3202 Latine
459 3160 493 3200 er
510 3142 602 3203 lenna
626 3161 642 3203 a
664 3142 758 3205 littera
780 3146 999 3207 temrinatomm
1020 3144 1178 3206 nominum.

218 3245 239 3306 1.
268 3243 427 3306 masculina
456 3243 484 3304 iu
508 3244 515 3304 i
539 3245 662 3306 litteram
686 3246 762 3308 nulla
784 3248 902 3309 veniunt
928 3248 1045 3323 Latina;
1072 3246 1201 3308 neutrale
1224 3264 1312 3306 unrun
1335 3247 1422 3318 venit,

135 3347 232 3424 nihili;
255 3356 284 3409 et
304 3365 457 3409 commune
478 3347 565 3408 trium
587 3367 727 3427 generum
741 3368 830 3411 unum
847 3351 991 3423 invenies,
1014 3349 1061 3409 hic
1083 3350 1197 3410 ethaeo
1215 3357 1243 3408 et
1262 3349 1318 3409 hoc
1336 3349 1422 3426 iurgi,

132 3451 210 3528 pred
238 3449 372 3511 omnibus
400 3457 430 3509 et
454 3450 609 3528 generibus
633 3458 661 3511 et
687 3451 815 3512 numeris
833 3442 1024 3531 monoptoton
1047 3459 1108 3524 est,
1130 3451 1187 3511 hoc
1209 3458 1253 3510 est
1275 3450 1353 3511 nulla
1376 3449 1464 3516 lit-oo

90 3571 95 3580 ·
133 3560 193 3613 tera
221 3561 330 3613 rrrtrtata
363 3571 416 3632 per
441 3570 542 3615 omnes
571 3572 657 3614 casus
684 3553 786 3614 eadem
814 3554 955 3634 scriptura
984 3553 1125 3627 desumit,
1163 3543 1335 3630 tamquam
1374 3551 1422 3613 hic

132 3654 207 3733 lrugi
235 3656 321 3716 huius
346 3648 422 3732 frugi
451 3663 480 3713 et
504 3661 608 3716 cetera.
653 3675 752 3718 verum
781 3656 857 3734 quod
887 3655 924 3715 ad
950 3655 1031 3715 nihili
1060 3655 1199 3734 pertinet,
1230 3673 1282 3732 ego
1312 3654 1342 3713 in
1365 3653 1422 3714 alia

131 3755 267 3835 opinione
287 3775 360 3815 sum.
404 3775 463 3817 non
484 3756 562 3816 enirn
581 3757 650 3818 illud
674 3779 795 3835 nomen,
824 3757 874 3819 sed
896 3757 1062 3818 adverbium
1085 3756 1254 3836 ‹perantitatis
1277 3754 1420 3829 existimo,

131 3858 198 3935 qrria
226 3877 281 3917 nec
309 3876 401 3934 genus
429 3857 519 3918 ullum
545 3877 599 3919 nec
626 3880 725 3922 casum
749 3861 853 3940 recipit
874 3868 904 3920 et
928 3858 1095 3920 adverbium
1123 3859 1219 3938 potius
1246 3876 1280 3917 ex
1303 3857 1421 3919 tremine

132 3961 239 4020 lactum
264 3966 324 4032 est,
348 3958 423 4019 sicut
443 3959 547 4021 donms
572 3961 663 4034 domi,
683 3963 798 4022 Antium
818 3961 900 4034 Anti,
924 3960 1069 4039 liarthago
1089 3958 1273 4037 liartlmgini‚
1295 3958 1421 4020 nihilum
1433 3982 1461 4025 as

130 4060 220 4122 nihili.
265 4067 366 4121 contra
390 4080 456 4122 vero
480 4062 537 4122 hoc
564 4062 685 4122 nihilum
707 4082 814 4124 nomen
839 4080 904 4122 esse
926 4062 1065 4136 arbitrer,
1094 4080 1160 4123 cum
1186 4080 1274 4122 casus
1301 4078 1419 4140 quoquc

129 4163 277 4237 admittat,
304 4170 364 4222 tam
394 4179 480 4239 quarn
507 4163 563 4225 hoc
590 4164 713 4226 nihilum
741 4165 828 4241 huius
856 4164 937 4225 nihili
959 4163 1027 4225 huic
1048 4163 1154 4240 nihilo,
1179 4164 1254 4225 sicut
1276 4163 1333 4224 hec
1354 4182 1419 4226 mo·

197 4414 214 4465 3
232 4409 373 4479 Vergilius]
390 4411 455 4462 Aen.
477 4412 522 4461 Vll
540 4414 591 4463 277
678 4413 695 4461 4
713 4414 831 4462 instratos
849 4426 906 4465 etee.
925 4410 1034 4476 orthopr.
1057 4412 1161 4461 intratos
1177 4411 1202 4460 N
1286 4410 1303 4463 t}
1322 4411 1419 4478 pictos·

128 4480 187 4548 que]
210 4485 288 4548 Verg.
309 4482 371 4532 Aen.
391 4481 460 4531 Vllll
479 4479 531 4532 358
549 4483 717 4548 pulchrosque
734 4489 833 4547 tapetes
910 4482 939 4532 ll
960 4483 1084 4531 exterreri
1104 4482 1131 4530 N
1207 4482 1240 4532 12
1259 4491 1357 4544 etpost
1376 4498 1419 4532 ea-

128 4553 189 4616 pitol
207 4570 253 4607 om,
273 4554 310 4607 N.
341 4552 402 4601 add.
422 4550 555 4602 Fabricius
640 4560 781 4617 contempto
805 4552 937 4601 ...Alone
954 4551 981 4600 N
1000 4558 1143 4615 contempta
1162 4553 1257 4602 ratione
1273 4567 1295 4600 ω
1386 4553 1418 4604 13

128 4619 269 4686 Lueretius]
288 4623 295 4670 l
312 4623 362 4672 227
432 4620 465 4671 15
478 4620 538 4671 lacit
551 4621 576 4670 N
650 4621 681 4671 lli
696 4624 758 4687 reip.
774 4636 857 4671 corum
867 4637 923 4671 esse
934 4620 1076 4670 habendam
1092 4620 1127 4668 N:
1150 4636 1235 4670 euram
1252 4637 1309 4671 esse
1321 4621 1418 4671 haben-

127 4691 220 4740 dumm
293 4689 322 4741 17
333 4688 463 4756 licentius]
477 4692 632 4746 earmlllh.
646 4691 678 4741 lll
754 4689 784 4741 lll
800 4690 922 4740 salustius
941 4690 978 4740 N.-
996 4682 1029 4753 cf.
1042 4690 1143 4752 Nomp,
1154 4692 1205 4741 4847
1275 4690 1417 4741 2lll'oemi-

127 4761 186 4808 uina
205 4760 231 4807 N
297 4759 385 4826 supra]
402 4776 430 4823 p.
447 4760 489 4811 39.
504 4762 538 4812 44
607 4763 641 4810 22
659 4760 723 4810 done
738 4759 764 4809 N
830 4761 865 4811 ‘20
882 4759 1007 4810 rethorice
1025 4758 1085 4809 lacit
1100 4759 1124 4807 N
1193 4759 1227 4810 29
1245 4775 1377 4810 commone
1393 4762 1418 4811 N

194 4827 225 4880 31
244 4836 338 4877 nremtn
355 4828 382 4877 N
449 4829 482 4882 33
501 4830 622 4882 exestlme
641 4828 669 4879 N
735 4830 769 4882 34
788 4842 889 4880 cessum
907 4827 935 4878 N
1002 4829 1088 4894 petino
1104 4827 1130 4878 N
1204 4829 1237 4879 37
1256 4829 1400 4880 admith
