3114 5348
78 214 79 218 Β
127 265 190 329 362
690 259 873 322 brunerus

182 378 305 511 Ρ111111
318 378 492 528 ΙΒοηιιῃῑιιιη
512 447 567 506 edo
586 464 619 506 es
641 452 686 506 est
705 445 819 506 edimus
841 444 912 504 estis
935 442 1041 516 edunt,
1075 442 1198 505 edebam
1227 443 1339 506 edebas
1364 445 1429 505 cde·

131 551 197 624 bat,
223 549 269 610 edi
292 549 377 610 edisti
396 548 455 609 edit
480 547 594 607 odimus
616 545 717 606 edistis
739 545 864 606 ederunt
884 542 929 603 vel
956 543 1059 617 edere,
1088 543 1205 605 ederam
1231 544 1337 607 ederas
1365 544 1429 605 ede-

131 660 191 723 rat,
214 650 298 710 edam
317 648 387 710 edes
406 648 474 708 edet
494 648 615 706 edemus
638 647 730 707 edetis
752 645 848 705 edent.
893 643 1061 723 imperativa
1083 663 1115 704 es
1136 644 1204 708 edat
1224 645 1350 707 edamus
1369 655 1428 706 este

133 753 238 824 edant;
261 748 350 811 futuri
366 756 430 809 esto
445 757 492 819 tu,
516 754 579 807 esto
596 746 644 806 ille
659 745 704 806 rel
720 746 802 818 edat,
823 744 961 818 edamus,
984 753 1093 819 estote,
1113 745 1201 805 edant
1214 745 1259 806 rel
1275 741 1289 829 ll
1305 747 1427 837 monto:

132 860 245 913 veteres
266 851 321 910 ede
343 850 409 910 edat
425 848 545 909 edamus
560 846 637 907 edite
658 846 762 919 edant,
786 845 876 907 futuri
893 845 970 906 edito
991 846 1058 907 edat
1077 847 1198 908 edamus
1216 846 1327 908 editote
1345 847 1452 909 edoms

132 953 176 1013 vel
198 952 315 1012 edunto.
360 949 485 1027 optativa
508 948 644 1009 instantis
667 955 696 1007 et
717 947 870 1026 inperfecti
894 947 1005 1008 utinam
1028 967 1124 1009 essem
1146 967 1229 1009 esses
1251 953 1335 1021 esset
1352 964 1430 1007 esse·

132 1071 199 1114 mus
220 1051 324 1113 essetis
347 1059 463 1123 essent,
482 1057 515 1110 ut
533 1049 689 1109 Terentius

399 1173 439 1226 ut
461 1165 503 1225 de
525 1165 707 1243 symbolis
729 1182 934 1240 essemus3·

116 1275 255 1366 ¹perfecti
284 1281 393 1342 ederim
423 1281 519 1341 ederis
547 1280 639 1340 ederit
667 1280 814 1341 ederimus
844 1266 962 1341 ederitis
985 1280 1112 1352 ederint,
1152 1279 1448 1361 plusquamperfecli·

134 1386 259 1446 edissem
278 1382 391 1442 edisses
415 1381 524 1441 edisset
544 1380 708 1441 edissemus
728 1380 863 1441 edissetis
885 1379 1029 1455 edissent,
1055 1381 1142 1442 futuri
1166 1381 1251 1442 edam
1274 1381 1346 1442 edas
1369 1381 1463 1442 edatio

134 1487 256 1546 edamus
278 1481 370 1542 edatis
391 1481 485 1540 edant.
535 1481 716 1541 subiunctiva
744 1481 881 1543 instantis
911 1501 978 1542 eum
1004 1484 1088 1543 edem
1119 1482 1188 1543 edas
1204 1483 1286 1544 ‘edat
1314 1483 1431 1544 edamus

136 1585 229 1646 edatis
252 1583 353 1651 edant,
373 1580 526 1659 inperfecti
545 1599 611 1641 cum
635 1600 732 1643 essem
755 1601 837 1643 esses
859 1591 939 1644 esset
960 1602 1094 1645 essemus
1109 1585 1215 1645 essetis
1231 1593 1347 1660 essent,
1368 1601 1432 1664 per·

112 1686 203 1746 ·fecti
225 1684 334 1745 ederim
358 1681 452 1742 ederis
475 1682 567 1742 ederit
588 1682 734 1744 ederimus
756 1684 874 1746 ederitis
897 1685 1025 1760 ederint,
1053 1684 1334 1764 plusquamperfecti
1358 1683 1431 1744 edis-

136 1805 198 1847 sem
220 1785 332 1845 edisses
355 1783 465 1844 edisset
486 1782 649 1844 edissemus
672 1785 807 1847 edissetis
836 1785 982 1860 edissent,
1011 1785 1100 1846 futuri
1123 1804 1189 1846 oum
1220 1786 1310 1847 edero
1338 1784 1431 1846 ederis

136 1887 229 1947 ederit
247 1886 393 1946 ederimus
415 1884 534 1944 ederitis
555 1884 676 1945 ederint.
721 1885 860 1947 infinitiva
879 1887 1017 1948 instantis
1039 1906 1122 1960 esse,
1150 1886 1298 1966 praeteriti
1326 1886 1461 1957 edisses

135 1996 249 2047 veteres
272 1987 358 2046 edere
378 1995 406 2046 et
427 1986 541 2060 edisse;
572 1986 660 2046 futuri
683 2005 766 2047 esum
789 1987 832 2047 ire
857 1995 885 2048 et
907 2007 1026 2049 esurum
1053 2006 1128 2050 esse.
1173 1982 1372 2067 inpersonelia
1389 1987 1431 2046 in·

137 2088 240 2149 stantis
262 2095 358 2160 estur,
385 2086 538 2165 inperfecti
562 2086 716 2161 edebatur,
745 2089 867 2167 perfecti
888 2109 971 2150 esum
994 2098 1040 2151 est
1061 2098 1090 2149 et
1109 2089 1179 2161 fuit,
1208 2087 1431 2166 plusquamper-

137 2189 204 2249 fecti
228 2207 310 2249 esum
332 2195 394 2249 crat
417 2196 445 2248 et
470 2189 578 2260 fuerat,
612 2187 700 2247 futuri
726 2187 836 2248 edetur.
883 2189 985 2269 supina
1016 2189 1119 2249 edendi
1144 2188 1258 2248 edendo
1288 2187 1430 2249 edendum

138 2307 220 2349 esum
243 2308 311 2361 esu,
335 2307 394 2349 non
417 2298 511 2350 estum
535 2296 616 2349 estu:
641 2287 769 2367 vulgaria
792 2290 868 2351 euim
891 2297 969 2352 sunt.
1006 2290 1157 2370 participia
1177 2289 1316 2351 instantis
1338 2289 1386 2351 bic
1405 2295 1431 2348 et

137 2390 211 2451 hacc
234 2397 262 2450 et
283 2391 340 2450 hoc
362 2391 468 2462 edens,
492 2388 580 2449 futuri
603 2408 717 2449 esurus.
762 2397 792 2450 et
812 2409 886 2468 quae
909 2391 945 2451 eb
967 2411 1002 2453 oo
1024 2391 1205 2465 derivantur,
1230 2392 1355 2452 comedo
1375 2409 1461 2458 amn

137 2491 213 2550 bedo
235 2491 328 2551 abedo
355 2492 530 2551 circumedo.
575 2489 779 2552 adnotabimus
806 2499 904 2552 tamen
933 2501 1047 2555 veteres
1075 2495 1160 2555 etiem
1190 2492 1233 2554 sio
1261 2474 1430 2562 declinasse,

139 2592 193 2651 cdo
214 2592 277 2651 odis
299 2591 372 2651 edit:
404 2592 475 2651 Cato
498 2591 533 2651 ed
562 2590 652 2650 filium
680 2592 724 2651 vel
754 2592 790 2654 de
817 2603 934 2655 oratore
954 2595 1094 2676 “lepus
1123 2596 1279 2655 m'ultum
1314 2591 1431 2654 somni

137 2692 264 2751 ndfcrt
287 2690 346 2766 qui
369 2691 474 2752 illum
496 2692 598 2765 odit’,
620 2701 649 2753 et
669 2695 811 2772 Vergilius

305 2824 347 2866 nc
370 2817 406 2868 te
429 2816 557 2868 tantus
580 2808 658 2867 edit
680 2809 834 2871 tacitam
858 2812 974 2872 dolor.

138 2926 255 3006 passivo
279 2941 386 3001 genere
409 2920 480 2981 edor
498 2922 594 2983 ederis
613 2923 723 2997 editm,
751 2926 912 3006 inperfecto
934 2927 1056 3001 edebar,
1075 2930 1206 3006 perfeeto
1228 2947 1298 2989 esus
1321 2947 1387 2991 sum
1407 2937 1462 2990 rte

141 3025 197 3098 fui,
218 3024 505 3104 plusquamperfecto
527 3043 595 3085 esus
615 3045 694 3086 emm
719 3035 746 3087 ct
766 3029 1013 3102 fueram„futuro
1036 3028 1105 3089 eder
1128 3029 1223 3089 ederis
1247 3029 1352 3090 edetur
1369 3008 1432 3090 ede-

141 3145 206 3186 mur
234 3124 357 3186 edemini
384 3125 514 3186 edentur.
560 3125 728 3206 imperativa
757 3129 843 3189 edere
872 3129 974 3189 edatur
1002 3115 1123 3189 edamur
1147 3129 1273 3189 edomini
1303 3130 1431 3201 edantur,

141 3227 229 3289 futuri
252 3226 353 3287 editor.
398 3227 523 3307 optativa
543 3228 653 3288 utinam
674 3230 777 3289 oderer
800 3229 929 3289 edereris
952 3229 1102 3305 ederetur,
1132 3229 1252 3310 perfecti
1284 3249 1354 3292 esus
1383 3230 1433 3291 sim

140 3337 169 3390 et
190 3329 309 3402 fuerim,
331 3328 609 3408 plusquamperfecli
631 3350 699 3392 esus
723 3351 819 3392 essem
843 3339 872 3391 et
891 3331 1029 3405 fuissem,
1054 3332 1142 3392 futuri
1166 3332 1236 3393 cdar
1256 3333 1353 3394 edaris
1370 3332 1434 3394 eda·

140 3440 188 3493 tur
217 3434 337 3493 edamur
366 3428 490 3489 edumiui
520 3429 652 3492 edantur.
703 3432 885 3494 subiunctira
919 3451 984 3493 oum
1018 3433 1103 3506 edar,
1138 3434 1292 3513 inperfecti
1325 3435 1462 3506 ederenm

141 3534 261 3615 perfecti
290 3553 355 3595 cum
382 3551 451 3592 esus
480 3532 534 3593 sim
562 3541 591 3593 ot
615 3534 734 3609 fuerim,
768 3534 1046 3615 plusquamperfecti
1076 3553 1142 3595 cum
1177 3555 1245 3596 esus
1280 3556 1377 3598 essem
1401 3541 1434 3601 ,ct

98 3649 102 3656 ’
142 3637 277 3711 fuissem,
300 3633 388 3695 futuri
414 3652 480 3692 oum
503 3653 571 3693 esus
595 3654 645 3695 ero
668 3646 696 3698 ct
718 3639 810 3699 fuero.
853 3637 992 3698 infinitiva
1012 3634 1074 3709 edi,
1094 3636 1242 3715 praeteriti
1260 3657 1345 3699 esum
1362 3656 1433 3708 esso,

141 3738 228 3800 futuri
249 3757 331 3799 osum
353 3736 396 3796 iri.
442 3733 592 3813 participia
616 3738 763 3814 praeteriti
789 3739 835 3799 bic
859 3757 942 3811 osus,
965 3736 1044 3797 uude
1066 3746 1095 3798 et
1115 3757 1251 3799 comesus
1267 3740 1393 3801 dicimus
1410 3746 1436 3797 et

210 3912 222 3961 l
248 3918 392 3974 correptum
412 3905 496 3956 ΑΒΜ
581 3908 704 3956 2edistis
722 3908 827 3957 ederunt
847 3909 872 3957 Β
895 3909 968 3957 editis
986 3909 1064 3958 edunt
1082 3908 1141 3956 AM
1227 3906 1301 3974 dee]
1325 3919 1364 3959 est
1383 3906 1437 3959 AM

139 3998 180 4031 ros
204 3982 301 4031 duabus
324 3982 415 4029 litteris
439 3978 541 4034 deletis,
567 3984 592 4024 ut
610 3986 645 4025 est
662 3977 743 4038 sitisse
760 3979 883 4037 cillentur,
903 3979 929 4027 B
1014 3974 1083 4042 este]
1102 3979 1169 4026 edite
1187 3977 1273 4029 ABM
1359 3980 1436 4029 rue-

140 4048 246 4115 rrutius]
260 4049 373 4117 Eunurlr.
390 4049 423 4097 lll
435 4047 487 4104 4,2
560 4044 591 4092 to
609 4046 681 4094 edum
701 4047 762 4095 edus
781 4047 838 4095 edat
857 4048 962 4095 edamus
982 4048 1062 4096 edatis
1082 4048 1157 4095 edunt
1170 4045 1194 4094 B
1210 4049 1285 4096 edom
1304 4050 1367 4098 edes
1384 4048 1436 4095 odet

139 4124 237 4171 culinum
256 4119 330 4168 editis
347 4117 421 4165 erlem
441 4115 464 4162 A
489 4116 560 4163 edum
583 4115 643 4162 odes
667 4116 723 4162 edet
742 4116 846 4165 edemus
871 4117 951 4164 edetis
974 4117 1049 4164 edom
1069 4116 1101 4164 M
1172 4115 1200 4164 ll
1228 4118 1335 4167 edemus
1360 4116 1435 4167 edmis

138 4195 213 4242 rrluut
233 4191 255 4240 Β
281 4188 380 4237 edimus
404 4184 483 4234 edetis
507 4185 574 4233 edint
593 4185 616 4232 A
645 4185 743 4233 edimus
767 4186 841 4233 oditis
865 4185 939 4233 edent
958 4184 989 4232 M
1061 4185 1092 4234 15
1116 4201 1173 4233 esse
1192 4194 1216 4233 et
1236 4187 1322 4236 edisse
1341 4196 1435 4236 ueteres

138 4265 213 4312 edere
231 4258 369 4328 praeterito
385 4256 469 4304 odisse
482 4253 539 4303 ΒΜ
558 4269 615 4303 esse
634 4262 657 4301 et
676 4255 760 4304 edisse
778 4263 876 4303 ueteres
896 4254 956 4318 plur
974 4254 1028 4302 edis
1048 4255 1132 4303 edisse
1145 4254 1169 4301 A
1243 4254 1276 4305 16
1294 4255 1381 4305 futuro
1399 4269 1435 4301 es·

138 4348 225 4382 sinum
244 4345 302 4379 esso
315 4335 339 4376 et
353 4339 470 4376 essururu
484 4324 520 4371 irc
533 4324 704 4387 inpersoualin
716 4323 741 4372 Β
758 4323 843 4372 futuro
856 4337 958 4371 esrrrum
975 4337 1031 4373 esse
1046 4323 1142 4370 esurire
1157 4332 1180 4371 el
1196 4325 1371 4388 inpersonolin
1384 4317 1436 4370 Aa!

190 4402 222 4453 lt]
241 4414 290 4450 nou
311 4407 349 4445 est
365 4407 448 4445 tumen
467 4400 522 4441 estu
535 4391 620 4441 ΑΒΜ
687 4392 721 4441 ‘20
734 4393 876 4441 diriunutur
889 4392 913 4440 Β
981 4391 1012 4441 al
1029 4391 1208 4440 ndnomuimus
1218 4393 1242 4441 A
1255 4393 1280 4441 id
1295 4394 1435 4442 uolnuimus

139 4470 196 4519 ΒΜ
266 4469 298 4518 22
316 4467 403 4516 Cicero
420 4464 451 4511 de
466 4470 565 4511 oratore
581 4461 613 4510 nd
632 4461 709 4511 lilium
730 4464 768 4512 ed.
789 4463 895 4511 Arcens.
915 4479 938 4510 o.
961 4459 1027 4509 told
1098 4460 1129 4507 de
1146 4469 1245 4510 nurture
1258 4464 1436 4512 coniecither-

136 4542 219 4589 urdine
236 4539 329 4602 eplaern.
349 4537 428 4599 antiq.
449 4552 472 4583 a.
493 4531 560 4581 1811
575 4549 602 4595 p.
616 4532 682 4580 445:
703 4531 737 4593 cf.
758 4531 830 4580 Iolen.
848 4539 916 4580 norit.
936 4532 1022 4579 societ.
1041 4528 1141 4578 Sumen.
1160 4546 1185 4577 n.
1208 4529 1275 4578 1850
1290 4548 1319 4594 p.
1338 4530 1388 4580 267

139 4623 254 4787 nudt'fM¹
298 4669 357 4786 M‘23
376 4669 454 4724 ferts
526 4664 665 4731 Vergilius]
679 4665 744 4715 Aen.
759 4664 807 4714 Xll
820 4663 869 4714 ⁸01
952 4663 1072 4717 'diuers
1143 4664 1280 4713 teutumA
1351 4663 1436 4717 edntc

206 4749 281 4788 lecto
