3114 5356
599 313 807 375 PRAEFATIO
874 312 878 318 '
1311 334 1356 378 rut

54 497 174 560 certius
198 496 241 560 de
265 517 330 560 usu
352 494 509 561 librorum
532 505 676 578 constet,
700 495 858 582 quaedam
879 518 962 583 quae
985 498 1127 561 maxime
1148 499 1358 563 memoranda

57 597 214 661 videntur
238 618 433 684 conponam.
473 599 585 685 itaque
612 606 648 662 ut
681 598 873 685 saepissime
903 620 940 662 ue
965 607 998 661 et
1023 621 1040 662 e
1062 599 1149 663 inter
1172 622 1207 664 se
1232 607 1358 664 mutata

56 711 146 783 sunt,
163 701 213 763 ita
231 699 408 787 praecipue
429 698 480 764 bis
495 699 639 764 librariis
662 700 783 796 usitata
804 707 854 762 est
874 720 911 764 ee
923 698 1144 786 diphthongus
1165 699 1358 787 proebrcvi

55 802 180 889 posita,
212 810 251 865 ut
272 806 393 865 caecidi
420 808 539 867 caecini
557 823 687 881 praeces
707 807 848 866 muedw
863 823 1026 881 prueniere
1051 824 1219 882 expraessu
1242 823 1358 883 poenes

55 911 197 984 poeninis
219 908 369 983 captitula
389 910 544 980 quaerella
562 909 719 990 praetium·
738 910 939 983 interpretetur
961 908 1140 982 praebendo
1166 915 1277 984 quecui
1300 925 1356 969 ue-

58 1026 111 1083 quo
134 1026 221 1084 quoe
241 1007 336 1068 ccede
360 1026 419 1089 pro
438 1025 514 1083 equo
539 1027 596 1084 que
615 1007 697 1069 etue.
741 1004 859 1091 quibus
887 1026 1001 1069 sonum
1026 1025 1090 1090 quo
1119 1003 1195 1068 olim
1227 1004 1357 1093 syllaba

57 1106 273 1192 pronuntiata
296 1105 339 1168 sit
364 1104 503 1170 indicari
530 1115 673 1171 constat:
700 1105 743 1170 cf.
767 1103 902 1169 Lacbm.
927 1107 961 1169 in
979 1104 1111 1170 Lucrot.
1136 1129 1169 1193 p.
1192 1109 1253 1171 339
1272 1105 1357 1171 Iabn

57 1208 88 1270 in
108 1206 203 1271 Flor.
225 1204 331 1294 praei.
356 1229 387 1293 p.
410 1207 541 1272 XXXI.
582 1208 621 1273 de
651 1207 839 1293 posterioris
868 1207 985 1271 aetatis
1010 1209 1244 1273 consuetudins
1263 1230 1356 1297 prae-

58 1308 134 1394 cipit
163 1311 400 1389 grammatieus
432 1314 488 1396 qui
517 1319 568 1376 cst
598 1312 632 1374 in
663 1308 776 1373 codice
802 1307 989 1372 Lavantino'
1017 1330 1102 1372 saec.
1127 1308 1228 1375 VIIII
1256 1310 1281 1375 s.
1304 1313 1355 1392 55,

58 1412 200 1488 ‘quaudo
220 1432 238 1474 e
261 1423 431 1490 correptum
458 1423 520 1490 est,
548 1419 591 1477 sie
615 1423 701 1475 souut
727 1417 815 1490 quusi
841 1415 1069 1489 dipdtltonpum,
1095 1433 1205 1490 equus·
1236 1417 1357 1493 quande

57 1517 235 1589 modulum
259 1522 318 1588 esi,
345 1520 390 1577 sie
414 1524 501 1578 muci
526 1503 615 1593 quusi
639 1521 664 1589 i,
691 1525 724 1577 ui
752 1517 901 1577 demeus'.
952 1512 986 1574 in
1011 1512 1061 1575 his
1090 1514 1177 1597 quod
1207 1514 1355 1579 additum

60 1621 105 1676 est
129 1612 172 1676 de
200 1635 219 1676 e
246 1621 279 1676 et
306 1621 319 1677 i
342 1613 523 1680 litterarum
552 1617 762 1701 cognatione,
800 1612 834 1676 id
871 1612 969 1676 latius
998 1621 1088 1699 patet
1117 1614 1151 1676 in
1174 1615 1354 1698 codicibus,

60 1713 233 1801 inquibus
263 1737 329 1779 non
354 1707 456 1781 solum
481 1740 540 1804 pro
567 1715 667 1802 longa
692 1714 750 1781 sed
780 1715 879 1777 etiam
901 1737 960 1800 pro
983 1714 1077 1778 brevi
1100 1736 1118 1778 e
1145 1736 1243 1802 saepe
1269 1724 1355 1805 ipo·

60 1816 153 1878 situm
179 1816 368 1900 invenitur,
402 1827 439 1882 ut
467 1823 592 1896 quuille
620 1822 712 1880 uindo
738 1821 877 1880 dinarius
910 1821 1081 1881 aduliscens
1112 1823 1268 1882 cumiciaco
1299 1841 1356 1882 cr·
1400 1878 1408 1892 ,

60 1920 137 1980 disco
154 1921 280 1981 ieritisco
300 1926 440 1984 emanso
460 1927 570 1999 luciaco
585 1922 726 1997 diffinitio
746 1922 887 1982 discendo
906 1922 1013 1981 disiino
1033 1923 1140 1993 diriuo,
1157 1918 1234 1980 item
1249 1924 1355 1983 dicea-

60 2029 99 2079 ter
116 2024 261 2084 elimenta
283 2026 426 2097 clipeatis
445 2028 560 2086 mimici
579 2026 693 2085 uredior
708 2027 850 2084 muduui
868 2024 963 2082 decim
978 2026 1010 2081 et
1032 2023 1128 2082 dicem
1145 2026 1252 2083 sellim.
1280 2042 1355 2083 con-

62 2127 104 2181 tra
124 2142 144 2184 e
163 2141 226 2207 pro
249 2120 262 2183 i
284 2142 350 2184 non
372 2123 479 2187 minus
501 2146 576 2188 raro
599 2124 738 2209 positum
760 2130 810 2184 est
841 2122 875 2184 in
896 2118 1033 2200 talibus,
1061 2125 1164 2183 dedici
1187 2119 1355 2198 correpsiur

61 2226 227 2299 deiecimus
254 2227 377 2287 iteneris
402 2231 563 2303 possedeat
584 2231 740 2304 collepirur
769 2229 881 2301 relcpio
907 2228 1055 2301 expremit
1086 2226 1223 2286 cbstcueo
1246 2227 1358 2287 ebdedi
1420 2276 1421 2279 ,

60 2329 219 2387 duodecem
243 2331 375 2401 trepiuie
400 2335 516 2406 decepit
539 2331 650 2404 defecit
669 2330 785 2389 accedit
804 2346 862 2411 pro
888 2330 999 2402 accipit
1020 2327 1120 2399 deficit
1139 2330 1258 2388 eccidit.
1303 2347 1355 2389 so·

60 2424 126 2489 dem
148 2425 525 2512 pertinent·demiuuliuu
548 2439 579 2492 et
599 2435 791 2502 diminutius,
819 2429 967 2502 spondeus
991 2432 1024 2487 et
1044 2428 1188 2502 spondius
1210 2434 1242 2489 et
1264 2425 1353 2490 abla-

60 2528 111 2590 tivi
123 2525 224 2591 modo
247 2526 376 2592 emodo
395 2537 408 2593 i
427 2529 535 2593 littera
549 2529 729 2610 terminati,
746 2525 914 2613 inquibus
930 2526 1184 2589 inconstantiam
1197 2525 1354 2591 librorum

59 2629 185 2693 retinui.
240 2634 391 2705 i'erpilius
411 2638 443 2693 et
461 2638 626 2709 periclitata,
647 2632 680 2694 in
703 2628 823 2715 quibus
844 2649 910 2692 non
931 2627 1038 2689 minus
1060 2649 1159 2713 saepe
1180 2634 1193 2690 i
1211 2626 1353 2692 litteram

59 2754 149 2816 qnam
172 2752 191 2794 e
214 2727 398 2793 adhibitam
418 2732 551 2815 inveni,
583 2754 710 2817 semper
739 2729 870 2815 seripsi3
902 2731 979 2794 item
1002 2737 1124 2809 neplepo
1145 2736 1296 2808 iutellcpo,
1320 2732 1354 2793 in

58 2832 174 2918 quibus
198 2852 276 2895 rara
298 2839 348 2894 est
372 2831 523 2917 {littora
568 2833 645 2896 item
672 2835 744 2897 soni
772 2829 952 2896 similitudo
982 2829 1089 2895 effecit
1112 2822 1360 2918 ut'promiscue·

58 2954 153 3019 saepe
174 2938 246 2998 oet
266 2952 286 2993 u
307 2943 514 3018 ponerentur.
546 2937 579 2998 in
591 2935 711 3022 quibus
726 2935 885 3021 quaedam
904 2941 1036 3019 propter
1057 2934 1183 3019 antiqui
1205 2955 1284 2997 usus
1305 2934 1352 2997 in·

57 3034 276 3097 constantiam
305 3043 338 3096 et
365 3031 522 3100 librorum
558 3058 753 3101 consensum
787 3032 901 3097 eadem
929 3035 1088 3098 varietate
1118 3036 1280 3119 expressi,
1316 3044 1352 3098 ut

56 3141 200 3200 urendus
224 3139 314 3197 robor
337 3140 497 3215 impedium
525 3143 770 3213 sermionem,
804 3134 922 3222 quibus
947 3135 1025 3200 addi
1051 3145 1180 3220 poterat
1207 3144 1353 3202 tuemur.

56 3236 116 3301 alia
143 3226 383 3300 recentioribus
404 3234 548 3303 librariis
576 3238 751 3305 tribuenda
778 3260 850 3301 esse
873 3238 946 3300 visa
974 3245 1065 3319 sunt,
1094 3246 1130 3300 ut
1157 3259 1255 3303 mosee
1276 3262 1352 3320 pur·

54 3361 160 3416 purus
194 3348 227 3401 ct
259 3357 426 3415 perpereus
455 3346 559 3405 tutelis
590 3347 734 3406 ridiculus
764 3347 919 3405 eumeleus
950 3343 1110 3402 consuitur
1139 3345 1234 3403 insola
1268 3347 1354 3406 iubeo

56 3452 185 3504 mammo
209 3435 370 3503 mamonis
395 3448 537 3506 uioradus
558 3464 676 3508 nomem
703 3464 849 3522 copuusco
873 3446 1052 3519 surtuuctus
1078 3445 1187 3504 tuudeo
1209 3451 1356 3522 expuliuii

57 3549 171 3606 iucuioe
192 3543 349 3617 suffecere
364 3552 540 3624 promptus,
563 3546 640 3608 item
655 3545 742 3632 quod
765 3545 799 3608 in
814 3542 925 3607 verbis
940 3562 1013 3603 cum
1033 3562 1088 3604 coa
1109 3546 1352 3649 praepositiope

58 3643 234 3730 conpositis
256 3642 421 3708 interdum
443 3668 511 3711 eum
534 3647 689 3734 scriptum
711 3655 779 3728 est,
802 3656 837 3708 ut
855 3662 1010 3721 campere.
1041 3664 1161 3727 magna
1177 3645 1350 3710 fuitlibr‘a-

60 3746 175 3808 riorum
197 3743 333 3811 licentia
348 3745 382 3808 in
404 3746 603 3833 aspiratione
617 3748 672 3812 vel
687 3747 840 3813 addenda
861 3744 914 3811 vel
939 3742 1128 3808 omittenda.
1174 3767 1280 3832 neque
1301 3769 1352 3811 so·

59 3844 117 3909 lum
140 3847 183 3909 in'
204 3845 300 3910 initio
321 3845 553 3913 vocabulorum
576 3851 808 3936 aspirationem
827 3849 1008 3911 omiserunt
1028 3844 1086 3908 ubi
1107 3845 1260 3912 addenda
1280 3849 1352 3929 fuit,

58 3962 89 4010 nt
109 3968 221 4011 unaue
248 3958 315 4010 uste
341 3960 455 4012 erictus
480 3958 683 4030 stercorius,
714 3959 747 4015 et
768 3956 957 4014 constanter
980 3946 1049 4011 fere
1071 3955 1185 4013 mutius
1214 3949 1352 4035 scripse·

59 4060 146 4130 runt,
176 4046 266 4135 quod
287 4049 447 4115 adnotare
473 4074 751 4140 supervacaneum
775 4051 872 4132 duxi,
901 4047 1077 4112 sedetiam
1099 4048 1133 4112 in
1155 4051 1273 4116 mediis
1296 4075 1351 4116 vo·

58 4151 195 4232 rabulis,
219 4158 258 4213 nt
272 4156 378 4215 iuueor
396 4165 538 4217 trauntur
558 4162 707 4220 incaedua
729 4161 848 4217 inereus
867 4160 990 4215 erutor
1001 4155 1104 4214 euibeo
1115 4158 1243 4230 redebeo,
1265 4154 1353 4239 quod

52 4256 122 4335 666,
146 4256 190 4317 30
206 4253 241 4316 in
263 4252 417 4318 omnibus
434 4254 527 4336 libris
543 4264 602 4337 est,
627 4279 764 4342 quorum
789 4256 910 4320 similia
925 4253 1057 4340 collegit
1071 4254 1302 4319 Lachmannus
1317 4255 1351 4318 in

60 4354 182 4421 Lucret.
198 4379 232 4443 p.
253 4358 333 4438 176,
361 4363 395 4420 et
412 4365 525 4421 contra
542 4357 660 4420 vitiosa
684 4359 879 4445 interposita
897 4356 1043 4421 blittero
1064 4362 1243 4422 habundans
1263 4361 1351 4419 nilid-

60 4463 358 4525 carminantem
383 4463 621 4522 ubbomiueudus
641 4466 806 4539 perdiodus
832 4469 865 4524 et
888 4465 1062 4539 peritcdus.
1105 4458 1211 4524 rarius
1239 4479 1351 4542 pecca-

61 4574 117 4625 tum
135 4573 185 4626 est
203 4564 239 4625 in
263 4549 541 4644 consona‘ntibus,
564 4567 668 4625 ulredus
688 4568 796 4626 curtlia
814 4569 905 4626 scole.
950 4563 983 4625 in
997 4562 1136 4627 Graecis
1157 4582 1235 4625 vero
1255 4581 1350 4624 voca·

60 4659 134 4727 bulis
153 4673 228 4751 post
249 4687 270 4727 r
290 4660 439 4725 litteram
461 4662 519 4725 vix
541 4684 693 4748 umquam
717 4652 864 4728 additum
885 4663 955 4726 vidi
976 4661 1184 4749 aspirationis
1208 4662 1349 4746 signum,

62 4775 89 4826 ut
106 4777 294 4832 constanter
318 4761 485 4826 scribatur
512 4769 630 4844 Pyrrus
647 4769 823 4844 pyrrichius
844 4770 978 4844 rythmus
999 4786 1114 4827 murra.
1159 4764 1236 4828 item
1260 4773 1349 4838 recte

63 4869 195 4937 scribitur
215 4877 386 4938 baratrum
408 4885 478 4929 erus
498 4886 618 4931 uiscus
639 4888 733 4932 umor.
777 4887 864 4931 orreo
885 4865 985 4931 habet
1005 4864 1033 4929 B
1055 4867 1134 4946 366,
1157 4869 1213 4929 24:
1237 4874 1351 4931 contra
1439 4891 1444 4899 ·
