3114 5356
34 298 39 303 .
122 252 163 314 ne
549 242 559 257 ’
682 251 844 315 cntmsu

190 366 274 410 ‚un
1221 365 1357 417 .mmn

121 379 191 513 liud),
219 434 357 517 singulari
385 456 505 500 numero
532 456 605 500 carn
626 438 816 501 nominativo
843 457 864 501 n
890 438 993 500 liuere
1008 439 1173 517 finiuntur,
1202 381 1261 500 don
1282 449 1411 519 possunt

121 540 254 621 genetivo
274 540 377 620 plurali
399 560 452 621 per
472 540 543 602 alias
562 541 672 603 litteras
692 560 779 620 quam
800 560 853 622 per
872 560 954 604 arum
972 538 1069 618 exire,
1089 539 1411 637 conquaesitam

121 644 332 721 Sisemnrum,
359 642 484 704 Minerva
512 642 719 718 llinemarnm,
749 643 860 722 collega
882 642 1067 722 colleganum.
1111 642 1157 723 sit
1183 661 1256 724 erpo
1281 643 1409 722 emtore

122 747 332 826 amtorem,
352 765 412 808 non
432 745 583 807 emiorum.
627 746 776 807 Romnum
797 752 894 807 autem
914 745 945 805 in
967 745 1041 807 libro
1064 745 1100 806 de
1119 745 1251 824 analogia
1273 792 1407 808 .....

124 893 696 915 ....................
723 846 843 908 adsidue
866 848 1022 921 antrorum,
1048 847 1072 908 si
1092 847 1285 922 coniunctim,
1313 857 1345 910 ut
1365 849 1435 911 ‘Xe

121 951 200 1014 utilia
226 953 404 1027 arnlomm’;
435 951 506 1012 item
532 946 667 1010 modium
693 949 865 1011 sestertium
893 966 1061 1012 nummum:
1090 954 1124 1011 nt
1150 949 1248 1031 siper
1269 969 1317 1025 se,
1347 969 1410 1013 am·

123 1055 258 1117 soranam.

50 1150 53 1155 ⁴
207 1156 287 1218 llaec
306 1173 387 1236 cyma
412 1154 551 1216 feminino
576 1171 614 1214 an
635 1159 739 1215 neutro
761 1171 868 1233 genere
889 1154 945 1216 hoe
966 1131 1046 1234 cyma
1074 1151 1231 1213 dicendum
1253 1151 1294 1213 sit
1313 1170 1408 1232 qene-

121 1257 210 1319 ritttr.
254 1257 385 1338 plerique
412 1261 516 1335 putant
544 1253 638 1315 neutri
663 1254 778 1332 generis
805 1271 874 1315 esse
896 1254 954 1316 ltoc
983 1271 1073 1334 cyma
1116 1253 1208 1334 idque
1230 1253 1322 1316 nobis
1342 1274 1411 1334 per·

123 1358 246 1421 suadere
268 1364 424 1439 temptant,
447 1356 525 1435 quod
548 1374 627 1435 cyma
646 1354 760 1417 coliculi
783 1373 928 1417 summum
950 1375 1016 1419 esse
1035 1298 1175 1417 videnter
1198 1356 1281 1417 oelttt
1300 1356 1450 1433 1111111111

122 1458 181 1521 sed
201 1479 256 1540 eqo
284 1459 413 1521 omnium
434 1454 655 1539 ineptissilmum
678 1456 753 1518 tluco
773 1457 875 1518 Latino
904 1458 1014 1520 nomini
1035 1459 1174 1520 Graecam
1197 1456 1411 1555 etymoquient

122 1559 362 1623 adcommodare.
390 1577 457 1621 nam
478 1577 544 1622 curn
565 1558 669 1651 Graeci
686 1556 817 1640 πρέμνον
834 1567 863 1620 et
883 1549 1008 1637 ὄρμενον
1029 1560 1126 1622 dicent
1148 1558 1225 1639 qnod
1247 1578 1302 1619 nos
1323 1577 1412 1638 cyma

122 1659 463 1739 doloremsummum
492 1679 549 1739 quo
571 1661 657 1725 mono
684 1669 783 1744 potest
807 1666 936 1726 llomano
963 1661 1072 1745 nomini
1095 1661 1246 1743 peregriua
1275 1662 1411 1740 cognatio

124 1764 252 1827 inmitti?
281 1763 386 1843 itnqtte
408 1761 484 1823 milti
510 1762 681 1844 sinpliciter
702 1764 814 1827 ridetur
835 1764 949 1825 nescire
971 1764 1048 1842 quod
1070 1764 1276 1843 nescioquam
1299 1764 1410 1843 lingere

122 1864 231 1944 aliquid
250 1842 420 1927 incutiente
437 1882 546 1927 canen.
565 1862 571 1874 '
592 1865 651 1926 ltoc
673 1865 752 1928 enim
770 1884 879 1927 nomm
905 1885 972 1927 cunt
995 1834 1035 1929 sd
1060 1875 1178 1927 naturae
1203 1865 1408 1939 inconstantis,
1424 1884 1448 1925 tt

123 1985 181 2029 non
210 1974 308 2046 polest
334 1967 370 2028 ab
395 1967 525 2047 analogia
553 1968 662 2029 adseri.
713 1974 744 2029 ct
767 1987 834 2029 natm
859 1968 1028 2031 numilitate
1052 1989 1104 2031 sna
1132 1986 1290 2046 numquam
1309 1975 1360 2029 ant
1380 1968 1410 2028 in

122 2065 285 2130 orationum
307 2076 357 2130 aut
378 2067 411 2128 in
432 2067 617 2132 historiarum
637 2070 814 2152 niquitatem
835 2070 993 2146 inciderit,
1013 2091 1049 2132 ne
1071 2078 1218 2132 auctorem
1233 2069 1336 2131 saltem
1358 2068 1430 2130 ali·-

194 2391 209 2440 t‘t
227 2396 320 2457 posunt
337 2391 402 2457 geni
420 2389 464 2456 plt't
482 2389 583 2456 pallas
603 2381 709 2462 litlasq

195 2478 289 2528 senna?
324 2477 438 2528 minente
469 2478 640 2528 mineruatum
675 2496 707 2551 a·

195 2564 307 2615 tisnlm'
317 2565 464 2617 ‚Romanus
485 2567 514 2614 w
534 2565 560 2614 in
578 2563 643 2615 libro
661 2565 741 2616 dean

191 2652 297 2703 adsidue
311 2652 386 2703 anloi
399 2653 422 2702 si
438 2652 592 2702 coniunctim
606 2661 634 2700 ut
646 2651 669 2701 Χ
679 2652 749 2701 milia
766 2668 781 2700 a

194 2742 216 2790 si
233 2754 280 2805 per
296 2740 325 2788 ἵν
341 2738 446 2788 anlorai
464 2734 488 2806 l(
510 2736 625 2803 plerique
647 2745 735 2802 putent
756 2753 786 2788 ne

277 2832 291 2859 u

195 2877 243 2942 ltqe
261 2890 332 2941 cyma
351 2874 472 2926 feminino
494 2889 525 2924 an
551 2882 638 2925 neutro
661 2890 753 2940 genere
770 2874 787 2923 h

192 3013 347 3079 persuadere
363 3018 486 3087 temptent
502 3027 526 3077 qr
543 2969 616 3079 elma
634 3010 734 3061 coliculi
754 3028 784 3062 sn

194 3100 305 3150 omnium
329 3099 514 3165 ineptissimum
540 3099 603 3150 dnen
625 3097 702 3149 latino
726 3100 822 3149 nomini

551 3191 682 3239 ntaettttou
699 3204 728 3238 er

198 3258 267 3308 dare.
296 3272 353 3307 nant
372 3271 429 3306 enm
447 3256 525 3322 greci.
554 3272 671 3310 oaueuott
696 3257 782 3307 dicuat
800 3270 825 3322 (p
842 3272 888 3308 nos

193 3336 252 3409 qtae
274 3353 357 3411 potest
380 3359 483 3395 rontano
508 3345 603 3396 nomini
625 3346 756 3412 perigrina
770 3346 886 3409 cognatio
904 3346 966 3393 inuti

147 3448 152 3457 ·
194 3433 296 3483 uidetur
313 3432 411 3483 nescire
429 3431 498 3496 qnod
512 3434 599 3483 neseio
612 3448 688 3496 quant
699 3431 794 3498 llagere
805 3430 902 3493 aliquitl
918 3432 967 3481 lect

196 3535 253 3570 cnm
272 3521 304 3569 sit
322 3527 412 3586 nature
431 3520 595 3570 inconstantis
611 3521 629 3569 ιῐ
647 3525 731 3586 potest
750 3518 781 3567 eb
797 3517 915 3583 analogia
932 3517 966 3567 ad

194 3613 219 3656 te
244 3622 290 3657 sua
307 3621 452 3670 numquam
479 3614 522 3656 aut
551 3607 577 3656 in
604 3607 743 3658 orationum
774 3611 816 3654 ant
844 3603 966 3654 historisi

197 3758 227 3793 ne
243 3751 371 3795 auctorem
389 3688 469 3794 sallem
489 3743 599 3807 aliquem
618 3760 667 3807 quo
685 3745 850 3795 constituatur
867 3745 964 3794 inuenit
981 3759 1031 3807 qua

195 3902 211 3950 2
230 3914 305 3962 quam
323 3914 369 3964 per
386 3891 458 3950 emm
477 3899 547 3948 exire
565 3920 579 3950 1
595 3897 733 3950 Sennarnm
752 3914 773 3948 ω
858 3898 990 3965 Seollega
1008 3897 1172 3964 collegarum.
1191 3901 1228 3947 sie
1243 3897 1341 3948 amlora
1358 3915 1412 3949 am-

57 3964 60 3969 ’
125 3971 236 4023 luterum
253 3983 302 4019 non
320 3968 444 4019 erulorum
462 3986 484 4019 ω
567 3968 758 4034 4Analogiat
779 3968 882 4018 assidue
897 3984 918 4017 ω
1006 3968 1163 4018 {samiorum
1181 3970 1204 4018 si
1223 3985 1244 4017 to
1329 3969 1413 4021 lihoc

125 4055 216 4091 cunata
235 4039 341 4097 dicetur,
358 4039 473 4104 plerique
491 4046 580 4105 putant
594 4041 673 4088 neutri
693 4040 793 4103 generis
811 4059 823 4089 1
842 4038 994 4103 persuadere
1012 4053 1033 4086 ω
1105 4039 1136 4088 lll
1154 4039 1193 4087 sni
1215 4038 1312 4088 esseni
1329 4055 1412 4091 tom-

25 4133 37 4150 »
126 4112 194 4161 nium
213 4125 234 4160 ω
310 4108 340 4159 11
361 4108 592 4174 nominigrsecum
610 4118 720 4172 elymum
739 4110 834 4160 darent
914 4109 945 4158 12
959 4122 1005 4156 nos
1025 4124 1080 4156 cunt
1097 4130 1110 4160 1
1128 4110 1253 4171 qttnntotlo
1270 4123 1291 4156 ω
1379 4110 1412 4160 15

126 4184 366 4242 111111111111111
438 4176 516 4231 lead
535 4185 659 4229 saleto
732 4180 762 4230 17
783 4179 943 4229 historiarum
962 4177 1065 4229 denam

128 4322 458 4335 -...-.-.-

191 4417 208 4465 4
231 4415 357 4465 Romanus
380 4441 412 4450 -
433 4414 449 4463 7
474 4411 627 4464 amlorarnm
650 4412 748 4466 Oloris.
773 4431 801 4479 p.
821 4415 854 4464 77
882 4414 1010 4463 Romanus
1033 4418 1117 4461 autent
1140 4412 1166 4461 in
1192 4413 1246 4461 Vll.
1266 4413 1341 4463 refert
1364 4415 1410 4468 sic.

126 4483 257 4533 Amlomm
278 4492 305 4532 ul
322 4483 418 4535 Plinius
436 4483 525 4535 eodem
544 4483 586 4532 lib.
605 4483 649 4536 Vl.
669 4492 692 4533 et
709 4484 806 4535 Liuius.
843 4482 894 4533 Sed
912 4492 939 4532 nt
954 4482 1045 4532 caeteri
1062 4481 1164 4533 assidue
1183 4481 1308 4532 anulorum
1326 4484 1413 4533 dieunt

125 4553 147 4603 sl
165 4555 331 4614 continuatim,
358 4563 387 4606 nt
403 4555 489 4605 decem
511 4552 591 4602 millia
612 4553 738 4603 emiorum
760 4554 872 4603 modium
893 4553 1036 4604 sestertium
1056 4566 1200 4611 nummum,
1228 4554 1265 4601 sic
1284 4553 1306 4602 si
1324 4567 1369 4618 per
1383 4570 1412 4604 se

126 4622 279 4672 senioratum
297 4624 432 4675 Petscditte
448 4631 545 4676 temtus
561 4621 699 4674 Gltert'st'nm
712 4638 741 4685 p.
756 4626 788 4674 77
803 4631 827 4672 et
847 4621 909 4683 103,
924 4623 971 4673 scd
986 4629 1013 4672 ttt
1029 4623 1116 4671 lustum
1133 4624 1272 4671 litterarum
1288 4638 1412 4673 mernerunt

124 4692 275 4751 excelleret,
298 4709 345 4758 quo
362 4702 462 4746 servem
480 4697 516 4745 t'ta
531 4695 589 4757 sere
606 4695 696 4742 lacertu
715 4709 788 4758 qnam
811 4695 901 4759 reliqui
922 4693 1036 4765 suppleri
1049 4693 1156 4754 poterit,
1184 4692 1297 4752 amiota,
1320 4694 1410 4757 inquil,

126 4760 133 4810 i
152 4761 263 4813 declines
282 4761 343 4813 lacit
360 4767 399 4815 rel
414 4765 452 4815 sie
467 4764 557 4825 refert,
577 4779 609 4814 ex
628 4763 725 4814 atnlortt
742 4763 850 4813 diclntus
922 4762 954 4815 lt
971 4765 996 4813 in
1016 4763 1151 4814 orationem
1170 4763 1301 4814 Petronius
