3114 5356
608 278 740 340 lNS'll'l'.
764 277 874 340 anau.
897 277 968 338 LlB.
990 278 1003 339 1
1386 275 1448 337 ‚75

168 398 171 403 ·
213 425 221 439 .
264 422 272 436 .
351 425 358 437 .
1091 419 1097 434 .
1267 391 1321 434 ,ιι
1335 392 1362 435 ra
1375 390 1400 433 ιη

147 396 264 533 nudae?
283 394 492 528 dsedlinandum
519 474 579 540 est,
609 466 695 527 liuius
714 466 814 528 cardui
836 475 866 527 et
886 466 955 529 huie
975 466 1099 541 midan,
1129 405 1279 546 pluralitdr
1299 464 1330 525 hi
1351 465 1448 528 cardui

149 571 330 633 carduorum
357 567 483 629 carduis.
528 569 606 648 quod
639 559 732 648 siquis
754 548 840 659 huius
863 569 989 631 carduus
1011 568 1109 630 dicere
1123 567 1267 641 ¹voluerit,
1291 568 1372 652 'cogit
1392 588 1448 631 non

151 689 315 752 numanam
335 670 500 749 genetivum
516 670 695 750 singularem
719 691 738 733 u
757 670 867 752 duplici
888 691 977 753 posse
998 670 1084 734 finiri.

237 774 350 836 Servus
369 790 472 834 cervus
494 773 596 852 vulgus
618 794 635 835 a
658 774 831 853 quibusdam
852 793 940 854 peru
964 781 993 834 et
1014 794 1049 848 o,
1069 771 1201 833 videlicet
1221 772 1289 850 (pria
1309 772 1384 834 dnae
1401 794 1449 836 vo·

128 874 235 940 s'aaleo
264 874 422 955 gamim
452 882 483 936 ut
506 895 595 937 unam
621 876 760 956 syllabam
789 876 910 950 laniant,
939 893 999 937 non
1027 881 1160 956 possunt
1206 873 1259 935 sed
1277 893 1332 955 per
1352 875 1451 940 ‹luou

153 979 244 1042 scribi
265 977 390 1052 debent,
415 974 482 1056 quia
503 984 532 1039 et
553 977 596 1039 sic
618 986 725 1041 sonant
746 986 775 1041 et
796 977 969 1058 ambiguitas
991 995 1113 1039 casuum
1137 975 1248 1038 tollitur
1272 985 1303 1039 at
1322 998 1411 1041 unum
1432 1001 1451 1043 u

153 1082 222 1145 loco
241 1079 433 1144 consonantis
454 1079 604 1161 accipitur.
620 1077 634 1165 ΙΙ

240 1183 385 1247 Assiduus
410 1181 529 1259 quidam
552 1201 606 1262 per
632 1181 822 1255 danubem,
847 1179 931 1259 quasi
953 1179 991 1241 sit
1012 1199 1028 1241 a
1055 1181 1184 1244 sedendo
1207 1183 1379 1261 figuratum,
1399 1184 1452 1245 sed

157 1293 266 1348 ornat
309 1303 378 1346 nam
408 1302 474 1345 cum
502 1284 641 1346 aServio
661 1283 755 1345 Tullio
786 1280 912 1364 populus
939 1281 969 1343 in
990 1284 1118 1363 mnnqm
1140 1285 1253 1347 classes
1275 1292 1355 1347 esset
1382 1285 1454 1348 diri-

125 1406 228 1463 nsus‚
248 1394 284 1449 nt
300 1386 442 1448 tributum
463 1394 550 1467 prout
571 1386 695 1466 quisque
715 1384 880 1466 possideret
898 1385 1031 1459 interret,
1062 1387 1197 1462 ditiores,
1226 1387 1275 1467 qui
1296 1405 1380 1450 asses
1403 1389 1456 1451 da-

157 1489 244 1564 bant,
273 1487 384 1551 assidui
411 1488 480 1550 dieti
508 1497 584 1551 sunt
629 1496 659 1549 et
684 1488 821 1566 quoniam
849 1487 903 1549 soli
933 1488 963 1550 in
991 1489 1115 1567 negotiis
1136 1489 1263 1570 puplicis
1286 1491 1450 1570 mquentes

159 1592 295 1666 admont,
316 1608 369 1652 eos
390 1591 440 1669 qui
460 1592 628 1669 frequentes
651 1589 759 1651 adsunt
783 1590 918 1653 assiduos
941 1591 978 1652 ab
999 1592 1116 1654 assibus
1138 1593 1286 1655 dixerunt·

215 1740 223 1756 .
242 1693 303 1755 Tus
321 1712 340 1755 a
359 1693 509 1755 tundendo
532 1693 595 1755 sine
614 1691 810 1771 adspiratione
830 1693 946 1769 dicitur,
968 1693 1101 1772 quamvis
1123 1693 1213 1757 lulius
1227 1693 1377 1758 Modestus
1394 1685 1452 1757 iot

160 1795 213 1855 soii
231 1788 322 1856 θύειν
342 1802 467 1857 nactum
488 1793 573 1857 dicat

130 1910 152 1955 ι
244 1896 342 1959 Borus
359 1915 419 1958 non
441 1895 497 1958 nisi
515 1895 691 1975 singularem
713 1915 866 1959 numemm
887 1897 975 1978 capit.
1018 1917 1086 1958 nam
1105 1897 1246 1979 pluralem
1267 1917 1354 1960 nomo
1373 1899 1449 1960 dixit

245 1998 431 2077 Podagrosns
453 2017 470 2059 a
491 1999 619 2079 podagra
639 1999 852 2074 benedicitur,
875 2001 927 2061 sed
949 2008 979 2060 et
999 2000 1175 2080 podagricus
1197 2021 1212 2062 a
1232 2001 1340 2082 pedum
1362 2001 1452 2081 aegri·

166 2100 277 2176 udins,
302 2101 386 2162 onius
406 2099 571 2181 exemplum
592 2100 670 2180 apud
692 2100 848 2162 laberium
871 2111 917 2164 est
937 2102 968 2163 in
989 2103 1073 2180 aquus
1092 2147 1382 2164 ..........
1401 2101 1407 2186 Ι

244 2202 415 2264 Aerlitnmus
447 2202 552 2264 dicitur
583 2203 633 2280 qui
665 2202 767 2263 aedem
799 2211 911 2279 servat,
945 2203 1031 2282 quasi
1063 2203 1144 2265 aedis
1176 2203 1312 2280 intimus,
1341 2205 1453 2267 dicitur

167 2304 254 2366 οὔσῃ
274 2303 417 2365 sedatum
437 2303 474 2365 ab
495 2303 567 2364 aede
590 2304 707 2365 tuenda.

137 2420 161 2461 ²
248 2392 356 2468 lanius
378 2405 492 2480 dicitur,
514 2413 547 2471 ut
568 2405 722 2467 Terentius
742 2405 837 2467 ‘lani
861 2406 970 2481 cooi',
995 2416 1025 2468 et
1041 2406 1197 2470 Sallustius
1219 2408 1328 2488 ‘quin
1349 2409 1454 2471 vina·

172 2630 277 2682 15-20
295 2630 321 2678 Ν

265 2717 350 2767 Bonus
377 2719 392 2765 n
418 2716 468 2766 nisi
496 2714 653 2782 singularam
673 2717 780 2766 numeria
798 2717 867 2782 capit
884 2730 941 2766 nam
961 2715 1007 2782 plu

264 2802 718 2871 Podagroszapodagrabencdicitur
724 2804 770 2853 sed
777 2810 801 2853 et
807 2804 939 2870 podagrica
950 2840 956 2853 .
972 2839 979 2854 .
995 2805 1049 2854 .du

133 2908 136 2915 ·
232 2891 319 2941 tudine
348 2891 421 2941 euius
452 2890 573 2957 exemplu
603 2892 636 2955 ap
670 2889 769 2941 labariir
802 2893 817 2940 e

260 2977 815 3043 Aeditumusdiciturqnledemsematdsicd

233 3073 292 3114 tuus
316 3065 347 3113 ab
372 3064 421 3133 pde
442 3064 535 3114 tuenda
555 3079 571 3116 ε·
596 3060 621 3131 ll
651 3064 695 3114 nbi
716 3064 780 3114 illud
798 3063 831 3129 effi
849 3067 970 3116 notauim:
989 3064 1054 3114 uiua

264 3151 360 3202 Lanius
385 3151 476 3201 dicitnr
499 3161 526 3200 ut
542 3153 663 3202 terentius
681 3150 733 3201 lani
751 3152 807 3201 coci
821 3159 846 3202 et
862 3151 961 3204 sallust.
982 3151 1043 3214 quin
1062 3151 1144 3200 uinari

229 3292 328 3342 Promo
353 3307 441 3342 amnes
463 3299 581 3356 quattuor
601 3293 729 3355 pleniores
751 3292 810 3357 lepis
832 3291 949 3347 Pieriam
984 3292 1009 3340 ia
1031 3291 1134 3355 reliquia
1150 3291 1196 3341 oisc
1207 3292 1284 3353 plura
1304 3256 1376 3356 quam
1393 3307 1455 3340 auae

167 3369 262 3412 micat
280 3365 305 3412 ei
319 3361 493 3424 adparuerum
563 3360 594 3410 15
611 3361 735 3427 pluralem
753 3375 827 3410 nomo
843 3360 918 3412 dixit.
937 3360 1100 3425 Podagrosus
1118 3374 1140 3408 ω
1219 3359 1251 3410 lii
1268 3362 1454 3427 podagricusa

165 3432 258 3552 gem
276 3431 482 3561 aegrppapl'pplprpp,
499 3431 583 3550 ubilai
608 3441 646 3482 cst
668 3433 694 3481 in
715 3432 806 3495 Aquis.
832 3430 975 3480 Aeditimus
990 3445 1012 3479 ω
1090 3429 1122 3481 18
1146 3429 1220 3478 aedis
1236 3430 1349 3481 intimus.
1378 3431 1454 3481 Aedi-

235 3630 327 3726 l'hnic
344 3673 439 3725 carduo
459 3674 526 3724 hunc
540 3675 660 3725 carduum
679 3691 737 3727 exc.
757 3673 868 3740 oraopr.
885 3688 913 3735 p.
933 3670 1001 3723 2779
1034 3677 1037 3681 '
1071 3671 1181 3723 2hnius
1198 3670 1307 3722 carduus
1324 3672 1455 3724 Fabricius

166 3743 239 3794 huius
254 3744 346 3796 cardus
362 3743 401 3792 N:
425 3743 486 3794 lacit
507 3745 595 3850 caardnil
612 3753 639 3794 ut
657 3745 729 3795 ardni
748 3745 806 3794 licet
824 3743 916 3794 modus
933 3742 1066 3808 legatnrp
1146 3743 1262 3806 sortasse
1281 3743 1380 3808 cogitur
1396 3757 1455 3809 pro-

166 3863 223 3914 bare
241 3879 443 3928 nonnumquam
524 3864 687 3916 sessiacus
705 3866 731 3914 N
810 3863 913 3929 qnidam
1000 3863 1113 3914 scribunt
1132 3864 1158 3914 N
1174 3864 1277 3927 qnidam
1294 3878 1340 3930 per
1358 3864 1375 3913 d
1393 3865 1454 3913 scri-

500 3942 512 3970 0

166 3984 225 4035 bunt
242 4003 263 4038 ω
343 3984 527 4048 loquimus
543 3984 571 4035 N
651 3985 681 4036 ll
700 3987 818 4050 quoniam
835 3985 883 4035 soli
900 3985 926 4034 in
943 3985 1055 4091 negotiip
1072 3983 1216 4049 frequenter
1233 3984 1337 4035 aderant
1350 3999 1394 4034 eos
1411 3984 1454 4046 qni

165 4106 308 4169 frequenter
330 4104 421 4154 adsunt
444 4104 562 4157 assiduos
582 4108 614 4156 ab
638 4106 740 4159 assibus
763 4107 917 4170 dixeruntp
1004 4105 1118 4172 puplicis
1144 4104 1287 4170 trequentes
1311 4104 1416 4154 aderunt
1430 4102 1457 4151 N

234 4175 266 4227 15
291 4174 372 4223 bovas
390 4176 451 4240 quaid
466 4177 501 4226 rit
517 4191 566 4225 aon
583 4179 711 4244 intellcpo,
733 4191 786 4225 oum
809 4191 854 4226 nec
875 4177 940 4227 bova
963 4166 1141 4242 siccationis
1163 4178 1189 4227 in
1209 4178 1301 4243 plessis
1314 4173 1456 4231 flamna,

165 4247 196 4296 de
213 4261 261 4312 qno
279 4245 397 4308 monacis
409 4245 606 4309 diadematum,
624 4262 671 4297 nec
688 4246 762 4307 bons,
781 4247 848 4309 quod
860 4246 1033 4296 Laclmrarmue
1048 4245 1080 4296 de
1098 4261 1164 4296 uera.
1180 4246 1268 4298 Soraa
1291 4261 1319 4308 p.
1343 4244 1360 4293 4
1387 4243 1456 4292 Var-

165 4320 220 4367 roni
242 4316 275 4364 de
298 4315 314 4362 l.
334 4316 352 4362 1.
371 4315 430 4363 Vlll
450 4316 483 4366 74
504 4316 664 4380 ρ.44“18ρ’.
692 4317 816 4371 restituit.
839 4315 886 4367 dac
902 4317 1037 4380 pertineat.
1069 4315 1182 4378 fortuma
1197 4315 1291 4371 clarus,
1308 4313 1375 4378 quod
1391 4313 1456 4361 inter

163 4387 301 4436 mentina
317 4398 416 4446 reaper
430 4386 570 4450 ciconiaria
586 4389 689 4448 positura
707 4391 745 4434 est
759 4400 788 4448 p.
809 4384 841 4435 lll
943 4386 973 4436 17
1000 4387 1113 4436 lucrosam
1136 4385 1230 4436 comen
1252 4399 1301 4433 aon
1321 4382 1455 4433 odsercotc

163 4458 302 4506 litterarum
324 4467 424 4503 numero
444 4455 480 4503 ita
502 4456 626 4518 supplerit
643 4453 790 4514 Peccator,
813 4456 838 4503 in
857 4455 937 4518 Aquis
961 4454 1067 4519 calidis,
1090 4455 1247 4521 Podagrious
1267 4466 1316 4503 non
1340 4452 1454 4502 recessit

163 4529 188 4576 in
208 4532 322 4576 εωίνεηο
346 4525 408 4572 enirn
428 4538 502 4575 uersu
516 4533 576 4588 port
589 4525 662 4588 aquis
679 4539 732 4575 cura
749 4525 833 4574 decem
852 4525 912 4588 sere
928 4527 1030 4576 littam
1048 4525 1144 4583 desint,
1167 4524 1281 4587 sonasse
1295 4520 1356 4573 aridii
1373 4522 1455 4586 scrip·
1517 4565 1524 4585 ,

164 4603 211 4646 ru
232 4600 292 4646 erat
310 4594 362 4643 aiei
381 4591 441 4651 hoc,
467 4594 491 4642 in
512 4595 585 4658 aquis
599 4594 688 4646 caldis.
719 4595 815 4658 reliquo
831 4598 914 4659 spatio
934 4596 974 4645 oet
989 4610 1067 4645 cacco
1090 4596 1178 4646 relicto
1192 4594 1231 4643 cei
1245 4592 1365 4656 produc
1380 4607 1455 4642 reru

164 4680 230 4715 nore
246 4663 348 4714 librarii
362 4661 398 4712 ilii
414 4666 556 4715 continuato
641 4666 676 4715 20
693 4661 842 4729 Terentius]
861 4663 973 4716 Eunoni.
991 4666 1013 4715 ll
1032 4666 1065 4730 2,
1083 4665 1117 4716 26
1198 4662 1272 4712 Lanii
1289 4662 1344 4712 coci
1362 4677 1384 4711 ω

165 4731 312 4797 Sallustios]
332 4732 397 4781 Noa.
413 4747 440 4794 p.
452 4735 503 4783 aaa
521 4733 658 4784 Sallustius
676 4733 740 4783 libro
758 4733 769 4782 1
785 4735 857 4797 ‘quin
876 4734 980 4784 lenones
999 4743 1024 4783 et
1041 4733 1132 4784 vinarii
1151 4730 1286 4796 laniiqne’.
1305 4733 1371 4784 uude
1389 4730 1453 4782 lani-

164 4806 221 4869 iqne
239 4802 341 4855 addidit
358 4801 497 4854 macram.
533 4803 638 4858 Sallust.
658 4804 740 4869 lanii,
756 4803 859 4856 uinarii.
874 4805 919 4855 nbi
939 4802 1071 4855 Fabricius
