3114 5356
143 258 206 320 am
462 217 470 225 ’
700 254 883 318 nicaenis
909 244 913 251 '

144 371 531 526 dioiiybia-,maitpllalaemon
553 441 733 514 Melicertes,
752 442 896 520 Astyanax
919 443 1144 518 Scamandrins,
1167 454 1199 506 et
1219 446 1359 510 siniliter
1376 448 1432 523 alia,

142 549 218 610 sicut
240 545 319 626 apud
339 562 395 605 nos
416 542 510 604 Numa
536 542 713 623 Pompilius,
747 542 849 604 Tullus
871 542 1030 618 llcstilius,
1051 539 1169 631 delicus
1195 544 1344 623 blan-cius,
1374 550 1432 612 ee

142 648 206 710 dus
224 645 351 719 Tullius,
378 644 493 705 blarcus
514 643 672 717 laenius,
701 643 810 704 Lucius
831 644 955 720 Pardus,
983 645 1054 706 item
1077 645 1144 707 alia.
1190 648 1293 710 omnia
1318 670 1431 731 praeno

141 749 221 810 mna
249 754 299 808 aut
325 744 579 824 enghelberto
606 750 760 818 noento,
792 754 825 807 ιι
843 745 875 807 c.
899 745 930 805 n.
952 744 1005 824 1.,
1032 729 1198 825 audone,
1228 738 1263 812 h
1286 751 1365 827 cn,
1390 762 1431 814 m

144 847 252 923 tercie,
275 856 307 908 ut
326 846 409 907 SEX.
492 856 496 864 '
1170 894 1177 905 .
1366 870 1371 877 ·
1439 874 1449 912 ι

226 948 404 1029 Appellatlva
433 947 552 1008 nomina
584 955 654 1008 sunt
690 965 764 1024 quae
794 948 970 1025 generaliter
1002 949 1259 1030 communiterque
1295 953 1430 1015 diermtur.

142 1053 216 1123 haec
240 1052 270 1112 in
290 1050 364 1110 drus
391 1048 508 1129 species
534 1047 717 1121 didduntur,
746 1065 868 1136 quprurn
897 1048 988 1112 altera
1011 1049 1158 1129 significat
1183 1069 1235 1115 res
1261 1053 1432 1134 corporales

143 1171 219 1232 quae
237 1150 328 1213 videri
351 1149 488 1228 tangique
514 1157 655 1227 possunt,
688 1157 720 1209 nt
749 1148 837 1210 homo
862 1148 965 1224 arbor,
998 1151 1089 1213 altera
1114 1152 1337 1232 incorporales,
1365 1172 1432 1233 qnae

142 1252 292 1316 intellectu
307 1258 420 1312 tantum
433 1248 522 1310 modo
536 1248 752 1327 percipiuntur,
778 1267 877 1309 verum
899 1268 996 1329 neque
1017 1250 1107 1312 videri
1129 1270 1185 1312 nec
1205 1254 1289 1332 tangi
1306 1263 1431 1335 possunt,

143 1362 176 1416 ut
195 1360 242 1415 est
261 1352 333 1412 deus
354 1350 449 1430 pietas
470 1347 580 1409 iustitia
608 1348 735 1425 dignitas
761 1349 904 1429 sapientia
927 1349 1060 1413 doctrina
1085 1352 1232 1415 facundia.
1277 1362 1350 1417 sunt
1367 1356 1458 1419 itero

137 1452 261 1533 propria
284 1459 314 1511 et
334 1449 524 1530 appellativa,
547 1454 580 1508 ut
600 1448 736 1510 Clemens
757 1450 899 1511 Maximus
919 1450 989 1513 Pius
996 1471 1005 1528 ;
1030 1454 1168 1532 quotiens
1189 1454 1309 1516 laudem
1330 1457 1432 1537 signit-

143 1561 227 1627 cant,
255 1559 326 1613 tunc
344 1548 533 1630 appellativa,
563 1557 595 1609 ut
615 1549 744 1611 clemens
766 1550 867 1625 iudex,
894 1553 1038 1616 merlinus
1058 1554 1118 1627 vir,
1144 1554 1212 1633 pius
1233 1555 1323 1617 lilius
1367 1550 1431 1641 [sed

143 1655 216 1715 baec
238 1652 335 1713 oiunia
357 1652 474 1714 nomina
495 1648 627 1711 absoluta
657 1650 794 1712 dicuntur
820 1661 849 1713 et
877 1652 1001 1731 singulis
1028 1654 1193 1734 quibusque
1222 1658 1315 1721 rebus
1336 1679 1431 1743 perso

142 1756 224 1816 nisse
256 1749 412 1837 apposita]
458 1760 527 1813 sant
555 1752 673 1812 nomina
705 1770 781 1829 quae
810 1760 927 1832 gentem
961 1755 1141 1834 significant,
1177 1768 1210 1818 ut
1238 1761 1310 1822 dier
1340 1760 1431 1823 Dacus

142 1858 309 1937 llispanus;
338 1854 394 1916 alia
414 1853 552 1932 patriam,
585 1862 618 1913 ut
643 1854 801 1915 'l'hebanns
823 1855 989 1932 llomanus;
1020 1857 1075 1918 alia
1099 1877 1269 1935 numerum,
1301 1871 1335 1924 ut
1361 1877 1459 1927 unnsu

141 1959 217 2033 duo;
235 1958 290 2018 alia
311 1956 459 2030 ordinem,
485 1962 518 2015 ut
539 1954 650 2034 primus
672 1955 836 2016 sccundus:
859 1956 912 2016 sed
934 1957 1046 2037 primus
1068 1958 1105 2019 de
1127 1950 1243 2036 inuritis,
1263 1961 1303 2022 de
1323 1961 1431 2024 duobus

80 2080 83 2085 ·
142 2059 223 2139 prior
243 2060 365 2132 dicitur,
398 2057 474 2117 sicut
496 2056 533 2116 de
555 2056 670 2117 duobus
690 2055 814 2117 altemm
840 2057 981 2133 dicimus,
1013 2057 1050 2118 de
1076 2059 1175 2121 multis
1203 2061 1305 2123 alium.
1348 2081 1432 2143 quae·

142 2159 209 2220 dam
231 2162 297 2221 deta
318 2178 335 2219 a
357 2159 437 2221 sonis
457 2158 500 2218 vel
521 2176 537 2217 a
559 2157 695 2230 vocibus,
718 2176 793 2235 quae
815 2157 918 2219 Graeci
939 2157 1121 2236 ςιειωιημένα
1138 2161 1255 2236 dicunt,
1277 2171 1313 2224 ut
1330 2164 1432 2226 stridor

142 2260 262 2340 clangor
281 2261 412 2322 hinnitus
434 2259 557 2320 tinnitus
579 2259 718 2343 mugitus.
763 2259 906 2336 quaedam
932 2260 1116 2322 descendunt
1141 2260 1178 2322 ab
1206 2261 1368 2339 adverbiis,
1387 2272 1432 2326 'ut

141 2362 298 2423 hesternus
319 2361 480 2424 hodiernus
500 2360 646 2421 crastinus
664 2378 748 2420 seros
769 2359 877 2421 nimius
899 2361 990 2438 citus;
1022 2361 1078 2423 alia
1097 2380 1114 2422 a
1136 2362 1318 2444 participiis,
1340 2374 1373 2426 ut
1391 2366 1462 2433 luo

140 2461 288 2524 dibundus
316 2462 527 2523 laudabnodus.
573 2467 643 2521 sunt
667 2459 754 2521 etiam
781 2460 836 2522 alia
861 2462 1046 2542 participium
1073 2463 1221 2538 sonantia,
1258 2474 1293 2527 ut
1315 2468 1431 2530 demens

141 2583 243 2627 amens
264 2563 382 2644 sapiens
403 2562 523 2639 ingens;
542 2561 612 2622 ¹alia
634 2561 729 2622 verbis
749 2559 871 2637 similia,
898 2570 930 2623 ut
950 2564 1162 2644 contemplator
1183 2566 1354 2646 speculator
1372 2588 1431 2630 rer

140 2665 212 2726 bero
238 2683 313 2724 erro.
358 2670 428 2723 sunt
457 2663 599 2739 quaedam
628 2663 774 2743 positione
802 2662 976 2741 singularia,
1007 2663 1157 2727 intellectu
1189 2665 1332 2747 pluralia,
1360 2690 1431 2750 quae

141 2765 244 2826 Graeci
272 2762 440 2842 porilcptica
468 2763 636 2838 nominant,
667 2771 699 2825 nt
726 2764 822 2825 contio
849 2764 975 2844 populus
1001 2765 1153 2827 exercitus.
1199 2778 1269 2830 sunt
1293 2773 1430 2849 quaedam

140 2883 215 2942 quac
238 2862 340 2923 Graeci
361 2863 551 2943 etymologica
573 2864 738 2939 nominant,
766 2874 797 2927 ut
819 2864 1011 2941 bibliotheca3
1037 2867 1092 2927 alia
1114 2887 1190 2946 quae
1211 2888 1320 2932 nomen
1341 2880 1461 2935 traxe-a

140 2973 209 3025 runt
231 2983 265 3024 ex
285 2965 331 3025 his
353 2983 426 3042 quae
448 2965 650 3040 continentur,
674 2983 754 3045 quoe
768 2966 870 3028 Graeci
892 2967 1047 3047 periectica
1067 2969 1230 3048 appellant,
1254 2979 1287 3032 ut
1307 2973 1432 3034 vinetum

141 3074 281 3127 rosetum.
327 3074 396 3128 sunt
416 3067 559 3144 quaedam
577 3067 710 3150 oollmina
729 3087 804 3146 quac
824 3086 878 3147 per
899 3086 931 3128 se
954 3068 1017 3129 sine
1038 3069 1157 3130 alterius
1179 3072 1273 3151 partis
1294 3074 1431 3136 orationis

139 3167 314 3230 adminiculo
339 3168 469 3246 intellegi
495 3188 554 3229 non
583 3176 722 3248 possunt,
753 3167 790 3229 utv
810 3175 894 3247 pater
919 3171 1017 3230 lratcr.
1060 3161 1206 3249 recipiunt
1227 3174 1307 3235 cuim
1329 3175 1432 3237 sibiet

139 3267 186 3329 illa
207 3288 261 3349 per
282 3288 357 3348 quae
383 3270 606 3349 intelleguntur,
637 3279 669 3330 ut
692 3289 776 3366 rpeus
798 3277 875 3330 tuus.
920 3269 994 3331 haec
1022 3291 1038 3332 a
1069 3272 1188 3333 Graecis
1214 3274 1275 3333 τῶν
1302 3269 1379 3355 πρός
1405 3298 1430 3333 τι

139 3369 339 3450 appellantur,
362 3371 389 3433 id
412 3373 515 3433 estad
538 3373 654 3451 aliquid.
699 3380 729 3432 et
750 3371 855 3432 similia
878 3371 937 3429 τῶν
958 3366 1033 3452 πρός
1056 3372 1086 3431 τί
1105 3394 1168 3445 πως
1187 3372 1309 3453 ἔχοντα,
1333 3378 1364 3438 id
1388 3384 1461 3438 estu

139 3472 174 3532 ad
203 3472 310 3550 aliquid
333 3474 458 3551 quodam
487 3475 574 3535 modo
601 3472 787 3535 adtendentia
815 3470 860 3532 vel
886 3472 984 3533 taliter
1011 3473 1136 3551 qualiter
1158 3494 1191 3535 se
1215 3476 1369 3552 habentia,
1402 3486 1431 3538 ut

137 3573 238 3635 dexter
260 3574 386 3636 sinister.
431 3576 504 3636 haec
527 3584 556 3635 et
578 3574 796 3655 conparativurn
819 3575 941 3653 gradum
962 3575 1133 3649 admittunt,
1160 3584 1194 3637 nt
1219 3577 1367 3640 dexterior
1394 3581 1431 3641 si·

136 3674 281 3735 nisterior.
326 3684 394 3736 sunt
414 3694 529 3753 quoquc
552 3672 694 3752 quaedam
709 3675 899 3753 homonyma,
922 3693 997 3752 quae
1018 3696 1075 3737 una
1098 3678 1224 3755 loquella
1240 3679 1326 3759 plura
1345 3681 1431 3759 signi·

51 3776 54 3781 ’
136 3777 237 3848 licant,
260 3784 405 3857 atnepos
428 3777 515 3838 acies.
561 3776 704 3853 significat
733 3775 811 3836 enim
840 3778 931 3855 depos
963 3785 993 3837 et
1020 3787 1131 3840 certum
1156 3782 1343 3859 cognationis
1368 3802 1430 3862 gra·

135 3875 205 3936 dum
234 3884 262 3936 ct
290 3877 330 3937 rei
357 3876 449 3938 avitae
476 3884 723 3956 consumptorem.
769 3876 901 3939 simibter
928 3878 1006 3940 acies
1036 3888 1064 3938 et
1088 3880 1241 3943 oculorum
1269 3881 1378 3944 dicitur
1403 3890 1460 3944 ets

205 4052 217 4101 l
238 4055 402 4105 scamandros
421 4056 445 4105 Β
462 4055 643 4105 echamnndros
656 4054 729 4106 AM:
751 4057 786 4119 cs.
804 4058 877 4107 Hom.
897 4056 930 4107 11.
952 4055 1043 4105 2402
1129 4059 1146 4107 2
1173 4074 1265 4110 numae
1283 4061 1342 4112 AM
1361 4077 1430 4112 nrum—

136 4123 228 4173 masB
297 4126 470 4190 pompiliusA
540 4125 654 4178 Tulluss
671 4125 852 4174 tulliusABM
925 4124 1137 4190 bhpellatiue-
1157 4127 1189 4176 10
1198 4126 1320 4178 lucendio
1334 4132 1429 4182 der‘s.

131 4211 160 4258 p,
176 4192 225 4242 126
295 4193 406 4244 8altera
419 4194 586 4256 Balteraque
603 4193 663 4242 AM
729 4194 936 4260 tlperaipiuntur
949 4196 1078 4245 Cbunsr'rm
1090 4197 1232 4262 percipiunt
1245 4199 1329 4249 ABM
1400 4201 1430 4249 12

134 4262 264 4314 sed—ll
279 4263 395 4328 opposita
410 4267 517 4327 repetito
530 4271 553 4312 et
566 4279 612 4313 suc
628 4266 682 4315 loco
698 4266 783 4327 postea
800 4273 859 4314 aunt
868 4264 962 4327 paea,
973 4263 1018 4313 16:
1038 4263 1083 4312 scd
1097 4281 1143 4315 ora.
1160 4267 1193 4316 M
1262 4266 1294 4318 13
1314 4271 1429 4334 personis

135 4331 189 4382 suis
202 4332 235 4380 Μ
315 4332 346 4381 14
365 4331 483 4397 adposito
501 4333 630 4383 Clmristua
645 4348 673 4395 ρ.
694 4332 741 4383 129
758 4333 841 4398 posita
858 4334 953 4384 ABM:
978 4333 1061 4397 posite
1079 4342 1136 4381 sunt
1157 4335 1268 4398 nomina,
1288 4338 1428 4401 exquibus

104 4400 259 4463 0qnaedam
276 4409 405 4465 gentems
475 4400 784 4461 sunthorum-324,
805 4400 836 4452 13
855 4400 1010 4466 parsimonie
1030 4402 1172 4468 Chartop.
1195 4403 1320 4471 tresqq.
1398 4406 1428 4455 18

135 4470 281 4533 pepgimine
297 4472 321 4518 Α
353 4470 503 4534 prpgemina
520 4470 547 4519 B
573 4469 709 4535 peiglmlno
728 4470 762 4519 M
848 4470 880 4521 19
902 4470 1054 4521 discendunt
1073 4472 1132 4521 BM
1216 4474 1251 4523 24
1275 4474 1429 4538 perilemtice

134 4536 219 4588 ΑΒΜ
286 4539 320 4588 ‘25
339 4537 518 4605 ethimologico
534 4540 560 4589 B
578 4537 737 4587 ethimoloica
755 4540 779 4588 Α
797 4539 985 4606 eethgmologie
1003 4539 1036 4589 M
1104 4541 1321 4592 recenserentur
1338 4544 1365 4594 B

135 4619 200 4668 quae
213 4617 273 4670 post
290 4608 450 4656 continentur
467 4624 513 4660 om.
531 4608 626 4667 ΑΒΜ,
653 4609 745 4663 adds·
832 4609 941 4673 perlecta
970 4608 1003 4657 M
1085 4609 1119 4660 ab
1147 4619 1192 4660 ton
1215 4611 1297 4676 prosti
1320 4614 1346 4661 Α
1370 4612 1428 4661 then

133 4675 212 4736 prosti
231 4677 256 4724 B
276 4677 369 4740 tonpsti
388 4677 420 4726 M
487 4676 522 4728 30
538 4676 592 4727 Tou
610 4679 691 4742 prosti
708 4675 877 4742 prosecbcute
890 4678 950 4727 AM
965 4677 1025 4726 thou
1044 4681 1125 4743 prosti
1142 4679 1323 4745 proseehomte
1336 4681 1364 4731 Β

134 4737 165 4788 31
183 4743 263 4792 taliter
278 4758 295 4799 ς
308 4743 380 4793 aliter
389 4745 475 4795 ΑΒΜ
546 4746 579 4798 33
599 4745 886 4810 loquelaBloquilleA
954 4743 988 4797 ³5
1006 4748 1079 4813 regia
1094 4750 1161 4798 uitae
1172 4749 1232 4799 AM
1241 4749 1278 4799 rai
1292 4747 1428 4800 babitaell
