3114 5356
194 291 252 353 142
311 340 316 350 .
745 291 907 355 culmsu

240 420 262 461 p.
279 406 323 450 aas.
342 408 365 450 rs
378 406 403 449 n.
1267 419 1290 462 p.
1304 407 1339 449 si.
1353 407 1382 449 rs
1394 406 1422 451 n.

350 495 426 539 nam
449 494 553 555 quam
574 477 675 540 varia
696 440 793 541 hhec
812 496 949 557 genera
971 487 1246 559 poematorum,
1269 462 1399 554 Baebi,

353 597 528 660 quamque
548 579 660 659 longe
681 580 863 642 distincta
885 578 962 640 alia
982 579 1024 640 ab
1046 580 1137 642 aliis
1160 581 1238 643 sint
1256 600 1380 643 nosce.

273 680 361 755 Quies
385 681 488 761 quietis
512 682 596 760 lacit,
623 701 689 745 cum
718 701 751 745 es
770 681 927 761 prodacto
947 682 1027 743 linita
1056 682 1172 744 nomina
1191 683 1357 761 genetivum
1377 683 1406 745 ei
1425 703 1475 746 so·

190 786 267 849 leant
287 784 453 860 terminare,
475 793 507 847 ut
530 785 593 847 dies
613 784 692 845 acies
711 782 857 861 luxurics3
887 783 964 863 quod
989 793 1083 845 tamen
1102 803 1209 846 nomen
1228 784 1326 847 iuncta
1346 804 1475 867 praepo·

190 889 291 951 sitione
310 884 484 965 inrogatam
506 887 595 960 redit,
617 894 649 947 ut
668 886 748 947 llaro
1488 903 1503 945 s

350 986 515 1067 requiem
536 989 769 1068 spatiumque
788 987 928 1065 lusori,

191 1092 317 1173 quamus
339 1092 439 1155 Cicero
461 1090 669 1169 requietem
690 1090 798 1163 dixin
819 1099 1006 1153 memoretur.

271 1194 353 1256 nudi.
396 1212 451 1255 nec
475 1194 524 1255 bic
547 1194 689 1257 ablativus
715 1194 745 1254 in
766 1212 784 1254 e
805 1192 942 1267 mutabit,
970 1191 1107 1272 quoniam
1134 1209 1193 1253 non
1221 1188 1299 1271 capit
1326 1211 1393 1254 csse
1421 1212 1476 1254 no-

189 1315 255 1359 men
273 1295 421 1377 proprium
443 1295 583 1369 hominis,
603 1304 633 1357 et
650 1296 718 1375 qula
738 1296 781 1357 rei
804 1303 861 1370 est,
884 1302 917 1356 ut
937 1314 953 1354 a
976 1294 1042 1355 rudi
1062 1293 1167 1354 animo.

271 1396 367 1471 llude,
389 1396 425 1457 ab
447 1396 502 1458 hac
523 1398 605 1459 rude.
646 1397 690 1457 ‘si
709 1396 746 1458 de
767 1419 786 1455 a
815 1415 872 1476 qua
892 1394 1036 1458 ludimns'
1058 1395 1098 1457 ait
1109 1393 1235 1469 Plinius,
1253 1394 1370 1456 ‘merito
1389 1415 1407 1456 e
1426 1396 1475 1458 lit·
1493 1421 1518 1461 ro

189 1507 250 1560 tera
270 1496 363 1559 claudi
384 1496 479 1558 debet
524 1498 622 1577 itaque
643 1506 673 1560 et
692 1499 728 1560 ab
750 1500 817 1560 hac'
839 1499 934 1578 inquit
954 1503 1081 1561 ‘summa
1102 1497 1175 1559 rude
1196 1495 1253 1557 diei
1275 1496 1384 1558 debet’.
1400 1498 1415 1579 Η

271 1598 398 1674 lletium,
421 1616 480 1659 non
499 1606 610 1675 retum,
639 1600 792 1679 quoniam,
819 1609 853 1662 ut
872 1601 912 1662 ait
930 1600 1041 1663 Plinius
1063 1598 1207 1663 sermonis
1230 1597 1310 1660 dubii
1331 1597 1408 1662 libro
1427 1601 1474 1676 ll,

188 1700 334 1779 genetivus
354 1719 513 1780 numquam
535 1701 688 1783 pauciores
707 1701 832 1782 syllabas
854 1703 943 1765 habet
959 1722 1046 1782 quam
1064 1700 1266 1763 nominativus.
1287 1697 1291 1784 Ι

268 1800 460 1863 Radicium
482 1806 570 1865 Vardo
591 1822 690 1865 rerum
711 1804 885 1867 mslicarum
907 1805 920 1865 l
942 1811 971 1866 et
992 1804 1048 1880 lll;
1071 1812 1101 1866 et
1114 1802 1260 1865 Fabianus
1281 1803 1319 1864 de
1340 1804 1476 1867 animali·

187 1903 241 1965 bus
261 1904 444 1966 ‘radicum
467 1910 624 1986 genera’
650 1907 751 1987 inquit
795 1906 926 1987 Hyginus
947 1924 1063 1985 quoque
1084 1906 1120 1966 de
1141 1906 1202 1985 agri
1224 1905 1338 1968 cultura
1359 1907 1386 1969 11
1410 1909 1474 1970 ‘ab
1490 1930 1514 1973 rs

187 2006 367 2068 extremis
390 2008 554 2072 radicum
575 2009 784 2089 partibus';
807 2008 884 2088 quod
904 2008 998 2088 magis
1014 2026 1084 2071 cum
1105 2007 1216 2069 ratione
1237 2007 1294 2070 dici
1312 2007 1394 2089 leges
1417 2011 1474 2073 sub

189 2107 325 2171 ebttera.
771 2172 782 2195 ·

269 2211 345 2272 llnre
366 2211 520 2275 'l'erentius
542 2212 571 2273 in
593 2211 751 2287 Eunucho,

349 2335 387 2376 ex
408 2335 486 2377 meo
507 2315 721 2396 propinquo
742 2332 828 2374 rure
849 2312 918 2374 hoo
939 2312 1049 2392 capio
1069 2313 1258 2375 commodi.

187 2416 281 2495 itaque
303 2424 332 2478 et
352 2416 441 2480 Varro
463 2417 499 2479 ad
522 2417 692 2479 Ciceronem
714 2415 793 2477 llllll
811 2419 916 2477 ‘rure
939 2414 1049 2475 veni'.
1094 2432 1180 2493 quem
1202 2414 1313 2476 Plinius
1340 2416 1377 2477 ad
1399 2436 1472 2479 eun·
1485 2438 1513 2479 a·

187 2516 252 2579 dem
268 2518 307 2579 Xl
327 2520 429 2582 ‘rure
448 2520 658 2582 ordinatum
679 2518 892 2580 arbustum'
915 2514 1023 2578 dixisse
1042 2515 1156 2591 laudat;
1184 2515 1235 2578 sed
1256 2525 1286 2577 st
1303 2515 1473 2581 Terentimn

185 2619 216 2683 in
235 2620 373 2700 Adelphis
618 2608 621 2615 ¹
1018 2615 1022 2621 ¹

603 2723 724 2783 lilium
747 2729 858 2799 negat
878 2711 963 2782 esse
983 2740 1083 2794 rure,
1251 2730 1300 2799 α

187 2822 237 2884 sed
256 2831 285 2883 et
305 2822 441 2886 Titinium
463 2823 492 2884 in
515 2822 669 2886 Hortensio

758 2925 794 2986 in
817 2928 896 2985 loro
918 2933 980 2985 aut
1001 2926 1036 2986 iu
1057 2925 1159 2988 curia
1486 2956 1513 2996 π

350 3027 476 3108 posita
495 3026 623 3108 potius
645 3043 748 3105 quam
767 3045 852 3089 rure
873 3028 967 3108 apud
990 3035 1024 3087 to
1046 3027 1211 3103 inclusa;

192 3148 258 3193 cum
275 3148 361 3190 nemo
376 3128 496 3191 dubitet
530 3127 689 3192 et'tametsi
708 3128 788 3190 nulla
809 3130 904 3210 possit
924 3149 990 3192 esso
1012 3129 1139 3191 nominis
1160 3128 1261 3207 regula
1278 3130 1394 3203 cerbon
1419 3126 1472 3214 [et]

189 3233 220 3294 in
240 3231 330 3311 signis
349 3239 444 3294 tamen
465 3229 675 3293 adverbialibus
696 3251 755 3293 non
776 3240 875 3313 potest
896 3232 1063 3294 nominibus
1087 3218 1154 3293 'o'sse
1172 3249 1336 3292 commune.
1374 3247 1475 3307 quam·

160 3402 167 3411 ,
189 3353 274 3414 quam
294 3334 369 3395 enim
391 3334 481 3395 linitio
503 3333 587 3395 istius
609 3334 647 3394 sit
668 3333 731 3395 eius
750 3333 844 3408 modi,
864 3352 1065 3413 quaecumque
1084 3333 1202 3394 nomina
1218 3332 1350 3411 genebvo
1373 3332 1475 3410 singu-

187 3435 239 3498 lari
260 3436 290 3497 in
312 3437 337 3497 is
358 3437 504 3512 venerint,
523 3436 647 3498 ablativo
665 3434 804 3513 singulari
824 3436 853 3496 in
874 3455 890 3496 e
911 3437 1022 3512 venire,
1052 3442 1148 3497 tamen
1167 3444 1269 3498 contra
1487 3456 1514 3497 ro

312 3530 314 3535 ’
519 3537 597 3599 ruri
618 3555 729 3616 agere
751 3538 877 3612 vitam,
899 3557 1081 3619 perparce
1102 3558 1142 3601 ac
1164 3539 1310 3601 duriter

350 3661 434 3706 sese
459 3638 597 3700 babere

187 3746 339 3808 Micionem
370 3741 524 3806 Tererrtius
555 3740 585 3800 iu
615 3698 955 3822 melpniflloquontem
987 3742 1023 3803 dc
1057 3744 1144 3803 lcatco
1175 3741 1380 3814 conmonuit,
1416 3758 1474 3801 nou

188 3867 263 3910 rure.

1318 3924 1338 3965 Ο

249 3996 296 4002 ...u
303 3991 518 3999 ——-——-—

229 4089 232 4096 ·
258 4072 377 4123 lversus
399 4067 524 4119 Sotadeos
543 4067 676 4131 descripsit
696 4068 868 4117 Lnrbmanaus
888 4066 938 4117 ind.
960 4067 1015 4116 lect.
1035 4066 1123 4117 Berol.
1145 4066 1242 4118 hibero.
1263 4080 1287 4114 α.
1312 4062 1379 4115 1849
1399 4079 1426 4127 p.
1451 4064 1475 4125 ἵ,

186 4157 256 4207 qoem
277 4148 378 4191 secutos
399 4155 458 4189 rum,
487 4136 626 4186 trochaicos
649 4153 761 4187 anemos-os
784 4141 946 4187 constituerat
969 4136 1002 4185 G.
1026 4136 1187 4187 Ilermoonor
1213 4136 1244 4184 de
1267 4133 1332 4184 Attii
1355 4133 1413 4187 libr.
1438 4134 1475 4183 dl-

186 4212 257 4263 doac.
281 4225 308 4273 p.
332 4211 347 4260 7
436 4208 507 4257 uarie
529 4208 580 4257 sint
603 4222 697 4272 genero
719 4208 745 4256 N
825 4207 901 4256 Baebi
927 4222 1053 4268 quaniquc
1076 4224 1097 4256 ω
1128 4207 1186 4273 bom
1203 4206 1256 4274 qd
1280 4203 1321 4271 (h.
1340 4203 1476 4254 chorebus

186 4296 261 4345 quam
280 4278 358 4345 quac)
376 4277 401 4327 Ν
483 4277 677 4328 astutorum
758 4274 880 4342 doulos]
900 4276 999 4327 Odor-is.
1017 4293 1043 4340 p.
1059 4277 1101 4327 52.
1120 4278 1154 4327 85
1237 4274 1358 4340 producta
1376 4289 1422 4324 om.
1438 4273 1477 4322 Ν.·

185 4350 379 4414 ‹rs-Obarisp
400 4346 450 4400 103
467 4347 506 4396 Es
576 4344 690 4429 bblpm]
710 4346 776 4396 Aeo.
794 4349 841 4398 llll
858 4346 910 4400 433
979 4345 1157 4396 8mntanitN
1226 4344 1477 4408 reformande

185 4435 216 4470 ea
234 4434 283 4483 qua
301 4419 412 4470 ludimus
500 4417 532 4467 14
547 4431 630 4465 renim
648 4417 798 4466 rusticarum
819 4416 845 4483 l]
865 4418 913 4479 45,
933 4415 949 4467 3
973 4416 1015 4466 ubi
1032 4416 1145 4467 radicum
1159 4416 1211 4479 fuit
1228 4419 1253 4467 in
1271 4415 1356 4465 codice
1373 4413 1477 4463 bleren-

184 4492 246 4541 tino.
270 4491 295 4540 a'a
319 4491 393 4540 tertio
412 4487 476 4539 libro
497 4501 546 4537 oon
567 4488 648 4536 inoear'
716 4487 748 4538 lo
771 4488 849 4537 subc
868 4485 966 4552 littera]
983 4503 1013 4551 p.
1028 4484 1079 4535 100
1095 4503 1118 4534 o.
1132 4487 1261 4535 cervicium
1332 4480 1409 4534 18111
1427 4483 1476 4532 Eu·

186 4556 281 4624 nucho]
299 4560 321 4609 V
340 4556 398 4623 5,1
480 4556 512 4606 al
531 4554 660 4606 arbustum
678 4570 700 4604 ω
717 4556 859 4607 ambustum
878 4556 903 4605 Ν
984 4557 1059 4606 nain
1079 4551 1213 4619 Adelphis]
1235 4556 1281 4604 llll
1298 4554 1358 4611 23
1444 4551 1477 4603 26

185 4629 283 4679 inclusa
301 4645 322 4679 ω
340 4626 470 4678 inclausa
488 4625 526 4687 N,
545 4618 612 4691 q‘ood
626 4632 708 4677 tuetur·
725 4626 875 4678 nottestan
891 4641 950 4676 rom.
971 4626 1031 4679 Lot.
1047 4625 1094 4674 rel.
1112 4638 1140 4686 p.
1161 4624 1210 4674 lta
1280 4624 1313 4674 27
1329 4632 1353 4672 et
1370 4623 1477 4673 smdo

184 4750 239 4799 loeo
261 4751 351 4800 deleuit
377 4747 562 4797 Lindemannas
647 4746 681 4797 28
702 4707 847 4798 communem
866 4746 891 4796 Ν
984 4741 1147 4809 quamquam]
1168 4758 1244 4806 quam
1263 4743 1289 4792 N
1380 4742 1415 4795 33
1432 4744 1478 4792 mi·

183 4817 278 4868 tionem
298 4818 322 4867 Ν
391 4817 416 4864 lu
435 4811 569 4881 Adelplrlsl
591 4814 643 4876 11,
660 4814 695 4867 20
861 4820 866 4831 ’
