3114 5356
604 317 735 380 usur.
761 317 870 379 omn.
894 317 1001 379 nmr
1346 266 1446 381 '53

222 467 229 478 .
271 470 278 481 .
353 464 359 477 .
1260 462 1266 474 .
1308 465 1314 477 .
1371 434 1394 478 c.

153 435 465 590 archs,³ilhctorum
483 506 647 567 Nestorum.
693 505 736 565 sic
758 524 843 583 crgo,
864 524 930 566 cum
952 504 992 565 illi
1016 505 1112 566 dicant
1133 436 1447 588 ἕμβλημίἱτίνῗορευ-

155 605 252 690 μάτων
278 601 470 688 ποιημάτων,
499 627 553 669 uos
580 616 660 669 recte
682 607 886 669 emblematum
909 614 1102 668 toreumatum
1123 616 1290 688 poematum
1314 608 1445 672 elicimus.

157 714 287 777 similiter
310 713 341 773 in
364 711 496 791 genetivo
519 728 634 789 quoque
657 708 796 788 singulari
817 729 849 781 ος
872 709 1013 769 Graecum
1034 710 1065 769 in
1087 709 1112 771 is
1133 709 1268 771 Latinum
1291 720 1445 788 mutamus,
1524 788 1526 792 .

159 826 187 878 ut
207 807 392 894 ἕμβλήμοτος
414 810 611 887 emblematis,
640 803 813 892 κηρώματος
831 809 1002 884 coronatis,
1028 801 1190 888 ποιήματος
1209 812 1367 892 poematis,
1390 806 1446 893 πή-

140 938 260 997 ογμοτος
282 917 434 998 pegmatis.
480 933 546 975 nam
562 914 770 976 nominatisum
791 912 934 994 pluralem
956 912 1065 973 Graece
1090 915 1288 994 proferemus,
1313 923 1447 995 poemata

161 1028 301 1083 ceromata
318 1025 453 1099 pegmata
476 1014 648 1076 emblemata
667 1023 697 1075 et
717 1012 829 1074 similia.
875 1015 942 1074 item
966 1016 1149 1094 poematibus
1172 1016 1370 1078 schematibus
1385 1036 1446 1078 em·
1535 1080 1539 1095 ,

161 1121 329 1185 hiemalibus
351 1117 506 1179 ‹licemlmn
526 1124 587 1192 cst,
610 1116 745 1195 quoniam
763 1133 963 1194 quaecumque
984 1117 1101 1179 nomina
1124 1119 1334 1197 cuiuscumque
1358 1138 1446 1199 genc-

161 1225 195 1287 ris
220 1221 362 1304 singulari
391 1238 513 1281 numero
541 1238 610 1280 casu
639 1218 762 1279 ablativo
790 1235 844 1297 per
865 1235 882 1277 e
903 1215 1029 1278 litteram
1051 1229 1172 1294 exeunt,
1200 1238 1234 1281 ea
1262 1220 1291 1281 iu
1314 1221 1446 1300 genetivo

160 1326 255 1408 plurali
277 1343 327 1385 mn
350 1330 380 1385 et
396 1322 491 1382 dativo
514 1328 544 1381 et
567 1320 691 1381 ablativo
712 1319 768 1381 hus
788 1317 900 1380 litteras
921 1319 1044 1397 habent,
1066 1330 1099 1382 ut
1124 1342 1140 1382 a
1168 1322 1280 1402 pariete
1303 1321 1447 1402 parietum

133 1427 328 1509 sparielihus,
356 1444 374 1485 a
399 1424 521 1485 muliere
548 1422 700 1484 mulierum
730 1421 913 1496 mulieribus,
941 1421 977 1482 ab
1007 1423 1125 1485 homine
1146 1423 1297 1484 hominum
1321 1424 1446 1485 homiui·
1484 1474 1488 1481 .

159 1530 224 1604 bus,
253 1549 269 1591 a
299 1527 385 1589 litore
409 1525 525 1587 litorum
556 1524 703 1585 litoribus:
733 1525 775 1586 sic
804 1543 820 1584 a
844 1530 988 1602 poemate
1008 1534 1173 1604 poematum
1198 1526 1395 1606 poematibus,
1418 1536 1449 1589 et

159 1640 247 1694 cetera
270 1629 385 1692 similia.
431 1628 533 1690 Cicero
552 1628 582 1689 in
605 1630 722 1688 Verrem
740 1626 793 1688 llll
815 1633 925 1687 tautum
950 1625 1162 1688 erublematum.
1207 1628 1355 1690 liomauus
1376 1649 1447 1710 poe-

157 1734 363 1806 maturescet,
391 1729 522 1808 quamvis
550 1727 624 1790 ratio
651 1727 834 1808 poematibus
856 1727 952 1787 iaciat.
997 1746 1064 1789 uam
1084 1737 1114 1789 et
1139 1729 1227 1790 Varro
1250 1731 1293 1791 sic
1315 1730 1446 1793 inscribit

157 1836 271 1897 inhhro
289 1854 354 1907 suo,
375 1832 436 1892 ‘sle
457 1829 670 1912 poematis',
692 1838 722 1891 et
734 1831 845 1891 Annius
860 1829 964 1891 Floms
979 1829 1015 1889 acl
1030 1830 1127 1892 (lirum
1144 1830 1320 1893 lladriauum
1343 1835 1446 1913 ‘poe-

128 1938 259 1999 umatis
284 1934 472 1997 dilector'.
516 1933 636 1994 Plautus
663 1934 781 1994 schema
802 1951 855 2012 pro
883 1933 1031 1993 schemate
1054 1931 1125 1993 dixit
1142 1931 1172 1991 in
1194 1932 1419 2012 Amphitruone,

314 2038 386 2098 huc
405 2054 493 2113 crgo
515 2033 687 2115 processi
711 2052 789 2095 cum
809 2034 940 2095 servili
966 2034 1125 2094 schema.
1221 2040 1228 2053 '

154 2140 262 2202 Plinius
282 2139 428 2201 sermonis
450 2136 529 2197 dubii
552 2136 587 2198 Vl
610 2136 646 2196 cle
665 2135 792 2197 Varrone
820 2140 942 2215 ‘quam
974 2130 1141 2214 maixime
1166 2135 1285 2198 vicina
1306 2137 1445 2200 Gracco

155 2242 293 2304 Graeca
317 2241 424 2313 tlicit,
444 2238 497 2301 uti
516 2226 809 2300 nec'schcmatis
826 2238 973 2317 quidem
996 2235 1183 2313 dicatsed
1206 2238 1442 2301 schemasiu’

235 2342 409 2405 Communia
436 2341 559 2402 duorum
587 2359 726 2419 generum
755 2359 830 2419 quac
859 2341 888 2402 in
917 2360 933 2400 a
961 2339 1079 2401 veniunt
1106 2339 1190 2419 plura
1216 2358 1302 2418 quam
1327 2341 1445 2421 triginta

122 2446 212 2507 uduo
230 2452 316 2518 sunt,
344 2443 429 2505 veluti
455 2461 540 2503 roma
562 2442 674 2520 collega
694 2449 790 2503 nauta.
828 2442 879 2504 scd
900 2442 973 2502 lraec
995 2461 1029 2502 ox
1051 2441 1152 2502 eadem
1171 2443 1372 2521 observatione
1395 2445 1445 2506 cle·

154 2546 341 2608 clinationum
364 2563 421 2624 qim
442 2544 592 2625 superiora
608 2544 744 2605 leminiua
764 2551 792 2604 ot
810 2543 970 2605 masculina
987 2543 1177 2605 declinantur.
1207 2545 1348 2618 neutralia
1367 2547 1445 2609 cuim

155 2647 215 2710 sola
238 2647 277 2708 ab
301 2648 407 2709 horum
433 2641 643 2726 ‹lecliualltioue
671 2647 843 2720 clellcctunt,
870 2645 939 2724 quia
964 2642 1097 2722 genetivo
1124 2643 1230 2723 plurali
1252 2647 1441 2727 schematmn,

155 2750 247 2811 datico
268 2758 298 2811 et
317 2749 441 2810 ablativo
460 2748 658 2811 schematibus
678 2748 797 2810 iaciunt.
828 2766 982 2809 commune
1005 2745 1092 2807 trium
1109 2764 1249 2824 generum
1270 2746 1333 2810 iuna
1355 2769 1444 2812 rmrmr

155 2853 231 2915 seuit
255 2872 360 2932 nequa.
410 2851 486 2912 idem
511 2849 587 2911 istud
617 2856 646 2909 et
673 2848 812 2928 singulari
838 2855 867 2908 ct
892 2847 995 2928 plurali
1024 2865 1146 2909 numero
1168 2857 1360 2928 monoptoton
1382 2860 1445 2928 est;

123 2960 277 3035 spropter
299 2953 378 3033 quod
401 2954 524 3015 multmn
546 2959 643 3011 errant
664 2950 713 3028 qui
737 2950 838 3014 dicum
858 2952 970 3014 adiecta
988 2971 1017 3012 m
1039 2950 1134 3012 littera
1156 2952 1299 3028 ‘nequam
1320 2951 1446 3015 hominis

156 3056 336 3137 propositum
357 3056 493 3116 hahent'.

236 3150 451 3219 hlasc'ubua-iu
479 3176 496 3218 e
520 3157 646 3218 litteram
674 3154 754 3216 nulla
779 3150 900 3216 veniunt
926 3173 1021 3233 neque
1049 3155 1187 3215 feminina
1214 3153 1271 3214 nisi
1292 3157 1444 3235 peregriua

156 3257 237 3335 talia,
261 3258 376 3320 Crotale
397 3258 534 3340 Eriphyle
557 3258 654 3338 Calpe.
698 3258 770 3318 hacc
789 3276 856 3318 cum
876 3258 935 3318 sint
956 3259 1081 3328 Graeca,
1112 3255 1221 3315 Graeca
1242 3256 1373 3337 analogia
1396 3260 1446 3321 dc-

157 3360 315 3435 clinantnr,
334 3361 423 3422 veluti
445 3361 560 3423 Crotalc
583 3359 714 3422 Crotales
735 3359 886 3432 Crotalcn,
907 3358 996 3438 Calpe
1018 3357 1123 3437 Calpes
1145 3357 1262 3438 Calpen.

126 3479 147 3520 a
237 3464 367 3525 llomana
394 3481 466 3524 sanc
493 3462 610 3523 nomina
630 3460 805 3523 nominativo
829 3480 900 3522 casu
922 3458 951 3521 iu
974 3480 990 3519 a
1013 3459 1144 3520 exeuntia
1166 3459 1348 3540 accipiunto
1369 3462 1445 3523 litte-

157 3584 216 3626 ram
240 3574 270 3627 et
293 3566 403 3627 iaciunt
429 3565 591 3643 genetiium
617 3573 646 3626 ct
671 3563 798 3624 dativum
826 3563 1017 3642 singularem,
1053 3569 1086 3623 nt
1109 3561 1181 3624 hacc
1207 3562 1332 3624 amicitia
1358 3565 1445 3627 huius

221 3811 380 3922 ineptorum
399 3855 438 3904 sic
456 3855 482 3904 N
568 3870 745 3908 contumacior
763 3856 789 3905 N
875 3858 1076 3906 2torecmntum
1097 3857 1124 3905 N
1195 3855 1308 3905 dicemus
1317 3855 1446 3906 Donatia-

156 3940 199 3974 ns
277 3930 487 3977 tenerenturne
506 3924 532 3974 N
608 3925 812 3977 rurwuarch
891 3941 1046 3976 noruutncc
1064 3926 1090 3974 N
1165 3939 1311 3976 nuruarmc
1331 3926 1358 3974 N
1428 3928 1444 3976 5

157 3994 314 4062 proferemus
332 3995 357 4044 N
373 3995 525 4060 proferimus
540 3994 697 4046 Donatiaaue
778 3997 887 4047 Senssn
903 3998 930 4045 N
1009 3995 1136 4046 tllrabeut
1239 3996 1337 4062 pariete
1359 3995 1385 4043 N
1400 3995 1445 4044 lra-

158 4066 211 4114 hent
229 4075 258 4115 nt
275 4082 292 4116 e
309 4067 444 4131 parietem
520 4064 553 4114 10
572 4080 587 4114 a
604 4067 746 4117 molit-rere.
765 4064 822 4116 r'um
840 4065 866 4113 N
940 4066 968 4115 ll
990 4065 1029 4115 sic
1047 4070 1063 4115 5
1081 4073 1225 4130 poematum
1245 4065 1402 4131 poematibus
1421 4065 1447 4113 N

220 4135 254 4186 12
270 4134 358 4186 Cicero
376 4136 401 4183 in
422 4136 526 4184 Verrem
545 4145 633 4198 quarte
650 4136 739 4200 Populi
761 4136 868 4186 Romani
885 4135 1042 4186 emblematis
1059 4135 1136 4186 relert
1154 4135 1302 4187 Peneidas:
1318 4135 1353 4196 es.
1371 4134 1443 4183 Pris-

155 4204 217 4253 ctu.
233 4220 262 4269 p.
281 4204 343 4259 680.
364 4205 416 4255 774
483 4206 581 4254 romani
600 4207 725 4270 poematis
743 4205 856 4255 relerunt
873 4204 911 4256 N:
928 4207 962 4269 es.
983 4204 1083 4260 Charis.
1101 4222 1128 4270 p.
1150 4205 1199 4258 113
1280 4204 1313 4255 13
1331 4204 1445 4253 inscribit

156 4271 213 4323 hhro
231 4291 279 4325 sno
297 4275 428 4327 ctorem
450 4275 467 4323 l.
487 4289 509 4322 c.
539 4276 656 4325 inscribit
680 4275 772 4326 librum
796 4289 870 4323 suum
895 4274 1030 4326 Puteehine
1117 4275 1150 4326 14
1174 4276 1206 4326 de
1230 4273 1353 4341 poematis
1376 4282 1400 4323 et
1422 4289 1443 4322 ω

155 4342 279 4397 annes
296 4347 316 4398 l.
335 4359 360 4394 e.
379 4343 413 4393 de
427 4344 551 4408 poemati:
570 4352 595 4395 et
613 4347 640 4394 N
720 4346 752 4396 15
771 4352 881 4395 scemate
898 4345 930 4394 N·
1004 4345 1173 4410 amphitrione
1189 4345 1222 4393 N.
1238 4345 1304 4407 prol.
1326 4340 1374 4391 117

157 4412 185 4464 tt
199 4414 248 4464 hnc
264 4431 316 4482 ego
335 4413 452 4492 processi
472 4405 601 4465 Charisiai}
616 4431 644 4479 p.
667 4416 715 4466 117
787 4416 818 4465 17
835 4413 933 4465 Plinius
949 4431 970 4464 ω
990 4414 1089 4481 plenius
1102 4416 1141 4466 N:
1157 4415 1193 4478 ef.
1208 4413 1337 4464 Charisius
1350 4426 1377 4474 p.
1394 4411 1444 4463 106

215 4518 293 4570 greco
312 4516 393 4570 grece
412 4501 439 4550 ‹lt
456 4501 482 4549 N
549 4502 582 4555 lo
600 4501 748 4553 Communia
766 4502 793 4551 N
859 4502 891 4553 21
910 4502 1049 4554 foeminina
1064 4502 1091 4550 N
1157 4498 1191 4550 23
1209 4497 1344 4549 commone
1361 4497 1387 4546 N

156 4572 184 4623 15
199 4589 310 4638 nequam
327 4570 443 4622 hominis
461 4585 482 4618 ω
499 4585 556 4634 neq,
570 4572 681 4622 hominis
700 4573 737 4622 N:
756 4571 855 4622 adiecta
873 4589 887 4621 e
905 4573 979 4622 litere
996 4586 1092 4635 nequae
1110 4569 1212 4631 habere,
1230 4583 1286 4618 curn
1305 4567 1445 4619 masculina

155 4642 278 4696 &exhinc
327 4642 386 4694 027
405 4640 544 4689 masculina
562 4670 597 4678 -
615 4643 649 4693 ab
669 4642 764 4708 Cnlpeu
783 4642 880 4693 Charis.
898 4658 924 4706 p.
945 4644 988 4693 44.
1008 4644 1042 4692 46
1119 4639 1257 4691 foeminina
1274 4637 1301 4687 N
1377 4640 1445 4704 peri-

153 4715 215 4779 grina
231 4715 258 4765 N
339 4711 376 4766 28
395 4711 447 4760 sint
464 4725 541 4774 green
558 4729 588 4763 ea
604 4712 722 4779 analogia
742 4713 779 4762 N:
799 4712 894 4763 Graeca
912 4713 1030 4777 analogia
1047 4710 1178 4760 Fabricius
1191 4724 1219 4772 p.
1239 4710 1273 4760 44
1291 4707 1387 4760 Graeco
1405 4723 1445 4758 ra-

152 4785 207 4837 tione
218 4785 346 4839 medius
357 4778 490 4832 Sacerdos
495 4796 523 4846 p·
534 4784 569 4835 48
639 4781 673 4834 30
691 4784 805 4835 lismona
816 4809 843 4820 -
858 4782 901 4847 54,
913 4784 929 4834 5
946 4783 1095 4832 terminatur
1107 4780 1245 4831 Donucam·
1259 4779 1353 4847 srnpm.
1370 4794 1398 4842 p.
1409 4777 1444 4829 IX

151 4855 183 4912 d.
200 4858 283 4923 Gairs.
