3114 5356
528 306 660 369 lNSTlT.
687 307 797 369 Glbtbl.
820 309 892 372 LlB.
915 310 942 371 ll
1324 310 1387 373 215

142 438 166 479 ρ.
183 424 229 467 ror.
242 422 270 464 ss
284 423 308 464 r.
1218 438 1240 480 p.
1258 426 1296 467 ros
1309 425 1334 470 n.

178 493 316 556 Perditim
335 493 470 555 Afranius
491 493 521 554 iu
543 493 677 574 vopisco,

418 587 423 593 ’
524 596 608 675 quia
629 595 704 658 scit
723 616 777 659 me
798 597 904 660 illam
926 617 1048 660 amaro
1071 599 1259 681 perditim.

177 697 266 759 Paulo
294 697 376 777 prius
397 697 532 759 Afranius
555 698 586 760 in
608 697 815 779 Emancipato,
846 701 975 781 ‘paulo
1007 703 1112 782 prins
1143 701 1229 766 binc
1261 702 1385 765 abiit’.

88 823 147 864 nos
166 800 254 883 paulo
271 807 339 861 ante
359 798 493 861 dicimus.

56 926 72 967 s
176 902 280 964 Procul
311 899 467 962 Sallustius
495 902 679 964 historiarum
701 904 744 978 ll,
781 906 879 965 ‘nam
913 905 1046 984 procul
1082 914 1117 967 et
1148 904 1311 967 diversis
1345 927 1386 968 ex

85 1003 345 1086 regionibus’;
367 1003 417 1065 ubi
435 1007 528 1084 Asper
549 1006 638 1082 ‘ergo
661 1005 762 1085 procul
786 1024 802 1066 e
824 1007 890 1067 loco
913 1010 987 1067 est'.

175 1106 270 1187 Prope
288 1123 349 1184 pro
372 1105 450 1166 iuxta
471 1105 590 1167 Plautus
612 1106 642 1166 in
664 1106 763 1182 Persa,

255 1225 372 1288 prope
393 1226 445 1268 me
468 1207 530 1268 bic
552 1207 681 1269 nescio
703 1209 766 1288 qui
788 1210 969 1288 loquitur.

175 1310 309 1371 Proxime
331 1310 433 1370 Cicero
455 1309 491 1370 de
512 1317 680 1385 senectute,
703 1312 931 1393 ‘Sophocles
952 1310 995 1374 ad
1015 1329 1187 1374 summam
1210 1321 1385 1375 senectu-

46 1432 73 1472 ιο
89 1423 164 1476 tem
187 1411 403 1492 tragoedias
423 1410 531 1486 lecit,
559 1430 664 1489 quem
692 1431 768 1474 cum
790 1414 941 1476 iudices
960 1433 977 1475 a
999 1433 1036 1475 re
1058 1413 1244 1475 familiari
1264 1421 1303 1475 ut
1324 1414 1386 1475 de·

87 1515 296 1597 sipientem
324 1512 576 1576 removissent
603 1513 701 1576 liliis
733 1514 814 1578 eius
851 1515 1121 1595 arguentibus,
1158 1535 1236 1577 cum
1271 1535 1386 1579 senex

89 1616 280 1679 Οἰδίπουν
302 1609 361 1673 ἐπὶ
382 1615 556 1697 Κολωνῷ,
578 1633 685 1693 qnam
707 1618 880 1697 proxime
903 1618 1133 1698 scripserat,
1161 1618 1384 1694 recitasset,

86 1719 279 1782 liberatus
302 1718 389 1791 est’,
425 1717 502 1777 idem
524 1717 554 1776 in
576 1716 680 1777 eodem
702 1720 756 1778 ‘et
778 1719 869 1780 mibi
890 1719 932 1781 ad
955 1720 1145 1801 sapientis
1167 1720 1276 1781 vitam
1297 1740 1386 1801 pro·

87 1823 184 1884 xime
212 1821 385 1881 ridentur
404 1819 612 1881 accedere'.

44 1952 72 1993 15
175 1923 333 1997 Perendie,
354 1922 435 2001 quasi
457 1921 627 2003 perendie,
651 1920 728 2000 qued
750 1930 923 1983 notaverunt
941 1923 1138 2002 grammatici,
1168 1924 1235 2002 quia
1256 1943 1323 1985 cum
1347 1925 1383 1984 de

61 2027 188 2099 ,tuturo
209 2025 349 2100 dicimus,
372 2025 449 2086 diem
471 2023 628 2085 notissimo
653 2024 719 2085 loco
740 2023 858 2098 dames,
882 2043 941 2085 non
963 2033 995 2085 ut
1015 2024 1062 2085 die
1087 2032 1200 2103 quarto.

174 2126 319 2206 Principio
340 2126 452 2188 lollius
474 2126 704 2188 Tusculanarum
726 2125 768 2199 ll,
799 2126 851 2187 ‘G.
884 2126 1039 2202 Marius,
1067 2127 1284 2188 rusticanus
1313 2125 1382 2201 vir,

86 2249 169 2291 cum
192 2237 402 2303 secaretur,
425 2229 615 2309 principio
638 2228 757 2289 vetuit
778 2247 816 2289 se
838 2226 1021 2306 alligari’,
1044 2235 1075 2288 et
1095 2226 1175 2289 llaro

251 2329 444 2411 principio
469 2330 668 2392 arboribus
693 2329 792 2390 varia
815 2336 871 2390 est
893 2336 1029 2390 natura
1053 2328 1233 2390 creandis.

42 2462 72 2503 w
175 2432 271 2493 Primo
293 2433 401 2514 pedatu
422 2433 494 2493 Cato
522 2451 626 2505 senex,
656 2431 704 2492 ‘in
736 2431 796 2492 bis
826 2430 970 2492 duobus
997 2430 1111 2492 bellis
1139 2432 1285 2494 alteras
1313 2433 1393 2494 stis

44 2518 52 2529 ’
83 2533 227 2616 pendio
255 2535 408 2613 agrique
435 2541 541 2615 parte
568 2531 731 2607 multati,
760 2531 901 2594 alteras
927 2532 1104 2613 oppid-nm
1126 2528 1140 2616 ΙΙ
1159 2533 1192 2594 vi
1221 2542 1381 2615 captum,

83 2636 229 2698 alteras
266 2636 385 2716 primo
421 2636 558 2717 pedatu
591 2640 625 2693 et
655 2633 847 2709 secundo’,
884 2633 1077 2696 utblaximus
1102 2642 1199 2712 notat;
1235 2624 1381 2715 bodierjue

84 2737 183 2800 nostri
200 2757 253 2818 per
272 2738 460 2818 Campaniam
482 2737 525 2798 sic
547 2735 691 2796 locuntur.
951 2808 971 2826 Γ

172 2839 300 2902 Pedibus
319 2839 521 2901 adverbialiter
539 2837 640 2900 Cicero
660 2837 697 2898 de
719 2846 885 2912 senectute,
924 2838 1143 2918 ‘ingressus
1177 2838 1250 2899 iter
1276 2836 1383 2918 pedi·

40 2945 189 3016 isbus',
213 2949 243 3003 et
263 2941 418 3003 Sallustios
438 2940 615 3022 ‘pedibus
638 2939 675 3000 in
697 2941 952 3003 sententiam'.

171 3042 327 3124 Quippiam
349 3042 473 3104 Naevius
495 3042 525 3103 in
552 3041 725 3116 Corollaria,
748 3045 849 3105 ‘num
872 3042 1090 3123 quippiaur'.

103 3218 108 3227 Ι
170 3148 323 3224 eraquam
349 3144 519 3216 Sallustius,
552 3143 716 3204 ‘tametsi
745 3144 835 3205 baut
863 3139 1045 3224 quaquam
1076 3165 1141 3226 par
1172 3144 1292 3224 gloria
1322 3163 1382 3206 se·

78 3248 214 3328 quitor
242 3246 468 3327 scriptorem
497 3253 532 3306 et
558 3253 748 3306 auctorem
775 3248 931 3321 rerum'3
966 3245 1146 3327 Pomponius
1167 3264 1284 3325 quoque
1308 3245 1338 3306 in
1362 3272 1382 3308 s

77 3354 213 3429 ‘negas
236 3355 385 3428 nuptam
407 3354 616 3428 quaquam’.

78 3516 144 3566 dere
159 3515 246 3578 posite
263 3521 320 3564 sunt
334 3516 359 3561 in
376 3511 408 3570 N,
427 3514 505 3576 algais
523 3527 587 3576 quae
604 3527 649 3561 sue
665 3515 718 3562 loco
734 3510 836 3561 exhibui
850 3511 875 3559 in
886 3512 998 3574 margine
1010 3508 1156 3571 adscriptis,
1175 3507 1263 3573 quibus
1272 3516 1374 3570 pertor-

77 3587 156 3636 lmtus
173 3584 303 3635 serberiam
318 3583 381 3631 erdo
396 3583 581 3646 corrigeretur:
602 3581 649 3631 leuc
672 3583 827 3644 mansposita
844 3589 903 3630 suut
919 3582 945 3629 irs
961 3597 983 3629 ω
1002 3579 1114 3627 indicata
1138 3580 1244 3641 decusa,
1265 3594 1314 3642 qua
1333 3593 1378 3627 rre-

77 3672 136 3705 usen
153 3652 414 3718 scriptorisolteustum
433 3660 471 3701 est
541 3652 602 3714 214,
618 3654 648 3703 31
669 3667 717 3717 age
734 3660 772 3701 est
787 3666 808 3698 ω
892 3648 982 3701 oseti
999 3649 1060 3700 bist.
1080 3649 1101 3697 ll
1120 3647 1145 3696 N
1231 3650 1312 3713 lpro
1330 3663 1376 3697 em.

79 3725 116 3787 N,
134 3724 196 3775 add.
215 3723 349 3773 Fabricius
434 3723 458 3770 in
477 3720 565 3786 Persa]
587 3725 595 3772 l
614 3722 639 3779 3.
658 3721 690 3771 to
708 3720 754 3787 (91)
771 3718 808 3781 11)
889 3720 1044 3783 Sloquitur.
1065 3718 1134 3767 ldem
1154 3719 1179 3766 in
1195 3716 1310 3769 Rudente
1328 3718 1380 3767 Fa·

79 3797 176 3846 bricius
261 3793 278 3844 o
299 3792 417 3842 Proximo
441 3801 566 3855 excerpta
591 3792 745 3853 Berensis,
771 3790 838 3855 quod
853 3798 877 3840 et
894 3789 934 3842 lde
951 3798 976 3841 et
992 3792 1018 3840 in
1034 3790 1162 3895 cicazonis
1179 3787 1261 3838 uerbis
1284 3791 1381 3851 recepit

78 3914 216 3967 Putseds'us
287 3912 318 3962 de
337 3908 477 3976 senectute]
497 3913 522 3974 7,
541 3913 575 3963 22
645 3910 755 3961 soloeles
769 3910 796 3960 N
865 3910 897 3961 10
916 3927 991 3975 qoem
1009 3868 1171 3981 eombbp'iare
1187 3907 1214 3958 N
1228 3922 1303 3971 quern
1320 3923 1378 3958 cum

79 4068 96 4102 s
116 4069 144 4102 re
162 4067 184 4102 ω
230 4012 590 4115 ι12οοΛιιηίιειιιιιο,Αζυκωιε
609 4049 634 4098 N
703 4050 735 4102 13
750 4050 776 4101 in
794 4048 883 4098 eadem
898 4048 933 4099 N.
952 4049 1002 4102 Cs'e.
1023 4049 1166 4099 deserroet.
1187 4045 1228 4110 15,
1240 4046 1272 4098 51
1345 4044 1379 4096 14

79 4140 205 4190 secedere
222 4138 285 4188 uilla
303 4144 341 4187 est
357 4138 441 4202 patrui
461 4137 502 4186 bie
520 4152 581 4203 ager
601 4133 607 4198 Ι
623 4144 649 4173 “-“
657 4146 695 4186 est
711 4138 754 4186 ubi
772 4145 825 4187 stes
840 4149 906 4200 pone
929 4135 1004 4185 irsrun
1022 4134 1082 4185 illoc
1102 4148 1171 4184 mere
1195 4135 1208 4182 ὗ
1229 4131 1235 4190 Ι
1255 4132 1378 4181 Perendie

78 4210 121 4260 N:
137 4210 173 4272 es.
184 4225 213 4272 p.
224 4208 285 4270 214,
295 4208 327 4259 31
401 4206 431 4257 15
445 4208 518 4269 quasi
533 4223 578 4272 per
592 4208 678 4271 adiep
692 4209 765 4270 qussi
779 4212 910 4272 perempta
923 4204 965 4255 die
974 4221 995 4254 ω
1013 4207 1086 4267 qussi
1095 4220 1142 4270 per
1151 4218 1207 4254 eam
1217 4202 1286 4252 diem
1295 4203 1379 4252 renie-

77 4278 335 4331 ascomannos:
364 4277 487 4341 perendie
511 4277 538 4327 id
561 4288 599 4326 est
620 4292 666 4341 per
682 4285 740 4326 ante
759 4277 827 4326 diem
844 4275 962 4326 Isidorus
980 4276 1003 4325 V
1021 4273 1064 4331 30,
1082 4276 1115 4324 22
1203 4272 1235 4322 lo
1252 4272 1344 4322 damus
1357 4287 1377 4334 p

78 4351 171 4400 demus
190 4348 217 4398 N
238 4349 353 4397 dicemus
371 4362 392 4394 ω
480 4346 511 4397 ll
538 4347 668 4396 tuscul...
692 4362 719 4411 g.
738 4347 834 4396 msrius
852 4345 889 4394 N:
919 4345 1120 4396 Tusculanorum
1138 4341 1250 4392 secundo
1268 4357 1299 4392 ω.
1324 4341 1376 4391 dle.

84 4420 186 4470 Tuseel.
208 4419 289 4475 1122,
309 4416 342 4468 53
421 4417 453 4468 18
472 4416 553 4481 blare]
570 4432 658 4482 georg.
679 4417 701 4465 ll
720 4415 737 4466 9
819 4415 853 4466 20
872 4416 966 4480 pedsto
981 4416 1078 4466 Nonius
1091 4429 1119 4477 p.
1137 4412 1181 4471 64,
1200 4411 1268 4477 quod
1284 4413 1379 4473 recepit

79 4489 218 4540 Psuedius
299 4488 326 4536 in
345 4485 385 4534 his
401 4502 423 4536 ω
441 4488 466 4536 in
484 4488 506 4536 is
526 4487 551 4536 N
630 4488 663 4536 24
682 4486 713 4535 de
729 4482 870 4550 senectute]
891 4483 933 4551 to,
951 4486 986 4538 34
1070 4486 1104 4536 25
1122 4490 1148 4533 et
1166 4481 1199 4531 cd
1216 4479 1376 4546 nortperto:

80 4562 174 4610 insent.
195 4558 233 4606 N:
252 4563 277 4605 et
295 4556 365 4622 epod
383 4555 487 4606 Sallust.
507 4555 648 4606 dubricius.
668 4554 774 4606 Sallust.
790 4557 865 4607 Catil.
885 4555 920 4606 50
937 4554 1046 4622 pedibus
1063 4556 1089 4604 in
1107 4551 1257 4603 sententiam
1275 4550 1315 4601 Ti.
1327 4547 1377 4599 Ne-

79 4631 151 4680 ronis
169 4629 265 4677 iturum
283 4640 312 4675 se
330 4627 429 4676 dixerat
515 4625 549 4676 26
567 4626 592 4674 in
609 4625 748 4675 Tarentilla
765 4642 787 4676 ω
874 4641 933 4675 narn
952 4626 1083 4691 quippiam
1101 4640 1123 4674 ω
1142 4621 1207 4671 Num
1224 4634 1274 4670 non
1292 4621 1333 4669 nis
1351 4627 1377 4670 te

79 4713 199 4749 mensem
219 4711 308 4756 unum,
327 4698 350 4746 si
367 4696 477 4757 uidetur,
494 4697 627 4761 qriippiam
645 4696 776 4746 Putselts'us
860 4696 893 4746 27
909 4697 1040 4759 Quaquem
1056 4712 1077 4746 ω
1096 4696 1199 4761 Qusmq
1216 4691 1243 4741 N
1321 4688 1378 4739 Sal-

81 4766 181 4834 tostius]
195 4768 271 4818 earu.
283 4764 300 4815 3
360 4765 429 4815 bend
440 4780 566 4829 quaquam
577 4782 599 4815 ω
611 4770 626 4817 s
639 4781 680 4835 qq
691 4767 716 4815 N
778 4766 812 4815 28
822 4767 987 4831 Pomponius,
999 4780 1127 4831 qusquam
1136 4776 1217 4828 neges
1229 4769 1332 4826 nuptam
1342 4775 1376 4810 w:

80 4837 239 4904 Pomponius
251 4850 350 4899 quoque
362 4836 387 4884 in
397 4837 524 4902 ergastulo
534 4839 638 4888 coniecit
647 4833 797 4889 Itidbeelrius
809 4850 870 4890 eom.
882 4835 942 4886 Lat.
955 4840 1002 4889 rel.
1010 4852 1040 4901 p.
1051 4837 1102 4886 214
1172 4833 1206 4885 29
1217 4833 1345 4896 quemque
1354 4831 1380 4880 N
