3114 5356
54 331 58 340 .
94 302 96 307 ’
198 277 259 341 182
766 274 929 343 cuamslt

264 423 271 436 .
325 421 330 434 .
406 421 412 435 .
1343 388 1374 432 ,ι
1415 389 1442 431 a.

195 477 227 530 et
247 393 374 547 fatidici
389 391 521 526 bemus
566 482 583 524 e
610 461 705 525 littera
728 462 881 525 terminate
903 462 1021 527 nomina
1041 461 1213 533 καθολικῶς
1235 390 1422 533 nulnbxbe
1443 463 1496 525 ad-

195 566 295 633 verbia
323 569 449 641 lacinnt,
479 583 553 644 quae
576 583 635 626 non
665 572 736 626 sunt
758 565 815 627 uisi
836 566 964 638 Graeca,
995 571 1029 625 ut
1048 565 1144 643 Agave
1166 563 1281 625 Teletos
1315 561 1369 624 sed
1398 582 1495 644 neque

197 691 234 734 ex
252 671 299 734 lais
321 668 444 749 agerice
467 675 518 730 aut
536 666 663 728 Teletice
681 674 761 728 recte
783 665 1027 748 pronuntiabitur.
1066 667 1185 729 luerunt
1204 672 1301 727 autem
1322 665 1373 744 qui
1391 686 1427 730 er
1448 669 1495 730 ais

198 792 273 854 quae
292 792 311 833 o
330 771 524 833 terminantur
545 776 682 850 putarent
701 767 835 830 adverbia
856 769 933 831 trahi
956 787 1062 849 posse,
1090 778 1122 830 ut
1145 776 1192 830 est
1212 767 1284 831 ordo
1303 786 1423 845 mucro,
1450 769 1493 831 di-

197 873 290 945 versis
317 880 415 935 mmen
440 871 552 950 liguris.
596 871 633 932 ab
660 868 762 932 ordine
792 871 870 932 enim
895 869 1027 932 ordinate
1048 880 1079 932 et
1097 889 1114 932 a
1134 888 1276 932 mucrene
1299 872 1522 937 mucronatims

198 974 332 1041 dicimus.
378 973 431 1036 scd
454 973 525 1035 mihi
553 992 613 1035 non
639 971 753 1033 videtur
780 971 837 1034 hoc
861 972 941 1052 qaod
965 981 1012 1035 est
1032 972 1165 1035 ordinate
1187 972 1224 1033 ab
1245 971 1347 1035 ordine
1369 981 1495 1037 tractum

199 1078 251 1142 sed
271 1076 308 1139 ab
327 1076 475 1152 ordinato,
504 1095 559 1138 nec
580 1075 678 1137 minus
699 1091 717 1134 a
738 1083 879 1137 mucrone
906 1074 1101 1139 mucronatim
1125 1074 1178 1135 sed
1199 1093 1216 1136 a
1236 1083 1418 1139 mucronato.
1463 1095 1496 1138 ac
1518 1074 1525 1087 ‘

199 1199 238 1242 ne
260 1177 374 1257 singvda
396 1197 608 1258 persequamur
627 1176 705 1239 unde
727 1194 787 1237 nun
811 1175 1037 1257 proficiscantur
1058 1174 1208 1251 adverbia,
1230 1177 1267 1238 ad
1290 1177 1497 1241 ea·veniamus

201 1300 277 1362 quae
296 1279 418 1342 canonis
437 1280 550 1342 ratione
572 1278 695 1341 subnixa
714 1277 857 1340 videntur.

287 1382 312 1445 ll
333 1382 430 1443 littera
450 1380 604 1441 terminata
626 1379 760 1453 nomina,
787 1380 864 1441 banc
884 1380 1010 1453 litteram
1029 1378 1164 1460 quotiens
1183 1398 1200 1441 e
1219 1379 1384 1457 antecedit,
1412 1390 1496 1462 quat·
1513 1402 1536 1445 ιι

117 1509 120 1516 ·
200 1494 268 1549 tuor
288 1483 384 1547 modis
404 1481 516 1543 laciunt
536 1481 682 1543 adverbia.
725 1490 775 1543 aut
797 1482 876 1551 euim
894 1502 911 1546 e
931 1484 1072 1546 liniuntur
1093 1492 1124 1546 et
1144 1484 1265 1547 totidem
1288 1483 1414 1564 syllabas
1436 1504 1499 1547 ser-

201 1593 286 1662 vant,
307 1595 340 1649 ut
360 1585 443 1666 piger
463 1601 551 1661 aeger
572 1582 654 1663 pigre
676 1602 763 1664 aegre
784 1584 910 1660 laciunt;
932 1591 983 1646 aut
1002 1583 1033 1647 in
1056 1585 1179 1646 eandem
1195 1581 1338 1666 littellram
1358 1585 1499 1648 desinunt

201 1697 232 1751 et
251 1686 360 1768 syllaba
382 1693 527 1749 crescunt.
571 1703 639 1746 uam
667 1692 698 1749 et
725 1685 800 1748 liber
826 1687 975 1766 miserque
1001 1685 1093 1749 libere
1120 1687 1228 1749 misere
1249 1687 1368 1749 faciunt
1412 1687 1499 1750 tertia

201 1796 249 1853 ert
273 1787 388 1870 species
418 1805 520 1849 eorum
548 1804 622 1866 quae
647 1795 691 1848 ter
716 1788 827 1868 syllaba
854 1789 981 1863 iaciunt,
1015 1787 1094 1849 celer
1118 1806 1187 1850 acer
1218 1787 1352 1852 celeriter
1381 1789 1497 1853 aeriter.

202 1893 256 1959 sed
276 1891 354 1953 circa
375 1893 433 1956 lroc
453 1908 561 1953 nomen
582 1889 683 1969 utique
706 1889 784 1953 sistit
804 1890 953 1970 quaestio,
977 1889 1043 1968 quia
1066 1891 1184 1968 quidam
1206 1910 1266 1954 non
1284 1899 1390 1972 putant
1402 1892 1440 1953 ab
1459 1911 1495 1954 eo
1510 1907 1535 1950 vs

202 1995 282 2076 quod
300 2003 346 2075 est
367 2013 435 2056 acer
455 1991 561 2054 acriter
582 1999 662 2054 recte
685 1993 793 2055 lactum
815 1992 867 2055 sed
889 1991 925 2053 ab
940 1991 1037 2068 acris,
1060 1994 1138 2071 quod
1159 1993 1311 2067 refellitur.
1351 2012 1421 2057 nam
1442 1995 1497 2057 bu-

202 2099 249 2161 ius
277 2095 405 2160 adverbii
435 2094 649 2176 superlationes
676 2095 760 2157 cuius
787 2096 812 2157 is
835 2094 939 2158 litteris
966 2095 1084 2158 nomina
1113 2095 1321 2170 terminantur,
1350 2103 1383 2157 ut
1414 2095 1498 2175 agilis

204 2199 323 2273 docilis,
346 2208 374 2261 et
396 2196 573 2278 superlativo
595 2195 721 2259 litteram
741 2217 756 2259 s
781 2198 930 2281 geminant
948 2197 1135 2276 efficiuntque
1156 2196 1332 2276 agilissimus
1352 2195 1499 2260 docilissi-

202 2320 285 2375 mus,
308 2301 466 2380 agilissime
487 2300 666 2363 docilissime
687 2299 831 2362 dicuntur.
875 2305 906 2361 at
926 2318 993 2361 curn
1016 2317 1076 2361 non
1098 2298 1181 2391 aliter
1200 2298 1332 2361 dicamus
1354 2299 1498 2361 acerrime

203 2422 290 2483 quam
319 2403 487 2475 celerrime,
519 2401 707 2464 manifestum
732 2409 778 2463 est
798 2402 904 2464 acriter
925 2403 1034 2463 laetum
1058 2401 1095 2463 ab
1119 2399 1254 2480 eoquod
1281 2407 1328 2462 est
1351 2419 1435 2476 acer,
1467 2410 1537 2463 utra

203 2506 290 2568 celer.
336 2514 439 2584 quarta
459 2505 574 2585 species
596 2511 643 2565 est
664 2522 766 2567 eorum
785 2523 859 2583 quae
878 2525 931 2586 per
951 2505 990 2566 im
1012 2505 1124 2567 litteras
1144 2503 1356 2578 terminantur,
1378 2510 1411 2564 ut
1428 2523 1503 2584 pan.

203 2627 253 2669 ser
278 2627 380 2684 anser,
417 2606 588 2688 passeratim
614 2606 781 2667 anseratim.
825 2617 926 2670 tenere
951 2626 989 2669 an
1012 2605 1151 2668 teneriter
1172 2605 1229 2668 ‹lici
1255 2605 1361 2667 debeat
1382 2604 1501 2683 quaesi-

204 2717 266 2770 tum
288 2717 342 2769 est.
387 2726 455 2770 nam
476 2707 593 2785 quidam
612 2707 752 2768 teueriter
780 2710 906 2771 ellerunt
933 2717 964 2771 ut
992 2708 1140 2782 celeriter,
1174 2707 1221 2768 elii
1244 2726 1313 2768 vero
1340 2714 1442 2768 tenere
1469 2714 1502 2768 ut

203 2809 304 2870 libere.
349 2809 401 2870 sad
428 2807 642 2887 inspiciendum
669 2817 715 2870 est
739 2810 817 2872 unde
845 2811 1029 2891 potissimum
1058 2809 1193 2871 adverbia
1218 2808 1336 2887 figurari
1363 2807 1500 2869 debeant.

204 2928 271 2971 nam
299 2928 365 2970 cum
391 2909 430 2970 sit
454 2918 483 2971 et
510 2917 594 2971 tener
618 2917 648 2970 et
674 2909 752 2972 celer
774 2919 803 2972 et
826 2911 899 2973 liber
920 2912 1051 2973 eiusdem
1073 2910 1300 2985 terminationiS,
1331 2911 1500 2972 necessarie
1514 2931 1541 2975 us

205 3011 362 3088 ambigitur
393 3011 422 3072 in
453 3011 580 3072 adverbii
609 3012 790 3090 llguratione.
849 3012 1043 3075 nominativus
1078 3034 1164 3075 casus
1195 3012 1308 3076 nullum
1340 3012 1500 3074 discrimen

204 3113 342 3174 ostendit.
370 3113 502 3190 sequitur
519 3114 616 3192 itaque
638 3121 672 3175 ut
688 3114 816 3194 obliquis
833 3116 950 3178 casibus
967 3117 1091 3179 sormam
1107 3115 1309 3176 adverbiorum
1324 3115 1500 3177 intueamur.

205 3213 358 3291 caltaque
380 3233 455 3292 quae
477 3216 610 3294 genetivo
633 3235 703 3277 casu
727 3215 735 3276 i
758 3217 854 3281 littera
874 3218 1068 3281 terminantur
1092 3217 1101 3276 i
1129 3218 1158 3279 in
1179 3238 1195 3280 e
1216 3225 1329 3280 mutant
1345 3224 1375 3277 et
1390 3217 1502 3280 iaciunt

204 3315 356 3391 adverbia,
388 3326 420 3379 ut
447 3337 481 3378 ex
509 3336 543 3378 eo
566 3318 644 3396 quod
669 3326 714 3381 est
734 3321 809 3400 pigri
832 3322 914 3402 pigre
934 3322 1059 3410 etOnigri
1080 3323 1171 3402 nigre.
1217 3341 1272 3383 nec
1294 3319 1390 3380 nviuus
1412 3319 1500 3379 etiam

205 3436 280 3496 quae
303 3427 440 3479 creseunt
461 3419 588 3501 obliquis
608 3422 741 3497 casibus,
770 3432 802 3485 ut
822 3423 905 3485 liberi
924 3423 1030 3499 libere,
1058 3425 1157 3486 miseri
1175 3423 1292 3486 misere.
1339 3440 1409 3500 ergo
1432 3440 1542 3483 cuman

204 3539 259 3601 per
276 3539 379 3582 omnes
401 3541 487 3583 casus
508 3529 591 3584 tener
613 3544 672 3584 nou
694 3524 778 3586 aliter
800 3525 962 3589 declinetur
977 3546 1064 3606 quam
1082 3526 1171 3599 liber,
1192 3526 1323 3604 sequitur
1346 3529 1378 3585 ut
1399 3531 1502 3584 tenere

204 3622 394 3703 proportione
414 3623 527 3684 «licetur
544 3632 577 3685 ut
599 3624 697 3687 libere.
742 3645 809 3688 narn
835 3648 869 3689 aa
892 3648 967 3708 quae
989 3637 1033 3690 ter
1054 3629 1161 3708 syllaba
1186 3628 1326 3689 liniuntur
1347 3626 1376 3687 in
1399 3626 1503 3687 adver-

202 3723 260 3786 biis
288 3710 387 3805 utique
417 3725 446 3786 iu
474 3726 593 3788 nomine
619 3730 783 3805 genetivum
805 3731 914 3793 babent
934 3732 960 3792 is
981 3732 1084 3794 litteris
1108 3731 1310 3804 terminatum,
1342 3737 1374 3791 ut
1396 3729 1503 3791 celeris

207 3825 357 3901 celeriter,
380 3827 456 3888 acris
479 3828 600 3902 acriter,
623 3828 727 3892 alacris
751 3832 893 3896 alacriter.

209 4018 240 4068 12
252 4044 285 4053 -
297 4018 328 4068 15
347 4018 373 4066 N

205 4111 233 4153 ΙΙΙ
248 4103 467 4161 t‚2a'ri11eandem
480 4087 561 4153 littam
568 4139 643 4152 .....
655 4113 699 4152 unt
718 4114 742 4154 et
760 4104 858 4169 syllaba
877 4115 993 4160 crescunt
1010 4104 1067 4159 iram
1087 4119 1110 4159 et
1129 4109 1193 4159 liber
1210 4110 1314 4172 miserq,
1333 4108 1413 4159 libere
1433 4111 1466 4158 mi

298 4207 354 4241 sere
369 4176 515 4239 recinunt
640 4193 740 4255 species
764 4191 807 4242 eoi
831 4197 846 4256 q
870 4211 897 4244 er
919 4195 1016 4263 syllaba
1038 4194 1135 4246 iaciunt
1156 4195 1223 4245 celer
1245 4209 1304 4244 acer
1326 4194 1443 4245 celeriter

300 4279 391 4328 acriter
400 4294 421 4328 s.
432 4279 499 4328 eirea
508 4277 536 4330 h.
546 4279 593 4327 u‘n.
604 4315 610 4326 .
621 4315 627 4328 .
638 4279 736 4327 ..sistit
749 4280 816 4341 qetie
1470 4283 1501 4332 15

198 4398 203 4407 ’
276 4418 307 4467 12
326 4414 424 4467 lileram
441 4417 560 4468 desinunt
577 4430 599 4464 ω
669 4415 700 4466 13
716 4417 800 4468 Tertia
818 4420 919 4484 species
936 4435 958 4470 ω
1029 4423 1060 4474 15
1078 4438 1168 4475 nomen
1187 4423 1274 4487 artique
1294 4421 1361 4471 sistit
1379 4436 1401 4471 ω

275 4598 290 4646 7
307 4588 481 4646 ordinationes
499 4595 642 4661 (expuncta
659 4597 667 4644 i
687 4596 787 4661 littera)
807 4596 833 4645 N
917 4601 946 4650 ll
974 4600 1036 4651 linit
1052 4601 1174 4652 aduerbio
1193 4602 1230 4650 N:
1248 4602 1370 4654 aduerbia
1387 4618 1404 4653 a
1420 4604 1501 4654 nomi-

206 4668 281 4717 nibus
296 4685 308 4716 r
326 4667 408 4716 littera
424 4668 564 4718 terminatis
583 4673 700 4729 quattuor
718 4667 800 4715 modis
817 4668 878 4716 lluut
893 4685 912 4731 p
1002 4671 1033 4723 13
1056 4679 1080 4721 et
1098 4686 1147 4719 uua
1166 4673 1265 4735 syllaba
1282 4683 1431 4736 erescuutp

208 4736 240 4785 14
257 4736 283 4785 in
303 4747 339 4807 rer
355 4735 480 4800 syllabam
499 4738 627 4799 laciuntp
705 4735 737 4786 19
753 4735 879 4801 dicamne]
899 4739 956 4788 mas
973 4739 998 4788 N
1076 4740 1110 4792 20
1128 4741 1308 4793 cellerrime·N
1385 4742 1420 4797 28
1440 4742 1500 4792 elle·

207 4812 264 4856 runt
282 4822 303 4856 ω
322 4814 427 4872 egerunt
442 4806 469 4855 N
536 4808 569 4858 27
588 4808 729 4858 intueamur
747 4806 880 4858 Fabricius
896 4809 1022 4860 intuemur
1039 4809 1065 4859 N
