3114 5356
185 283 246 346 120
744 276 906 341 cunmstt

236 394 385 452 pffiwss
1264 389 1421 445 pmmn

509 484 588 527 nam
608 482 722 545 saepe
743 482 858 526 senex
877 482 943 544 spe
965 462 1145 524 carminis
1167 461 1270 525 ambo

283 616 289 625 .
347 569 501 630 luserat

184 672 263 754 quod
279 690 372 751 genus
390 670 501 733 Graeca
522 669 714 749 declinatione
736 669 891 750 protertur.
934 665 977 728 illi
999 666 1076 728 enim
1097 657 1188 743 cippo
1209 666 1320 729 dicimt.

268 772 393 835 Aestiier
412 790 449 835 an
471 769 644 835 aestiferas?
687 770 796 833 Plinius
820 770 851 832 iu
871 770 974 831 eodem
995 769 1070 831 libro
1094 769 1130 831 Vl
1158 772 1208 832 ‘ut
1229 769 1324 831 latiler
1343 779 1373 831 et
1394 771 1473 833 auri-

184 877 229 938 ier
256 882 287 937 et
313 873 438 953 armiger
463 873 566 937 lucifer
592 873 711 936 iirrciier
738 873 795 935 dici
819 869 825 955 Ι
848 873 951 947 debet,
979 872 1046 951 qnia
1070 871 1222 952 conposita
1250 880 1335 946 sunt,
1362 892 1418 934 nec
1440 881 1498 936 nts

185 976 328 1058 quaedam
347 976 430 1055 quasi
457 974 623 1055 conposita,
647 975 726 1039 velut
746 976 884 1037 Euander
903 975 1032 1048 Teucer,
1059 972 1115 1035 dici
1134 973 1242 1035 debent
1268 983 1298 1035 et
1325 975 1473 1038 interdum

187 1078 321 1142 elittera
343 1081 464 1139 carere'.
679 1131 684 1141 .

269 1182 426 1260 Augustas.
471 1197 523 1241 cur
543 1179 635 1260 pridie
659 1178 722 1240 Kal.
740 1181 885 1257 Augustas
908 1184 937 1239 et
957 1196 1017 1240 non
1037 1179 1231 1257 augustanam
1252 1176 1398 1239 dicimus?
1423 1178 1472 1241 ubi

186 1283 297 1346 Plinius
319 1281 473 1343 Secundus
495 1280 597 1343 eodem
620 1281 692 1343 libro
714 1281 750 1342 Vl
772 1283 806 1341 ‘a
827 1279 907 1341 liuita
928 1280 1045 1342 nomina
1066 1279 1205 1359 singulari
1225 1278 1401 1342 nominativo
1424 1300 1472 1342 re·

187 1394 265 1449 teres
286 1402 356 1446 casu
378 1382 510 1465 genetivo
534 1402 567 1444 as
587 1381 694 1462 syllaba
714 1379 915 1456 declinabant,
933 1389 967 1443 ut
981 1382 1055 1443 llaia
1069 1381 1167 1443 llaias.
1211 1392 1325 1444 namet
1346 1384 1510 1446 Sisennam

186 1486 281 1567 inquit
307 1504 373 1547 enm
399 1483 449 1563 qui
472 1482 582 1544 diceret
602 1491 684 1562 pater
704 1482 845 1558 familiae,
872 1491 987 1564 panum
1009 1483 1180 1547 iamiliamm
1206 1494 1341 1567 oportere
1363 1486 1471 1548 dicere.

187 1589 301 1669 itaque,
326 1595 442 1668 patrum
468 1583 640 1646 familiarum
670 1603 736 1645 cura
757 1585 976 1649 consuetudinis
1001 1587 1126 1650 taedium
1149 1589 1308 1669 respuerit,
1331 1597 1360 1649 et
1379 1595 1473 1667 pater

184 1689 326 1770 familias
347 1688 403 1751 dici
424 1695 640 1767 perseveratum
660 1690 726 1748 est'.

270 1793 395 1874 Aucipes
420 1798 534 1851 veteres
564 1809 632 1853 cum
657 1789 769 1851 ratione
793 1791 941 1866 dixerunt,
965 1810 1003 1855 uc
1023 1792 1175 1872 genetivus
1201 1792 1335 1874 ancipitis
1357 1793 1473 1856 duabus

189 1894 334 1958 videretur
356 1891 472 1973 syllabis
492 1910 638 1953 crescere:
663 1891 781 1954 Plautus
800 1893 831 1955 in
852 1894 984 1956 Rudente
1487 1914 1511 1956 rs

353 2001 437 2078 post
458 1992 715 2057 alteriusecns
737 2001 793 2055 est
814 1996 1031 2059 securicula
1053 1997 1218 2078 ancipes.

243 2096 383 2173 Aedile,
413 2096 448 2158 ab
470 2097 528 2159 hoc
547 2096 655 2172 aedile,
682 2117 741 2160 nou
762 2096 862 2172 aedili,
893 2100 925 2161 P.
953 2100 1077 2163 Rutilius
1104 2098 1142 2160 de
1168 2098 1224 2160 vita
1253 2119 1306 2163 sua
1330 2099 1352 2158 V
1378 2128 1397 2164 s
1443 2109 1473 2158 ct

187 2202 276 2265 Varro
306 2201 343 2262 de
368 2200 528 2280 originibus
556 2199 699 2263 scaenicis
728 2199 754 2261 ll
781 2202 818 2260 ‘a
840 2198 997 2263 Claudio
1020 2201 1178 2264 Pulchro
1200 2201 1348 2263 aedile'.
1394 2201 1472 2279 qnod

188 2321 256 2365 curn
275 2303 386 2363 ratione
408 2303 517 2365 dictum
539 2321 604 2365 esse
626 2301 817 2375 monstrabis,
838 2309 871 2362 ut
891 2301 931 2361 ait
949 2304 1100 2367 Secundus
1122 2303 1266 2365 sermonis
1288 2279 1472 2363 dubii-'libro

187 2404 239 2480 Vl,
260 2405 337 2484 qnod
358 2406 475 2469 nomina
495 2422 694 2484 quaecumque
716 2404 848 2482 genetivo
870 2402 1006 2482 singulari
1026 2406 1050 2467 is
1068 2405 1175 2486 syllaba
1190 2406 1345 2478 finiuntur,
1366 2422 1472 2483 excep-
1485 2422 1513 2464 rc

190 2507 228 2569 tis
246 2508 292 2571 bis
314 2527 390 2588 qnae
409 2508 543 2572 similiter
561 2507 671 2569 iaciunt
691 2505 885 2588 nominativo,
907 2514 1022 2585 oportet
1040 2507 1164 2569 ablativo
1182 2506 1320 2587 singulari
1339 2526 1355 2567 c
1376 2505 1472 2567 littera

188 2610 351 2687 terminari,
380 2631 397 2673 a
426 2609 585 2692 prudente,
614 2608 650 2669 ab
678 2607 804 2669 homine.
848 2606 926 2685 quod
952 2605 977 2668 si
1005 2608 1111 2671 adicias
1133 2608 1256 2690 aliquid,
1282 2615 1315 2670 ut
1343 2608 1419 2669 idem
1442 2608 1472 2669 in

187 2711 290 2774 eodem
311 2711 438 2787 Plinius,
461 2731 513 2793 per
534 2712 543 2773 i
564 2710 651 2771 debet
671 2709 744 2783 dici,
768 2728 785 2770 a
807 2708 942 2789 prudenti
965 2709 1092 2772 consilio.

272 2813 340 2888 Avi,
366 2820 400 2874 ut
425 2815 530 2895 puppi,
560 2811 696 2892 quoniam
721 2811 870 2889 genetivus
895 2810 997 2872 similis
1023 2821 1068 2873 cst
1091 2814 1280 2888 nominatim3
1308 2822 1337 2873 et
1363 2812 1472 2873 idcirco

187 2935 246 2979 non
268 2925 365 2999 potest
389 2915 425 2977 ad
448 2914 664 2995 supradictam
687 2913 816 2992 regulam
837 2913 991 2993 pertulere.
1486 2954 1513 2993 ,5

271 3017 367 3097 Agilo,
394 3017 429 3079 ab
457 3016 516 3077 boc
541 3015 623 3095 agile.
669 3015 693 3076 si
719 3015 756 3075 dc
777 3033 903 3096 persona
929 3015 1056 3089 dicatur,
1090 3015 1127 3077 ita
1148 3017 1210 3078 dici
1229 3017 1330 3078 ileliet:
1350 3017 1428 3095 quod
1448 3016 1472 3077 si

186 3141 249 3184 rem
271 3119 432 3199 significat,
458 3119 494 3179 ab
516 3119 573 3179 lroc
586 3114 601 3202 ΙΙ
617 3117 683 3197 agili
704 3117 760 3179 dici
782 3116 884 3191 debet,
910 3125 941 3177 ut
960 3117 1036 3179 idem
1057 3117 1166 3180 Plinius
1189 3121 1288 3182 codem
1311 3120 1395 3182 libro.

273 3220 393 3284 Annalei
417 3221 506 3283 Varro
528 3220 744 3301 epistolicarum
764 3218 966 3300 quaestionum
986 3220 1061 3283 libro
1079 3220 1131 3295 il,
1159 3222 1324 3302 ‘eclogas
1346 3242 1387 3283 ex
1409 3241 1474 3283 an·

188 3325 288 3389 naloi
311 3322 555 3403 descriptas'.

269 3430 425 3507 Agreste
446 3425 600 3487 Sallustius
622 3424 808 3488 historiarum
827 3424 858 3500 l;
879 3424 958 3503 ‹yirod
977 3423 1054 3485 idem
1073 3424 1184 3487 Plinius
1207 3427 1308 3488 eodem
1330 3427 1404 3489 libro
1425 3427 1473 3489 ‘in
1487 3452 1515 3493 ao

120 3546 123 3551 ·
186 3529 312 3592 animali’
336 3527 428 3609 inquit
447 3527 691 3608 significatione&

270 3635 383 3707 Aenea,
413 3632 461 3693 bic
481 3634 600 3693 Aenea
626 3628 689 3691 sine
709 3649 723 3690 s
744 3628 832 3690 Vanu
852 3628 922 3690 dixit
944 3629 973 3689 in
996 3630 1056 3708 Age
1080 3627 1176 3688 modo.

270 3733 393 3797 Acribus
414 3733 567 3796 Lucretius
587 3731 629 3805 ll,

718 3832 920 3912 pulsabant
947 3832 1102 3895 aeribus
1124 3851 1226 3907 aera,

197 3964 529 3977 -—

254 4056 400 4106 inlittera
418 4054 444 4102 N
459 4053 615 4105 utiterum:
639 4070 669 4105 us
688 4054 786 4121 syllaba
803 4057 908 4105 coniecit
927 4056 1121 4109 Linicnraaaus.
1151 4055 1266 4106 elittern
1284 4059 1385 4120 scripsi
1421 4076 1478 4109 nem

184 4129 281 4178 nomina
296 4142 360 4192 quse
375 4142 405 4176 er
419 4125 493 4188 pinita
510 4139 524 4173 e
540 4126 648 4176 litteram
663 4127 688 4175 iu
707 4127 873 4176 declinatione
886 4127 1006 4189 perdant,
1025 4143 1074 4191 qun
1091 4126 1123 4176 de
1141 4142 1170 4176 re
1185 4129 1210 4176 ia
1228 4127 1315 4177 eodem
1332 4133 1478 4192 quaestione

184 4199 251 4249 imit
266 4198 414 4247 Priscianus
427 4210 456 4258 p·
478 4192 539 4255 663,
556 4197 651 4261 respici
666 4204 760 4246 certum
775 4196 915 4250 sitiebatur.
940 4200 1046 4262 reliqua,
1064 4197 1089 4246 ia
1103 4196 1190 4262 quidus
1206 4198 1267 4263 qnid
1281 4197 1402 4249 tidros-ins
1417 4214 1478 4262 pec-

182 4268 287 4331 emerit,
305 4267 366 4332 quid
376 4265 552 4332 grurmuoticsa
568 4267 741 4317 arsenicon
756 4274 864 4331 constat,
883 4269 974 4332 reliqui
1043 4265 1116 4317 litut
1132 4268 1209 4318 maia.
1228 4268 1307 4317 motas
1325 4267 1410 4318 ‹ieteta
1427 4286 1478 4320 naa

182 4339 270 4389 littera
288 4336 314 4386 N
399 4332 522 4399 Sisenna]
546 4335 580 4398 cs.
605 4335 704 4388 Cissis.
729 4350 758 4400 p.
781 4335 815 4387 83
903 4338 936 4388 12
958 4345 1058 4403 patrum
1083 4336 1193 4388 familias
1211 4338 1395 4388 consuetudine
1415 4338 1476 4399 (om.

183 4404 253 4471 cum)
271 4406 298 4456 N
365 4414 437 4471 pater
456 4403 565 4455 familias
581 4420 627 4455 om.
643 4405 669 4455 N
739 4405 771 4457 13
789 4407 873 4457 dicere
889 4407 914 4457 N
989 4406 1209 4472 taionnacus]
1230 4409 1303 4468 1114,
1323 4407 1374 4458 114
1447 4411 1479 4462 16

183 4477 335 4528 altrinsecus
352 4473 606 4584 Fabrieiupioalterius
624 4491 698 4527 secus
718 4491 739 4525 ω
819 4477 849 4527 17
867 4479 983 4529 lacunam
997 4494 1048 4545 qna
1060 4477 1149 4530 Rutilii
1163 4478 1241 4528 verta
1258 4478 1350 4529 Anasta
1366 4487 1425 4529 cant
1441 4482 1477 4530 in-

184 4596 268 4648 dicaci
338 4596 474 4649 18aclau
492 4594 598 4663 pulchro
617 4595 643 4644 N
711 4593 744 4646 lu
764 4593 828 4646 libro
847 4599 919 4648 tertio
937 4616 958 4650 ω
1027 4596 1215 4651 uenienti
1294 4600 1432 4651 Plutum.
1452 4601 1477 4650 N

252 4665 286 4717 26
304 4666 352 4717 boc
371 4682 417 4717 om.
437 4666 465 4717 N
548 4666 599 4717 dici
621 4680 667 4717 om.
684 4664 722 4713 N:
746 4664 798 4715 dici
816 4667 890 4718 debet
908 4668 966 4733 (om.
986 4665 1034 4732 ita)
1059 4667 1192 4719 Fabricius
1279 4671 1312 4719 27
1340 4670 1426 4735 signifi
1451 4671 1478 4721 N

183 4734 340 4801 significabis
357 4753 378 4787 ω
461 4735 496 4788 28
514 4735 618 4804 eglogas
634 4734 661 4785 N
738 4733 846 4787 30hist.
866 4739 886 4788 l.
904 4739 929 4788 N
1001 4738 1035 4790 :32
1053 4740 1078 4788 iu
1097 4736 1252 4789 Archemoro
1271 4738 1404 4789 dubricius

182 4805 216 4860 33
234 4802 353 4874 Acribus]
372 4806 470 4859 Obortis.
487 4822 514 4870 p.
534 4808 568 4857 72
592 4828 603 4839 ·
636 4802 779 4870 Lricretius]
799 4804 872 4860 1136
