3114 5356
502 312 633 374 thttr
657 313 767 375 Glblbl.
789 312 860 374 LlB,
882 312 894 372 l

100 442 124 485 p
136 428 171 471 ss
185 428 213 470 ss
227 427 252 470 n.

53 502 103 563 sed
126 510 156 563 et
176 500 351 578 Vergilius
343 519 373 560 ιιι
395 496 531 589 VQ

380 556 581 681 versatque
603 603 725 663 tenaci
754 603 901 683 forcipe
923 605 1069 663 serrum.

133 707 176 768 dd
195 702 305 786 aequas
326 724 362 767 an
383 703 419 764 ad
441 721 532 782 aquas
553 723 657 765 locare
680 704 735 765 diei
764 705 868 767 debeat
889 704 1052 784 quaesitum
1081 709 1136 763 est
1180 701 1227 779 qui
1251 720 1341 780 aquas

59 807 153 870 dicunt
177 816 316 870 enarrant
343 802 421 883 quod
450 825 486 867 ex
511 805 576 867 luco
605 809 796 868 Camenarum
824 826 899 886 aqua
927 806 1061 886 religiosa
1093 802 1198 864 adferri
1234 803 1342 877 soleret

38 911 223 988 apurilicandi
246 927 346 971 causa.
398 908 449 969 sed
476 908 579 970 molius
608 909 644 968 ad
672 927 795 987 aequas,
824 912 900 990 quod
928 909 996 971 olim
1022 925 1126 986 greges
1148 924 1289 984 equomm
1311 906 1341 966 irr

61 1013 162 1075 circum
185 1011 399 1075 inducebantur
421 1009 518 1088 ibique
540 1029 593 1089 per
612 1012 753 1091 populum
774 1031 863 1074 cursu
886 1010 1092 1091 aequabantur.

135 1115 223 1176 lbuea
253 1132 374 1176 uvarum
406 1120 434 1174 et
462 1110 595 1172 maehina
623 1110 695 1171 belli
722 1113 845 1175 dicitur,
889 1114 967 1175 baec
995 1110 1341 1192 distinguenda-quidam

63 1217 234 1291 existimant,
262 1225 296 1278 ut
320 1215 397 1276 aliud
423 1233 476 1295 per
501 1214 534 1287 ὅ,
564 1214 640 1275 aliud
661 1233 715 1294 per
735 1180 953 1296 e⁰proleratun
997 1216 1049 1277 sed
1072 1233 1138 1275 cum
1156 1221 1291 1276 auctores
1313 1215 1341 1276 id

64 1337 116 1379 uon
133 1317 366 1393 observaverint,
386 1335 598 1397 supervacuum
616 1326 661 1378 est
684 1337 739 1379 nos
760 1318 931 1393 observare,
951 1319 1122 1399 praesertim
1145 1336 1211 1379 curn
1234 1316 1263 1378 in
1279 1316 1343 1377 aliis

37 1440 114 1485 suorr
141 1421 364 1501 distinguamus.
409 1439 475 1481 nam
500 1419 668 1517 scorpium
674 1427 732 1482 tam
763 1421 868 1482 animal
896 1421 1077 1501 appellamus
1104 1439 1191 1500 quam
1218 1419 1342 1481 militare

63 1531 245 1600 tormentum;
266 1524 334 1585 item
357 1522 502 1583 muselum
525 1530 554 1581 et
575 1521 704 1582 arietem

136 1625 261 1687 Barbam
284 1624 498 1704 singularitcr'
490 1642 519 1683 m
542 1643 601 1685 uno
619 1624 736 1685 bomine
759 1633 852 1701 recte,
875 1626 1053 1706 pluraliter'
1046 1645 1076 1686 m
1097 1624 1230 1705 pluribus
1251 1624 1341 1687 dieas

62 1745 121 1789 nam
143 1737 172 1789 et
194 1728 336 1808 tergibus
357 1729 394 1789 de
415 1725 549 1807 pluribus
571 1727 610 1788 ait

217 1830 406 1909 stiriaque
428 1829 578 1909 inpexis
605 1829 777 1891 induruit
797 1829 947 1890 borrida
975 1830 1113 1893 barbis.

38 1941 150 1995 sermm
178 1934 256 1995 enim
283 1934 332 2010 qui
359 1934 389 1995 in
418 1931 583 1992 bominibus
611 1931 745 2006 barbam,
772 1932 801 1991 in
833 1932 922 1992 lrircis
951 1933 1056 1993 barbas
1079 1932 1134 1992 dici
1156 1940 1339 2012 putaverunt

62 2054 120 2097 nam
141 2036 189 2097 bic
210 2036 248 2096 de
268 2035 435 2097 bominibus
456 2018 597 2112 lbrgilius
617 2034 758 2113 loquitur,
781 2035 910 2112 quamvis
932 2043 961 2094 et
980 2035 1127 2096 bircorum
1150 2035 1250 2096 dixerit
1275 2035 1341 2095 bar-

61 2137 122 2211 bas,
143 2139 213 2213 sed,
233 2147 265 2199 ut
287 2138 360 2214 dixi,
382 2136 549 2199 multorum.

136 2239 252 2304 lnberbi
268 2249 365 2302 autem
385 2240 530 2313 dicuutur,
553 2259 611 2300 non
634 2238 780 2302 inberbes.
804 2239 847 2299 sic
868 2239 944 2300 onim
966 2248 995 2301 ct
1016 2242 1104 2301 Varro
1126 2238 1163 2300 de
1178 2236 1340 2300 actionibus

60 2343 178 2404 scenicis
196 2343 229 2418 V,
253 2341 417 2404 ‘inberbi
445 2342 634 2415 iurenes';
656 2342 707 2402 sed
730 2349 759 2401 ct
771 2339 872 2403 Cicero
896 2341 1111 2403 ‘irrberbum
1134 2339 1340 2421 perduxit’‚

28 2461 111 2504 snon
140 2443 309 2520 inberbem,
338 2453 367 2504 et
395 2443 531 2505 lialendis
559 2444 698 2505 ianuariis
725 2443 761 2503 de
786 2444 850 2522 lege
876 2445 986 2522 agraria
1015 2442 1189 2505 ‘inberba
1212 2443 1341 2503 iuren-

58 2551 161 2608 trrtc’.
204 2547 289 2608 Titus
309 2546 406 2608 Lirius
428 2553 524 2607 autem
546 2546 635 2607 XVlll
663 2545 1049 2625 inberbissingrrlariter.

137 2649 216 2711 llaec
244 2651 317 2709 lrcus
346 2660 375 2708 et
401 2647 456 2708 bae
483 2649 530 2709 lrci
561 2658 590 2711 ct
616 2650 670 2710 bas
698 2652 770 2711 lrcos
793 2650 868 2710 lacit
913 2649 1063 2727 genetivus
1086 2648 1163 2709 eninr
1186 2645 1340 2725 singularis

56 2750 138 2812 buius
161 2752 224 2821 dci,
242 2768 302 2811 non
326 2750 413 2811 buius
436 2750 593 2833 fieus,est;
618 2759 647 2811 et
667 2751 794 2813 Luc-ilius

380 2853 447 2914 lici
470 2853 563 2932 inquit
584 2852 833 2915 comeduntur
855 2863 889 2915 et
910 2873 1011 2930 uvae,

22 2962 83 3014 zet

218 3056 396 3118 adsiduas
419 3058 522 3119 licos.
544 3054 549 3140 Ι

57 3157 105 3217 scd
126 3159 214 3218 Varro
236 3187 255 3221 s
280 3157 341 3218 ‘de
360 3159 435 3220 lieu
456 3179 494 3220 se
518 3160 738 3241 suspendit’
759 3159 882 3220 diceudo
906 3160 985 3221 dedit
1008 3156 1125 3243 mullltis
1144 3159 1288 3220 licentiam
1308 3167 1340 3219 ut

57 3259 109 3320 bac
126 3269 154 3320 et
175 3260 229 3321 lras
248 3264 320 3321 licus
344 3260 489 3336 dicerent,
526 3262 603 3340 quod
629 3280 771 3342 usurpare
794 3260 949 3323 maluimus
969 3270 1090 3342 propter
1113 3262 1340 3343 cacemplraton;

57 3361 91 3421 de
112 3380 166 3441 rpra
188 3382 220 3424 re
234 3361 372 3423 llartialis
397 3363 610 3441 elegantissime
633 3363 791 3444 inquiram·
813 3364 851 3423 ait
874 3365 950 3424 enirn

26 3485 48 3526 as
202 3483 295 3560 'cum
317 3466 389 3525 diri
409 3467 524 3540 licus,
554 3466 654 3528 rides
679 3465 786 3545 quasi
810 3465 967 3527 barbara
992 3464 1114 3539 rerba,

122 3736 291 3845 ll'erquins]
309 3738 376 3792 Aen
395 3739 454 3789 Vlll
473 3740 524 3792 453
593 3743 779 3804 tuersautque
797 3755 818 3789 ω
888 3740 980 3791 dluco
1002 3714 1197 3790 amenammN
1262 3738 1339 3803 bpa-

59 3858 166 3911 riliesndi
190 3861 273 3927 gratia
297 3861 435 3927 (deletor.
455 3858 555 3926 gratia)
578 3861 605 3910 N
695 3862 814 3913 'lliirrea
837 3867 903 3911 uuar
927 3869 951 3911 ct
970 3861 1087 3912 maclrina
1110 3858 1336 3944 distinguendab
1315 3858 1341 3907 N

59 3930 146 3980 Vincas
161 3945 268 3980 nuaram
287 3939 311 3979 et
328 3929 458 3980 machinas
477 3931 669 4015 distinguendas
694 3931 841 3983 Putsclrr'rss:
864 3934 940 3981 uinea
961 3947 1067 3983 uuarurn
1087 3939 1112 3980 et
1129 3933 1205 3981 uinea
1221 3928 1339 3981 machina

59 3998 111 4050 nelli
129 4001 222 4051 dicitnr
237 4016 256 4065 p
341 4000 373 4052 10
390 4014 449 4050 nam
465 4008 516 4050 tam
532 4004 660 4069 scorpium
678 4002 771 4052 animal
788 4002 827 4051 N:
846 4001 967 4067 Scorpius
985 4001 1079 4052 animal
1098 4008 1122 4051 et
1138 4002 1254 4066 scorpius
1271 3998 1339 4049 mili·
1397 4046 1404 4058 ,

58 4077 302 4133 taretermentnmp
374 4069 403 4120 ll
422 4070 564 4121 musculum
584 4073 717 4124 Fabricius
802 4070 990 4138 ravengarius]
1008 4087 1098 4138 peorp.
1117 4073 1152 4122 lll
1171 4070 1222 4124 366
1306 4066 1339 4118 16

58 4139 162 4207 ιὶίιιιιίι]
184 4156 272 4206 peorp.
291 4139 390 4191 111311
417 4155 464 4191 nec
491 4144 574 4192 minus
599 4145 694 4193 interea
718 4142 841 4192 barbas
834 4157 973 4206 rncanaque
997 4150 1081 4192 menta
1098 4140 1217 4208 Ginyplrii
1235 4138 1339 4188 tondent

10 4210 13 4227 '
58 4206 115 4261 birri
185 4209 218 4261 19
238 4210 378 4261 imberbum
395 4210 499 4276 protulit
516 4227 537 4262 ω
555 4212 686 4263 iuberbum
706 4211 825 4277 produxit
843 4228 900 4268 ecce
918 4212 1029 4278 orldopr
1043 4228 1071 4276 p.
1081 4212 1165 4274 2188,
1183 4210 1226 4260 nbi
1241 4208 1337 4258 inbium

58 4281 173 4343 produxit
188 4280 272 4330 codes
289 4281 437 4341 Parisinus,
462 4281 592 4332 inberbum
610 4282 676 4332 dixit
694 4280 928 4345 lsoatepesautcmss
1008 4283 1043 4335 20
1066 4281 1188 4332 ianuariis
1205 4297 1226 4330 ω
1251 4279 1339 4328 ianua·

57 4350 88 4399 ris
105 4351 132 4400 N
215 4350 248 4401 21
267 4349 338 4398 Titus
356 4348 518 4401 historiarum
532 4350 616 4403 Xllll
634 4367 655 4402 ur
741 4350 853 4402 inberbis
876 4348 1251 4420 singulorumomnem
1275 4349 1294 4398 l
1313 4362 1337 4401 ο

57 4419 169 4473 inberbes
187 4420 327 4484 uulgariter
342 4419 368 4468 N
388 4419 494 4469 imberbi
512 4422 651 4488 uulgariter
668 4419 817 4473 mursa:
844 4422 902 4473 licet
920 4423 997 4474 libias
1015 4422 1127 4474 inberbis
1140 4418 1281 4486 uulgarlter
1299 4417 1339 4467 di-

55 4492 149 4554 xesitp
224 4491 259 4539 22
276 4488 343 4538 llaec
360 4487 432 4555 liras]
453 4490 550 4544 Clrarr's.
565 4506 593 4555 p
612 4492 660 4543 103
734 4490 861 4558 24ιιιιιιι]
881 4508 985 4556 quaero
1059 4491 1094 4543 26
1110 4491 1176 4541 Asse
1194 4490 1260 4540 duas
1276 4486 1339 4537 licos

55 4563 152 4612 miscis
168 4559 200 4610 F.
216 4559 305 4609 Dorcas
322 4559 403 4608 Lucil
422 4566 472 4613 sat.
492 4563 539 4610 rel.
559 4564 609 4613 bre.
629 4562 679 4613 132
692 4576 721 4624 p.
744 4560 776 4613 16
792 4569 816 4612 et
834 4561 884 4613 166
969 4564 1003 4615 27
1020 4557 1118 4625 Varro]
1145 4560 1232 4611 Cicero
1247 4558 1339 4608 Fabri-

53 4633 109 4681 cs'ss.
139 4635 255 4682 ιιιαιιιαιιι
271 4643 322 4693 qua
345 4629 473 4680 Varronis
497 4634 633 4696 coemptum
650 4650 666 4681 n
687 4631 835 4682 Cbcrs'ss'ol.
854 4647 876 4686 c
894 4641 1017 4684 mrcatori
1033 4647 1086 4682 ersa
1102 4631 1195 4679 ιιοιιιίιιι
1213 4629 1340 4683 caeram

53 4697 160 4752 lassam
177 4708 216 4751 est
233 4699 350 4752 indicaui.
385 4714 496 4749 errorem
511 4703 662 4767 propnpasr't
682 4701 780 4751 Probus
803 4702 836 4752 rie
852 4698 1338 4766 aramachamatale

52 4767 183 4905 liclubqs
164 4767 301 4836 suspendit
317 4766 449 4819 Paucum
551 4773 585 4823 28
603 4768 664 4838 bse]
683 4770 747 4822 haec
763 4770 791 4820 N
892 4770 1036 4822 meenlston
1055 4770 1083 4820 N
1183 4767 1218 4819 29
1238 4767 1339 4819 blania-

61 4854 80 4890 ιι
149 4838 186 4891 65
1414 4836 1423 4853 “
